<?xml version="1.0" encoding="UTF-8"?>
<!DOCTYPE html PUBLIC "-//W3C//DTD XHTML 1.0 Transitional//EN"
    "http://www.w3.org/TR/xhtml1/DTD/xhtml1-transitional.dtd">
<html xmlns="http://www.w3.org/1999/xhtml" xml:lang="en" lang="en">
 <head>
  <title>
</title>
<meta http-equiv="Content-Type" content="text/html;charset=utf-8" />
  <meta name='ocr-system' content='tesseract 3.04.00' />
  <meta name='ocr-capabilities' content='ocr_page ocr_carea ocr_par ocr_line ocrx_word'/>
</head>
<body>
  <div class='ocr_page' id='page_1' title='image "./mnemosyne04verdgoog_0901.png"; bbox 0 0 5125 6150; ppageno 0'>
   <div class='ocr_carea' id='block_1_1' title="bbox 688 833 1505 922">
    <p class='ocr_par' dir='ltr' id='par_1_1' title="bbox 688 833 1505 922">
     <span class='ocr_line' id='line_1_1' title="bbox 688 833 1505 922; baseline -0.001 -25"><span class='ocrx_word' id='word_1_1' title='bbox 688 833 754 922; x_wconf 82' lang='grc'><strong>416</strong></span> <span class='ocrx_word' id='word_1_2' title='bbox 1052 850 1093 896; x_wconf 81' lang='lat' dir='ltr'><strong>ro</strong></span> <span class='ocrx_word' id='word_1_3' title='bbox 1117 848 1345 896; x_wconf 78' lang='lat' dir='ltr'><strong>nnisrornnure</strong></span> <span class='ocrx_word' id='word_1_4' title='bbox 1369 849 1505 896; x_wconf 80' lang='lat' dir='ltr'><strong>rnurun.</strong></span> 
     </span>
    </p>
   </div>
   <div class='ocr_carea' id='block_1_2' title="bbox 623 1011 1883 2998">
    <p class='ocr_par' dir='ltr' id='par_1_2' title="bbox 685 1011 1876 1305">
     <span class='ocr_line' id='line_1_2' title="bbox 685 1011 1876 1100; baseline -0.003 -21"><span class='ocrx_word' id='word_1_5' title='bbox 685 1036 759 1079; x_wconf 93' lang='lat' dir='ltr'><strong>nam</strong></span> <span class='ocrx_word' id='word_1_6' title='bbox 789 1018 822 1078; x_wconf 90' lang='lat' dir='ltr'><strong>in</strong></span> <span class='ocrx_word' id='word_1_7' title='bbox 854 1017 923 1100; x_wconf 88' lang='lat' dir='ltr'><strong>ipsa</strong></span> <span class='ocrx_word' id='word_1_8' title='bbox 955 1015 1012 1079; x_wconf 89' lang='lat' dir='ltr'><strong>hac</strong></span> <span class='ocrx_word' id='word_1_9' title='bbox 1043 1012 1151 1078; x_wconf 85' lang='lat' dir='ltr'><strong>fabula</strong></span> <span class='ocrx_word' id='word_1_10' title='bbox 1183 1013 1266 1077; x_wconf 90' lang='lat' dir='ltr'><strong>redit</strong></span> <span class='ocrx_word' id='word_1_11' title='bbox 1297 1015 1479 1077; x_wconf 80' lang='lat' dir='ltr'><strong>recentioris</strong></span> <span class='ocrx_word' id='word_1_12' title='bbox 1501 1015 1615 1077; x_wconf 89' lang='lat' dir='ltr'><strong>aetatis</strong></span> <span class='ocrx_word' id='word_1_13' title='bbox 1638 1012 1698 1077; x_wconf 92' lang='lat' dir='ltr'><strong>hoc</strong></span> <span class='ocrx_word' id='word_1_14' title='bbox 1720 1011 1876 1076; x_wconf 87' lang='lat' dir='ltr'><strong>indicium</strong></span> 
     </span>
     <span class='ocr_line' id='line_1_3' title="bbox 686 1119 895 1199; baseline -0.01 -14"><span class='ocrx_word' id='word_1_15' title='bbox 686 1128 746 1199; x_wconf 93' lang='lat' dir='ltr'><strong>(vs.</strong></span> <span class='ocrx_word' id='word_1_16' title='bbox 773 1119 895 1198; x_wconf 65' lang='lat' dir='ltr'><strong>nab:</strong></span> 
     </span>
     <span class='ocr_line' id='line_1_4' title="bbox 868 1219 1584 1305; baseline -0.004 -15"><span class='ocrx_word' id='word_1_17' title='bbox 868 1219 916 1305; x_wconf 75' lang='grc' dir='ltr'><strong>ἆρ’</strong></span> <span class='ocrx_word' id='word_1_18' title='bbox 941 1225 1118 1304; x_wconf 67' lang='grc' dir='ltr'><strong><em>ὠφελήσαις</em></strong></span> <span class='ocrx_word' id='word_1_19' title='bbox 1141 1222 1180 1287; x_wconf 76' lang='grc' dir='ltr'><strong>ἄν</strong></span> <span class='ocrx_word' id='word_1_20' title='bbox 1204 1247 1233 1288; x_wconf 81' lang='grc' dir='ltr'><strong>τι</strong></span> <span class='ocrx_word' id='word_1_21' title='bbox 1257 1223 1309 1289; x_wconf 78' lang='grc' dir='ltr'><strong>τὸν</strong></span> <span class='ocrx_word' id='word_1_22' title='bbox 1333 1228 1449 1289; x_wconf 79' lang='grc' dir='ltr'><strong><em>σαυτοῦ</em></strong></span> <span class='ocrx_word' id='word_1_23' title='bbox 1474 1224 1584 1303; x_wconf 56' lang='lat' dir='ltr'><strong>&lt;bitom</strong></span> 
     </span>
    </p>

    <p class='ocr_par' dir='ltr' id='par_1_3' title="bbox 623 1328 1879 2145">
     <span class='ocr_line' id='line_1_5' title="bbox 686 1328 1878 1415; baseline -0.003 -21"><span class='ocrx_word' id='word_1_24' title='bbox 686 1334 741 1415; x_wconf 93' lang='lat' dir='ltr'><strong>qui</strong></span> <span class='ocrx_word' id='word_1_25' title='bbox 765 1351 876 1396; x_wconf 89' lang='lat' dir='ltr'><strong>versus</strong></span> <span class='ocrx_word' id='word_1_26' title='bbox 900 1351 918 1395; x_wconf 91' lang='lat' dir='ltr'><strong>a</strong></span> <span class='ocrx_word' id='word_1_27' title='bbox 941 1333 1062 1395; x_wconf 88' lang='lat' dir='ltr'><strong>criticis</strong></span> <span class='ocrx_word' id='word_1_28' title='bbox 1087 1332 1202 1394; x_wconf 88' lang='lat' dir='ltr'><strong>tentari</strong></span> <span class='ocrx_word' id='word_1_29' title='bbox 1226 1351 1289 1394; x_wconf 90' lang='lat' dir='ltr'><strong>non</strong></span> <span class='ocrx_word' id='word_1_30' title='bbox 1311 1328 1409 1406; x_wconf 89' lang='lat' dir='ltr'><strong>solet,</strong></span> <span class='ocrx_word' id='word_1_31' title='bbox 1430 1351 1532 1415; x_wconf 92' lang='lat' dir='ltr'><strong>neque</strong></span> <span class='ocrx_word' id='word_1_32' title='bbox 1551 1328 1710 1414; x_wconf 90' lang='lat' dir='ltr'><strong>quomodo</strong></span> <span class='ocrx_word' id='word_1_33' title='bbox 1734 1328 1878 1414; x_wconf 89' lang='lat' dir='ltr'><strong>probabi-</strong></span> 
     </span>
     <span class='ocr_line' id='line_1_6' title="bbox 685 1434 1877 1520; baseline -0.002 -20"><span class='ocrx_word' id='word_1_34' title='bbox 685 1435 760 1500; x_wconf 90' lang='lat' dir='ltr'><strong>liter</strong></span> <span class='ocrx_word' id='word_1_35' title='bbox 790 1438 912 1500; x_wconf 81' lang='lat' dir='ltr'><strong>mutari</strong></span> <span class='ocrx_word' id='word_1_36' title='bbox 942 1438 1042 1520; x_wconf 82' lang='lat' dir='ltr'>possit</span> <span class='ocrx_word' id='word_1_37' title='bbox 1073 1434 1165 1500; x_wconf 89' lang='lat' dir='ltr'><strong>video</strong></span> <span class='ocrx_word' id='word_1_38' title='bbox 1189 1435 1348 1520; x_wconf 83' lang='lat' dir='ltr'><strong>equidem.</strong></span> <span class='ocrx_word' id='word_1_39' title='bbox 1373 1434 1442 1500; x_wconf 86' lang='lat' dir='ltr'><strong>Hac</strong></span> <span class='ocrx_word' id='word_1_40' title='bbox 1465 1437 1568 1520; x_wconf 82' lang='lat' dir='ltr'><strong>igitur</strong></span> <span class='ocrx_word' id='word_1_41' title='bbox 1592 1456 1625 1500; x_wconf 91' lang='lat' dir='ltr'><strong>re</strong></span> <span class='ocrx_word' id='word_1_42' title='bbox 1649 1456 1713 1498; x_wconf 92' lang='lat' dir='ltr'><strong>non</strong></span> <span class='ocrx_word' id='word_1_43' title='bbox 1736 1454 1877 1498; x_wconf 91' lang='lat' dir='ltr'><strong>moveor.</strong></span> 
     </span>
     <span class='ocr_line' id='line_1_7' title="bbox 623 1538 1878 1625; baseline -0.004 -17"><span class='ocrx_word' id='word_1_44' title='bbox 623 1599 629 1608; x_wconf 91' lang='lat'>.</span> <span class='ocrx_word' id='word_1_45' title='bbox 685 1540 748 1607; x_wconf 82' lang='lat' dir='ltr'><strong>Sed</strong></span> <span class='ocrx_word' id='word_1_46' title='bbox 779 1542 835 1616; x_wconf 77' lang='grc' dir='ltr'><strong>μὲν</strong></span> <span class='ocrx_word' id='word_1_47' title='bbox 866 1538 914 1606; x_wconf 79' lang='grc' dir='ltr'><strong>οὖν</strong></span> <span class='ocrx_word' id='word_1_48' title='bbox 944 1540 1136 1625; x_wconf 87' lang='lat' dir='ltr'><strong>particulas,</strong></span> <span class='ocrx_word' id='word_1_49' title='bbox 1168 1541 1252 1605; x_wconf 79' lang='lat' dir='ltr'><strong>immo</strong></span> <span class='ocrx_word' id='word_1_50' title='bbox 1282 1563 1361 1618; x_wconf 82' lang='lat' dir='ltr'><strong>cero,</strong></span> <span class='ocrx_word' id='word_1_51' title='bbox 1386 1542 1460 1605; x_wconf 91' lang='lat' dir='ltr'><strong>hinc</strong></span> <span class='ocrx_word' id='word_1_52' title='bbox 1484 1540 1602 1606; x_wconf 85' lang='lat' dir='ltr'><strong>alienas</strong></span> <span class='ocrx_word' id='word_1_53' title='bbox 1625 1540 1772 1605; x_wconf 81' lang='lat' dir='ltr'><strong>arbitror.</strong></span> <span class='ocrx_word' id='word_1_54' title='bbox 1798 1538 1878 1619; x_wconf 78' lang='lat' dir='ltr'><strong>Quid</strong></span> 
     </span>
     <span class='ocr_line' id='line_1_8' title="bbox 686 1642 1879 1731; baseline -0.003 -20"><span class='ocrx_word' id='word_1_55' title='bbox 686 1644 793 1711; x_wconf 82' lang='lat' dir='ltr'><strong>enim?</strong></span> <span class='ocrx_word' id='word_1_56' title='bbox 825 1645 957 1711; x_wconf 79' lang='lat' dir='ltr'><strong>Dixerat</strong></span> <span class='ocrx_word' id='word_1_57' title='bbox 981 1646 1111 1711; x_wconf 86' lang='lat' dir='ltr'><strong>vetula:</strong></span> <span class='ocrx_word' id='word_1_58' title='bbox 1145 1647 1267 1724; x_wconf 82' lang='lat' dir='ltr'><strong>„dolore</strong></span> <span class='ocrx_word' id='word_1_59' title='bbox 1290 1647 1471 1710; x_wconf 82' lang='lat' dir='ltr'><strong>contobui!”</strong></span> <span class='ocrx_word' id='word_1_60' title='bbox 1496 1646 1577 1711; x_wconf 90' lang='lat' dir='ltr'><strong>Dein</strong></span> <span class='ocrx_word' id='word_1_61' title='bbox 1601 1642 1798 1731; x_wconf 82' lang='lat' dir='ltr'><strong>Ghremylus</strong></span> <span class='ocrx_word' id='word_1_62' title='bbox 1820 1667 1879 1710; x_wconf 92' lang='lat' dir='ltr'><strong>non</strong></span> 
     </span>
     <span class='ocr_line' id='line_1_9' title="bbox 687 1750 1878 1837; baseline -0.003 -19"><span class='ocrx_word' id='word_1_63' title='bbox 687 1752 727 1818; x_wconf 88' lang='lat' dir='ltr'><strong>ad</strong></span> <span class='ocrx_word' id='word_1_64' title='bbox 754 1753 840 1815; x_wconf 80' lang='lat' dir='ltr'><strong>illam</strong></span> <span class='ocrx_word' id='word_1_65' title='bbox 864 1752 919 1817; x_wconf 87' lang='lat' dir='ltr'><strong>sed</strong></span> <span class='ocrx_word' id='word_1_66' title='bbox 942 1775 1037 1816; x_wconf 83' lang='lat' dir='ltr'><strong>aecum</strong></span> <span class='ocrx_word' id='word_1_67' title='bbox 1061 1750 1112 1817; x_wconf 85' lang='lat' dir='ltr'><strong>vel</strong></span> <span class='ocrx_word' id='word_1_68' title='bbox 1135 1752 1174 1816; x_wconf 94' lang='lat' dir='ltr'><strong>ad</strong></span> <span class='ocrx_word' id='word_1_69' title='bbox 1196 1759 1375 1833; x_wconf 71' lang='lat' dir='ltr'><strong>spectatores</strong></span> <span class='ocrx_word' id='word_1_70' title='bbox 1401 1789 1440 1802; x_wconf 91' lang='lat'><strong>—·</strong></span> <span class='ocrx_word' id='word_1_71' title='bbox 1467 1757 1504 1816; x_wconf 85' lang='lat' dir='ltr'><strong>ut</strong></span> <span class='ocrx_word' id='word_1_72' title='bbox 1528 1774 1624 1837; x_wconf 87' lang='lat' dir='ltr'><strong>supra</strong></span> <span class='ocrx_word' id='word_1_73' title='bbox 1647 1751 1754 1816; x_wconf 84' lang='lat' dir='ltr'><strong>multa</strong></span> <span class='ocrx_word' id='word_1_74' title='bbox 1771 1750 1795 1831; x_wconf 90' lang='lat'><strong>¹)</strong></span> <span class='ocrx_word' id='word_1_75' title='bbox 1821 1771 1878 1814; x_wconf 94' lang='lat'><strong>-:</strong></span> 
     </span>
     <span class='ocr_line' id='line_1_10' title="bbox 690 1856 1879 1942; baseline 0 -22"><span class='ocrx_word' id='word_1_76' title='bbox 690 1858 795 1935; x_wconf 80' lang='lat' dir='ltr'><strong>„immo</strong></span> <span class='ocrx_word' id='word_1_77' title='bbox 815 1858 1027 1938; x_wconf 77' lang='lat' dir='ltr'><strong>computruisse</strong></span> <span class='ocrx_word' id='word_1_78' title='bbox 1044 1857 1119 1921; x_wconf 80' lang='lat' dir='ltr'><strong>mihi</strong></span> <span class='ocrx_word' id='word_1_79' title='bbox 1138 1856 1285 1934; x_wconf 77' lang='lat' dir='ltr'><strong>videria&#39;’,</strong></span> <span class='ocrx_word' id='word_1_80' title='bbox 1306 1878 1419 1942; x_wconf 82' lang='lat' dir='ltr'><strong>perum</strong></span> <span class='ocrx_word' id='word_1_81' title='bbox 1440 1878 1514 1922; x_wconf 91' lang='lat' dir='ltr'><strong>sane</strong></span> <span class='ocrx_word' id='word_1_82' title='bbox 1536 1858 1671 1934; x_wconf 86' lang='lat' dir='ltr'><strong>urbane,</strong></span> <span class='ocrx_word' id='word_1_83' title='bbox 1691 1877 1753 1920; x_wconf 91' lang='lat' dir='ltr'><strong>non</strong></span> <span class='ocrx_word' id='word_1_84' title='bbox 1774 1862 1879 1920; x_wconf 87' lang='lat' dir='ltr'><strong>tamon</strong></span> 
     </span>
     <span class='ocr_line' id='line_1_11' title="bbox 687 1962 1879 2049; baseline -0.002 -22"><span class='ocrx_word' id='word_1_85' title='bbox 687 1967 734 2027; x_wconf 91' lang='lat' dir='ltr'><strong>ita</strong></span> <span class='ocrx_word' id='word_1_86' title='bbox 759 1969 795 2027; x_wconf 89' lang='lat' dir='ltr'><strong>ut</strong></span> <span class='ocrx_word' id='word_1_87' title='bbox 818 1966 975 2028; x_wconf 90' lang='lat' dir='ltr'><strong>sermonis</strong></span> <span class='ocrx_word' id='word_1_88' title='bbox 998 1964 1177 2047; x_wconf 88' lang='lat' dir='ltr'><strong>quotidiani</strong></span> <span class='ocrx_word' id='word_1_89' title='bbox 1201 1962 1279 2027; x_wconf 89' lang='lat' dir='ltr'><strong>fines</strong></span> <span class='ocrx_word' id='word_1_90' title='bbox 1303 1962 1517 2049; x_wconf 80' lang='lat' dir='ltr'><strong>egrederetur,</strong></span> <span class='ocrx_word' id='word_1_91' title='bbox 1542 1966 1595 2028; x_wconf 90' lang='lat' dir='ltr'><strong>cui</strong></span> <span class='ocrx_word' id='word_1_92' title='bbox 1616 1962 1735 2042; x_wconf 76' lang='grc' dir='ltr'><strong><em>σασρδς</em></strong></span> <span class='ocrx_word' id='word_1_93' title='bbox 1759 1971 1879 2026; x_wconf 70' lang='lat' dir='ltr'><strong>ueterem</strong></span> 
     </span>
     <span class='ocr_line' id='line_1_12' title="bbox 686 2067 1747 2145; baseline -0.001 -12"><span class='ocrx_word' id='word_1_94' title='bbox 686 2067 830 2145; x_wconf 90' lang='lat' dir='ltr'><strong>valebat,</strong></span> <span class='ocrx_word' id='word_1_95' title='bbox 855 2075 893 2132; x_wconf 88' lang='lat' dir='ltr'><strong>ut</strong></span> <span class='ocrx_word' id='word_1_96' title='bbox 917 2089 933 2132; x_wconf 97' lang='lat' dir='ltr'><strong>e</strong></span> <span class='ocrx_word' id='word_1_97' title='bbox 958 2069 1076 2133; x_wconf 82' lang='lat' dir='ltr'><strong>crebris</strong></span> <span class='ocrx_word' id='word_1_98' title='bbox 1099 2067 1177 2133; x_wconf 90' lang='lat' dir='ltr'><strong>locis</strong></span> <span class='ocrx_word' id='word_1_99' title='bbox 1199 2071 1397 2132; x_wconf 85' lang='lat' dir='ltr'><strong>comicorum</strong></span> <span class='ocrx_word' id='word_1_100' title='bbox 1422 2071 1525 2133; x_wconf 86' lang='lat' dir='ltr'><strong>cuivis</strong></span> <span class='ocrx_word' id='word_1_101' title='bbox 1550 2074 1665 2134; x_wconf 89' lang='lat' dir='ltr'><strong>notum</strong></span> <span class='ocrx_word' id='word_1_102' title='bbox 1688 2076 1747 2133; x_wconf 89' lang='lat' dir='ltr'><strong>est.</strong></span> 
     </span>
    </p>

    <p class='ocr_par' dir='ltr' id='par_1_4' title="bbox 688 2172 1883 2998">
     <span class='ocr_line' id='line_1_13' title="bbox 734 2172 1881 2259; baseline 0 -22"><span class='ocrx_word' id='word_1_103' title='bbox 734 2173 815 2237; x_wconf 90' lang='lat' dir='ltr'><strong>Dein</strong></span> <span class='ocrx_word' id='word_1_104' title='bbox 839 2173 949 2238; x_wconf 87' lang='lat' dir='ltr'><strong>vetula</strong></span> <span class='ocrx_word' id='word_1_105' title='bbox 968 2195 1065 2259; x_wconf 89' lang='lat' dir='ltr'><strong>quam</strong></span> <span class='ocrx_word' id='word_1_106' title='bbox 1085 2176 1128 2237; x_wconf 88' lang='lat' dir='ltr'><strong>sit</strong></span> <span class='ocrx_word' id='word_1_107' title='bbox 1149 2172 1318 2238; x_wconf 90' lang='lat' dir='ltr'><strong>macilenta</strong></span> <span class='ocrx_word' id='word_1_108' title='bbox 1338 2195 1399 2258; x_wconf 91' lang='lat' dir='ltr'><strong>quo</strong></span> <span class='ocrx_word' id='word_1_109' title='bbox 1420 2175 1634 2239; x_wconf 78' lang='lat' dir='ltr'><strong>viridioribus</strong></span> <span class='ocrx_word' id='word_1_110' title='bbox 1654 2177 1754 2238; x_wconf 89' lang='lat' dir='ltr'><strong>etiam</strong></span> <span class='ocrx_word' id='word_1_111' title='bbox 1776 2174 1881 2238; x_wconf 86' lang='lat' dir='ltr'><strong>verbis</strong></span> 
     </span>
     <span class='ocr_line' id='line_1_14' title="bbox 688 2279 1880 2365; baseline 0.001 -24"><span class='ocrx_word' id='word_1_112' title='bbox 688 2281 864 2365; x_wconf 82' lang='lat' dir='ltr'><strong>exprimat:</strong></span> <span class='ocrx_word' id='word_1_113' title='bbox 898 2302 972 2360; x_wconf 78' lang='lat' dir='ltr'><strong>„per</strong></span> <span class='ocrx_word' id='word_1_114' title='bbox 1006 2279 1127 2342; x_wconf 81' lang='lat' dir='ltr'><strong>anulum</strong></span> <span class='ocrx_word' id='word_1_115' title='bbox 1158 2279 1276 2342; x_wconf 77' lang='lat' dir='ltr'><strong>tradere</strong></span> <span class='ocrx_word' id='word_1_116' title='bbox 1305 2302 1348 2342; x_wconf 84' lang='lat' dir='ltr'><strong>me</strong></span> <span class='ocrx_word' id='word_1_117' title='bbox 1372 2280 1495 2361; x_wconf 77' lang='lat' dir='ltr'><strong>poaria’&#39;</strong></span> <span class='ocrx_word' id='word_1_118' title='bbox 1521 2282 1584 2355; x_wconf 89' lang='lat' dir='ltr'><strong>ait,</strong></span> <span class='ocrx_word' id='word_1_119' title='bbox 1609 2279 1880 2363; x_wconf 87' lang='lat' dir='ltr'><strong>quemadmodum</strong></span> 
     </span>
     <span class='ocr_line' id='line_1_15' title="bbox 688 2382 1882 2469; baseline -0.002 -20"><span class='ocrx_word' id='word_1_120' title='bbox 688 2390 845 2449; x_wconf 82' lang='lat' dir='ltr'><strong>nostrates</strong></span> <span class='ocrx_word' id='word_1_121' title='bbox 875 2405 951 2448; x_wconf 91' lang='lat' dir='ltr'><strong>eum</strong></span> <span class='ocrx_word' id='word_1_122' title='bbox 982 2387 1035 2449; x_wconf 88' lang='lat' dir='ltr'><strong>cui</strong></span> <span class='ocrx_word' id='word_1_123' title='bbox 1066 2386 1172 2449; x_wconf 89' lang='lat' dir='ltr'><strong>tenuis</strong></span> <span class='ocrx_word' id='word_1_124' title='bbox 1202 2386 1300 2448; x_wconf 90' lang='lat' dir='ltr'><strong>nimis</strong></span> <span class='ocrx_word' id='word_1_125' title='bbox 1332 2387 1374 2448; x_wconf 91' lang='lat' dir='ltr'><strong>sit</strong></span> <span class='ocrx_word' id='word_1_126' title='bbox 1404 2385 1500 2449; x_wconf 82' lang='lat' dir='ltr'><strong>facies</strong></span> <span class='ocrx_word' id='word_1_127' title='bbox 1525 2405 1621 2461; x_wconf 89' lang='lat' dir='ltr'><strong>„oum</strong></span> <span class='ocrx_word' id='word_1_128' title='bbox 1645 2382 1805 2449; x_wconf 87' lang='lat' dir='ltr'><strong>cuniculis</strong></span> <span class='ocrx_word' id='word_1_129' title='bbox 1827 2404 1882 2469; x_wconf 89' lang='lat' dir='ltr'><strong>per</strong></span> 
     </span>
     <span class='ocr_line' id='line_1_16' title="bbox 689 2488 1883 2575; baseline 0.002 -23"><span class='ocrx_word' id='word_1_130' title='bbox 689 2495 894 2554; x_wconf 88' lang='lat' dir='ltr'><strong>transennam</strong></span> <span class='ocrx_word' id='word_1_131' title='bbox 926 2492 1011 2553; x_wconf 91' lang='lat' dir='ltr'><strong>vesci</strong></span> <span class='ocrx_word' id='word_1_132' title='bbox 1042 2489 1155 2574; x_wconf 88' lang='lat' dir='ltr'><strong>poese&#39;’</strong></span> <span class='ocrx_word' id='word_1_133' title='bbox 1191 2489 1301 2553; x_wconf 88' lang='lat' dir='ltr'><strong>dicunt</strong></span> <span class='ocrx_word' id='word_1_134' title='bbox 1324 2510 1462 2574; x_wconf 91' lang='lat' dir='ltr'><strong>eumque</strong></span> <span class='ocrx_word' id='word_1_135' title='bbox 1486 2492 1541 2574; x_wconf 88' lang='lat' dir='ltr'><strong>qni</strong></span> <span class='ocrx_word' id='word_1_136' title='bbox 1566 2491 1675 2554; x_wconf 91' lang='lat' dir='ltr'><strong>morbo</strong></span> <span class='ocrx_word' id='word_1_137' title='bbox 1700 2488 1752 2554; x_wconf 91' lang='lat' dir='ltr'><strong>vel</strong></span> <span class='ocrx_word' id='word_1_138' title='bbox 1775 2492 1883 2575; x_wconf 89' lang='lat' dir='ltr'><strong>inopia</strong></span> 
     </span>
     <span class='ocr_line' id='line_1_17' title="bbox 689 2592 1881 2682; baseline 0 -22"><span class='ocrx_word' id='word_1_139' title='bbox 689 2596 855 2660; x_wconf 90' lang='lat' dir='ltr'><strong>contabuit</strong></span> <span class='ocrx_word' id='word_1_140' title='bbox 888 2615 924 2670; x_wconf 82' lang='lat' dir='ltr'><strong>„e</strong></span> <span class='ocrx_word' id='word_1_141' title='bbox 956 2596 1158 2659; x_wconf 89' lang='lat' dir='ltr'><strong>vestimentis</strong></span> <span class='ocrx_word' id='word_1_142' title='bbox 1189 2597 1255 2657; x_wconf 92' lang='lat' dir='ltr'><strong>suis</strong></span> <span class='ocrx_word' id='word_1_143' title='bbox 1287 2593 1462 2658; x_wconf 88' lang='lat' dir='ltr'><strong>diffluere&#39;&#39;.</strong></span> <span class='ocrx_word' id='word_1_144' title='bbox 1498 2595 1569 2659; x_wconf 90' lang='lat' dir='ltr'><strong>Non</strong></span> <span class='ocrx_word' id='word_1_145' title='bbox 1600 2616 1676 2660; x_wconf 89' lang='lat' dir='ltr'><strong>vero</strong></span> <span class='ocrx_word' id='word_1_146' title='bbox 1705 2592 1881 2682; x_wconf 81' lang='lat' dir='ltr'><strong>Chremylo</strong></span> 
     </span>
     <span class='ocr_line' id='line_1_18' title="bbox 690 2699 1883 2784; baseline -0.001 -20"><span class='ocrx_word' id='word_1_147' title='bbox 690 2699 909 2784; x_wconf 88' lang='lat' dir='ltr'><strong>respondentis</strong></span> <span class='ocrx_word' id='word_1_148' title='bbox 942 2700 1019 2764; x_wconf 89' lang='lat' dir='ltr'><strong>haec</strong></span> <span class='ocrx_word' id='word_1_149' title='bbox 1050 2708 1142 2776; x_wconf 89' lang='lat' dir='ltr'><strong>sunt;</strong></span> <span class='ocrx_word' id='word_1_150' title='bbox 1175 2702 1267 2763; x_wconf 91' lang='lat' dir='ltr'><strong>cuius</strong></span> <span class='ocrx_word' id='word_1_151' title='bbox 1299 2700 1395 2765; x_wconf 83' lang='lat' dir='ltr'><strong>verba</strong></span> <span class='ocrx_word' id='word_1_152' title='bbox 1426 2699 1655 2765; x_wconf 87' lang='lat' dir='ltr'><strong>contumeliosa</strong></span> <span class='ocrx_word' id='word_1_153' title='bbox 1687 2722 1726 2765; x_wconf 88' lang='lat' dir='ltr'><strong>ne</strong></span> <span class='ocrx_word' id='word_1_154' title='bbox 1757 2701 1883 2766; x_wconf 91' lang='lat' dir='ltr'><strong>audivit</strong></span> 
     </span>
     <span class='ocr_line' id='line_1_19' title="bbox 688 2805 1883 2890; baseline 0.003 -22"><span class='ocrx_word' id='word_1_155' title='bbox 688 2805 818 2890; x_wconf 88' lang='lat' dir='ltr'><strong>quidem</strong></span> <span class='ocrx_word' id='word_1_156' title='bbox 843 2826 939 2881; x_wconf 88' lang='lat' dir='ltr'><strong>anus,</strong></span> <span class='ocrx_word' id='word_1_157' title='bbox 964 2826 1026 2869; x_wconf 91' lang='lat' dir='ltr'><strong>non</strong></span> <span class='ocrx_word' id='word_1_158' title='bbox 1051 2807 1136 2869; x_wconf 91' lang='lat' dir='ltr'><strong>enim</strong></span> <span class='ocrx_word' id='word_1_159' title='bbox 1161 2807 1320 2880; x_wconf 85' lang='lat' dir='ltr'><strong>irascitur,</strong></span> <span class='ocrx_word' id='word_1_160' title='bbox 1345 2807 1372 2868; x_wconf 89' lang='lat' dir='ltr'><strong>si</strong></span> <span class='ocrx_word' id='word_1_161' title='bbox 1396 2826 1472 2869; x_wconf 92' lang='lat' dir='ltr'><strong>vero</strong></span> <span class='ocrx_word' id='word_1_162' title='bbox 1495 2805 1671 2871; x_wconf 79' lang='lat' dir='ltr'><strong>audivisset</strong></span> <span class='ocrx_word' id='word_1_163' title='bbox 1691 2812 1723 2870; x_wconf 90' lang='lat' dir='ltr'><strong>et</strong></span> <span class='ocrx_word' id='word_1_164' title='bbox 1742 2807 1883 2872; x_wconf 88' lang='lat' dir='ltr'><strong>refutare</strong></span> 
     </span>
     <span class='ocr_line' id='line_1_20' title="bbox 689 2909 1883 2998; baseline -0.001 -21"><span class='ocrx_word' id='word_1_165' title='bbox 689 2911 863 2988; x_wconf 84' lang='lat' dir='ltr'><strong>voluisset,</strong></span> <span class='ocrx_word' id='word_1_166' title='bbox 888 2909 951 2974; x_wconf 85' lang='lat' dir='ltr'><strong>alia</strong></span> <span class='ocrx_word' id='word_1_167' title='bbox 974 2915 1081 2975; x_wconf 90' lang='lat' dir='ltr'><strong>omnia</strong></span> <span class='ocrx_word' id='word_1_168' title='bbox 1104 2910 1143 2974; x_wconf 89' lang='lat' dir='ltr'><strong>ad</strong></span> <span class='ocrx_word' id='word_1_169' title='bbox 1167 2932 1242 2975; x_wconf 90' lang='lat' dir='ltr'><strong>eum</strong></span> <span class='ocrx_word' id='word_1_170' title='bbox 1267 2909 1477 2976; x_wconf 87' lang='lat' dir='ltr'><strong>refellendum</strong></span> <span class='ocrx_word' id='word_1_171' title='bbox 1501 2911 1631 2976; x_wconf 81' lang='lat' dir='ltr'><strong>dixisset</strong></span> <span class='ocrx_word' id='word_1_172' title='bbox 1656 2915 1883 2998; x_wconf 89' lang='lat' dir='ltr'><strong>potiusquam</strong></span> 
     </span>
    </p>
   </div>
   <div class='ocr_carea' id='block_1_3' title="bbox 589 3015 1882 3105">
    <p class='ocr_par' dir='ltr' id='par_1_5' title="bbox 589 3015 1882 3105">
     <span class='ocr_line' id='line_1_21' title="bbox 589 3015 1882 3105; baseline 0 -23"><span class='ocrx_word' id='word_1_173' title='bbox 589 3054 592 3061; x_wconf 93' lang='lat'>·</span> <span class='ocrx_word' id='word_1_174' title='bbox 688 3018 775 3082; x_wconf 86' lang='lat' dir='ltr'><strong>haec.</strong></span> <span class='ocrx_word' id='word_1_175' title='bbox 808 3016 1007 3101; x_wconf 78' lang='lat' dir='ltr'><strong>Quapropter</strong></span> <span class='ocrx_word' id='word_1_176' title='bbox 1038 3038 1100 3082; x_wconf 94' lang='lat' dir='ltr'><strong>non</strong></span> <span class='ocrx_word' id='word_1_177' title='bbox 1131 3015 1243 3081; x_wconf 90' lang='lat' dir='ltr'><strong>dubito</strong></span> <span class='ocrx_word' id='word_1_178' title='bbox 1275 3018 1353 3101; x_wconf 91' lang='lat' dir='ltr'><strong>quin</strong></span> <span class='ocrx_word' id='word_1_179' title='bbox 1384 3037 1447 3081; x_wconf 85' lang='lat' dir='ltr'><strong>une</strong></span> <span class='ocrx_word' id='word_1_180' title='bbox 1477 3015 1586 3082; x_wconf 83' lang='lat' dir='ltr'><strong>littera</strong></span> <span class='ocrx_word' id='word_1_181' title='bbox 1615 3015 1718 3083; x_wconf 85' lang='lat' dir='ltr'><strong>deleta</strong></span> <span class='ocrx_word' id='word_1_182' title='bbox 1742 3039 1801 3105; x_wconf 90' lang='lat' dir='ltr'><strong>pro</strong></span> <span class='ocrx_word' id='word_1_183' title='bbox 1825 3021 1882 3097; x_wconf 78' lang='grc' dir='ltr'><strong>μὲν</strong></span> 
     </span>
    </p>
   </div>
   <div class='ocr_carea' id='block_1_4' title="bbox 687 3121 1884 3619">
    <p class='ocr_par' dir='ltr' id='par_1_6' title="bbox 687 3121 1884 3503">
     <span class='ocr_line' id='line_1_22' title="bbox 689 3121 1882 3210; baseline 0.003 -23"><span class='ocrx_word' id='word_1_184' title='bbox 689 3121 737 3189; x_wconf 81' lang='grc' dir='ltr'><strong>οὖν</strong></span> <span class='ocrx_word' id='word_1_185' title='bbox 761 3122 963 3187; x_wconf 88' lang='lat' dir='ltr'><strong>scribendum</strong></span> <span class='ocrx_word' id='word_1_186' title='bbox 988 3125 1029 3185; x_wconf 90' lang='lat' dir='ltr'><strong>sit</strong></span> <span class='ocrx_word' id='word_1_187' title='bbox 1054 3146 1094 3196; x_wconf 77' lang='grc' dir='ltr'><strong>με</strong></span> <span class='ocrx_word' id='word_1_188' title='bbox 1118 3126 1177 3185; x_wconf 81' lang='grc' dir='ltr'><strong><em>νῦν.</em></strong></span> <span class='ocrx_word' id='word_1_189' title='bbox 1209 3121 1262 3186; x_wconf 84' lang='lat' dir='ltr'><strong>Sic</strong></span> <span class='ocrx_word' id='word_1_190' title='bbox 1287 3127 1397 3187; x_wconf 91' lang='lat' dir='ltr'><strong>autem</strong></span> <span class='ocrx_word' id='word_1_191' title='bbox 1422 3131 1532 3206; x_wconf 89' lang='lat' dir='ltr'><strong>sponte</strong></span> <span class='ocrx_word' id='word_1_192' title='bbox 1556 3126 1717 3188; x_wconf 88' lang='lat' dir='ltr'><strong>evanescit</strong></span> <span class='ocrx_word' id='word_1_193' title='bbox 1744 3127 1882 3210; x_wconf 90' lang='lat' dir='ltr'><strong>optativi</strong></span> 
     </span>
     <span class='ocr_line' id='line_1_23' title="bbox 689 3228 1882 3314; baseline 0.003 -22"><span class='ocrx_word' id='word_1_194' title='bbox 689 3232 847 3293; x_wconf 89' lang='lat' dir='ltr'><strong>terminus</strong></span> <span class='ocrx_word' id='word_1_195' title='bbox 871 3230 1033 3304; x_wconf 83' lang='lat' dir='ltr'><strong>novicius,</strong></span> <span class='ocrx_word' id='word_1_196' title='bbox 1059 3249 1133 3292; x_wconf 91' lang='lat' dir='ltr'><strong>nam</strong></span> <span class='ocrx_word' id='word_1_197' title='bbox 1158 3234 1195 3291; x_wconf 89' lang='lat' dir='ltr'><strong>ut</strong></span> <span class='ocrx_word' id='word_1_198' title='bbox 1218 3231 1345 3291; x_wconf 89' lang='lat' dir='ltr'><strong>numeri</strong></span> <span class='ocrx_word' id='word_1_199' title='bbox 1368 3235 1530 3306; x_wconf 86' lang='lat' dir='ltr'><strong>constent,</strong></span> <span class='ocrx_word' id='word_1_200' title='bbox 1556 3250 1613 3314; x_wconf 90' lang='lat' dir='ltr'><strong>pro</strong></span> <span class='ocrx_word' id='word_1_201' title='bbox 1639 3228 1677 3293; x_wconf 74' lang='grc' dir='ltr'><strong>ἂν</strong></span> <span class='ocrx_word' id='word_1_202' title='bbox 1702 3228 1882 3301; x_wconf 71' lang='grc' dir='ltr'><strong><em>διελκύσαις</em></strong></span> 
     </span>
     <span class='ocr_line' id='line_1_24' title="bbox 687 3330 1884 3418; baseline 0.003 -21"><span class='ocrx_word' id='word_1_203' title='bbox 687 3337 753 3397; x_wconf 85' lang='lat' dir='ltr'><strong>iarn</strong></span> <span class='ocrx_word' id='word_1_204' title='bbox 784 3333 988 3398; x_wconf 88' lang='lat' dir='ltr'><strong>scribendum</strong></span> <span class='ocrx_word' id='word_1_205' title='bbox 1020 3339 1067 3397; x_wconf 86' lang='lat' dir='ltr'><strong>est</strong></span> <span class='ocrx_word' id='word_1_206' title='bbox 1099 3333 1289 3404; x_wconf 83' lang='grc' dir='ltr'><strong><em>διελκύσειας</em></strong></span> <span class='ocrx_word' id='word_1_207' title='bbox 1322 3330 1369 3397; x_wconf 75' lang='grc' dir='ltr'><strong>ἄν.</strong></span> <span class='ocrx_word' id='word_1_208' title='bbox 1395 3332 1482 3398; x_wconf 90' lang='lat' dir='ltr'><strong>Haec</strong></span> <span class='ocrx_word' id='word_1_209' title='bbox 1504 3336 1608 3418; x_wconf 76' lang='lat' dir='ltr'><strong>igitur</strong></span> <span class='ocrx_word' id='word_1_210' title='bbox 1632 3354 1708 3399; x_wconf 90' lang='lat' dir='ltr'><strong>vera</strong></span> <span class='ocrx_word' id='word_1_211' title='bbox 1731 3335 1815 3399; x_wconf 87' lang='lat' dir='ltr'><strong>mihi</strong></span> <span class='ocrx_word' id='word_1_212' title='bbox 1838 3339 1884 3401; x_wconf 88' lang='lat' dir='ltr'><strong>vi-</strong></span> 
     </span>
     <span class='ocr_line' id='line_1_25' title="bbox 689 3437 1051 3503; baseline 0.003 -2"><span class='ocrx_word' id='word_1_213' title='bbox 689 3438 783 3502; x_wconf 90' lang='lat' dir='ltr'><strong>detur</strong></span> <span class='ocrx_word' id='word_1_214' title='bbox 806 3460 916 3503; x_wconf 92' lang='lat' dir='ltr'><strong>versus</strong></span> <span class='ocrx_word' id='word_1_215' title='bbox 938 3437 1051 3502; x_wconf 91' lang='lat' dir='ltr'><strong>lectio:</strong></span> 
     </span>
    </p>

    <p class='ocr_par' dir='ltr' id='par_1_7' title="bbox 871 3541 1643 3619">
     <span class='ocr_line' id='line_1_26' title="bbox 871 3541 1643 3619; baseline 0 -13"><span class='ocrx_word' id='word_1_216' title='bbox 871 3544 920 3607; x_wconf 76' lang='grc' dir='ltr'><strong>διὰ</strong></span> <span class='ocrx_word' id='word_1_217' title='bbox 944 3544 1110 3608; x_wconf 76' lang='grc' dir='ltr'><strong><em>δακτυλίου</em></strong></span> <span class='ocrx_word' id='word_1_218' title='bbox 1133 3566 1182 3619; x_wconf 78' lang='grc' dir='ltr'><strong>με</strong></span> <span class='ocrx_word' id='word_1_219' title='bbox 1207 3548 1272 3607; x_wconf 81' lang='grc' dir='ltr'><strong>νῦν</strong></span> <span class='ocrx_word' id='word_1_220' title='bbox 1298 3543 1561 3615; x_wconf 84' lang='grc' dir='ltr'><strong><em>διελκύσειας</em></strong></span> <span class='ocrx_word' id='word_1_221' title='bbox 1585 3541 1643 3606; x_wconf 82' lang='grc' dir='ltr'><strong><em>ιἰυ.</em></strong></span> 
     </span>
    </p>
   </div>
   <div class='ocr_carea' id='block_1_5' title="bbox 689 3759 1883 4794">
    <p class='ocr_par' dir='ltr' id='par_1_8' title="bbox 734 3759 1801 3945">
     <span class='ocr_line' id='line_1_27' title="bbox 734 3759 1801 3846; baseline -0.001 -20"><span class='ocrx_word' id='word_1_222' title='bbox 734 3762 815 3826; x_wconf 90' lang='lat' dir='ltr'><strong>Dein</strong></span> <span class='ocrx_word' id='word_1_223' title='bbox 839 3759 1051 3846; x_wconf 83' lang='lat' dir='ltr'><strong>Obremylus,</strong></span> <span class='ocrx_word' id='word_1_224' title='bbox 1077 3761 1331 3845; x_wconf 88' lang='lat' dir='ltr'><strong>adspectatores</strong></span> <span class='ocrx_word' id='word_1_225' title='bbox 1355 3781 1438 3823; x_wconf 91' lang='lat' dir='ltr'><strong>nunc</strong></span> <span class='ocrx_word' id='word_1_226' title='bbox 1461 3780 1587 3844; x_wconf 89' lang='lat' dir='ltr'><strong>quoque</strong></span> <span class='ocrx_word' id='word_1_227' title='bbox 1611 3781 1801 3826; x_wconf 90' lang='lat' dir='ltr'><strong>conversus:</strong></span> 
     </span>
     <span class='ocr_line' id='line_1_28' title="bbox 872 3865 1574 3945; baseline -0.003 -14"><span class='ocrx_word' id='word_1_228' title='bbox 872 3868 897 3931; x_wconf 77' lang='lat' dir='ltr'><strong>et</strong></span> <span class='ocrx_word' id='word_1_229' title='bbox 922 3866 1076 3945; x_wconf 68' lang='grc' dir='ltr'><strong>τυγχάνοι</strong></span> <span class='ocrx_word' id='word_1_230' title='bbox 1101 3868 1135 3943; x_wconf 75' lang='grc' dir='ltr'><strong>γ’</strong></span> <span class='ocrx_word' id='word_1_231' title='bbox 1158 3867 1172 3929; x_wconf 77' lang='grc' dir='ltr'><em>ὃ</em></span> <span class='ocrx_word' id='word_1_232' title='bbox 1196 3867 1359 3936; x_wconf 79' lang='grc' dir='ltr'><strong><em>δακτύλιος</em></strong></span> <span class='ocrx_word' id='word_1_233' title='bbox 1384 3865 1421 3927; x_wconf 80' lang='grc' dir='ltr'><strong>ὢν</strong></span> <span class='ocrx_word' id='word_1_234' title='bbox 1445 3866 1574 3944; x_wconf 62' lang='lat' dir='ltr'><strong>rottae,</strong></span> 
     </span>
    </p>

    <p class='ocr_par' dir='ltr' id='par_1_9' title="bbox 689 3971 1883 4369">
     <span class='ocr_line' id='line_1_29' title="bbox 689 3971 1883 4055; baseline 0 -20"><span class='ocrx_word' id='word_1_235' title='bbox 689 3994 764 4037; x_wconf 92' lang='lat' dir='ltr'><strong>nam</strong></span> <span class='ocrx_word' id='word_1_236' title='bbox 795 3980 878 4037; x_wconf 88' lang='lat' dir='ltr'><strong>recte</strong></span> <span class='ocrx_word' id='word_1_237' title='bbox 910 3976 955 4036; x_wconf 88' lang='lat' dir='ltr'><strong>sic</strong></span> <span class='ocrx_word' id='word_1_238' title='bbox 987 3972 1084 4036; x_wconf 89' lang='lat' dir='ltr'><strong>habet</strong></span> <span class='ocrx_word' id='word_1_239' title='bbox 1115 3972 1160 4047; x_wconf 85' lang='lat' dir='ltr'><strong>R,</strong></span> <span class='ocrx_word' id='word_1_240' title='bbox 1193 3975 1289 4036; x_wconf 87' lang='lat' dir='ltr'><strong>ceteri</strong></span> <span class='ocrx_word' id='word_1_241' title='bbox 1313 3971 1434 4036; x_wconf 86' lang='lat' dir='ltr'><strong>codices</strong></span> <span class='ocrx_word' id='word_1_242' title='bbox 1458 3991 1623 4055; x_wconf 90' lang='lat' dir='ltr'><strong>perperam</strong></span> <span class='ocrx_word' id='word_1_243' title='bbox 1647 3971 1755 4043; x_wconf 78' lang='grc' dir='ltr'><strong><em>τηλία.</em></strong></span> <span class='ocrx_word' id='word_1_244' title='bbox 1779 3972 1883 4035; x_wconf 79' lang='lat' dir='ltr'><strong>Facile</strong></span> 
     </span>
     <span class='ocr_line' id='line_1_30' title="bbox 689 4077 1882 4162; baseline 0.002 -22"><span class='ocrx_word' id='word_1_245' title='bbox 689 4081 789 4154; x_wconf 83' lang='lat' dir='ltr'><strong>credo,</strong></span> <span class='ocrx_word' id='word_1_246' title='bbox 821 4080 849 4140; x_wconf 78' lang='lat' dir='ltr'><strong>ai</strong></span> <span class='ocrx_word' id='word_1_247' title='bbox 878 4080 961 4141; x_wconf 85' lang='lat' dir='ltr'><strong>modo</strong></span> <span class='ocrx_word' id='word_1_248' title='bbox 994 4077 1171 4141; x_wconf 77' lang='lat' dir='ltr'><strong>incerniculi</strong></span> <span class='ocrx_word' id='word_1_249' title='bbox 1201 4078 1242 4139; x_wconf 80' lang='lat' dir='ltr'><strong>eit</strong></span> <span class='ocrx_word' id='word_1_250' title='bbox 1273 4078 1400 4152; x_wconf 70' lang='lat' dir='ltr'><strong>ocche,</strong></span> <span class='ocrx_word' id='word_1_251' title='bbox 1434 4097 1508 4141; x_wconf 89' lang='lat' dir='ltr'><strong>nos:</strong></span> <span class='ocrx_word' id='word_1_252' title='bbox 1541 4078 1577 4138; x_wconf 84' lang='lat' dir='ltr'><strong>de</strong></span> <span class='ocrx_word' id='word_1_253' title='bbox 1600 4078 1669 4157; x_wconf 73' lang='lat' dir='ltr'><strong>rinp</strong></span> <span class='ocrx_word' id='word_1_254' title='bbox 1693 4078 1882 4162; x_wconf 87' lang='lat' dir='ltr'><strong>(opstaanda</strong></span> 
     </span>
     <span class='ocr_line' id='line_1_31' title="bbox 690 4182 1882 4261; baseline 0.001 -14"><span class='ocrx_word' id='word_1_255' title='bbox 690 4184 782 4261; x_wconf 88' lang='lat' dir='ltr'><strong>kant)</strong></span> <span class='ocrx_word' id='word_1_256' title='bbox 813 4206 870 4245; x_wconf 83' lang='lat' dir='ltr'><strong>oon</strong></span> <span class='ocrx_word' id='word_1_257' title='bbox 902 4206 953 4245; x_wconf 83' lang='lat' dir='ltr'><strong>een</strong></span> <span class='ocrx_word' id='word_1_258' title='bbox 984 4183 1172 4246; x_wconf 77' lang='lat' dir='ltr'><strong>uitetatbord.</strong></span> <span class='ocrx_word' id='word_1_259' title='bbox 1204 4182 1266 4246; x_wconf 77' lang='lat' dir='ltr'><strong>aed</strong></span> <span class='ocrx_word' id='word_1_260' title='bbox 1300 4184 1428 4246; x_wconf 90' lang='lat' dir='ltr'><strong>brevius</strong></span> <span class='ocrx_word' id='word_1_261' title='bbox 1461 4188 1493 4246; x_wconf 92' lang='lat' dir='ltr'><strong>et</strong></span> <span class='ocrx_word' id='word_1_262' title='bbox 1521 4184 1705 4246; x_wconf 88' lang='lat' dir='ltr'><strong>concinnius</strong></span> <span class='ocrx_word' id='word_1_263' title='bbox 1728 4185 1774 4247; x_wconf 86' lang='lat' dir='ltr'><strong>sio</strong></span> <span class='ocrx_word' id='word_1_264' title='bbox 1797 4185 1882 4248; x_wconf 91' lang='lat' dir='ltr'><strong>hunc</strong></span> 
     </span>
     <span class='ocr_line' id='line_1_32' title="bbox 692 4287 1826 4369; baseline -0.002 -15"><span class='ocrx_word' id='word_1_265' title='bbox 692 4311 820 4353; x_wconf 89' lang='lat' dir='ltr'><strong>versum</strong></span> <span class='ocrx_word' id='word_1_266' title='bbox 845 4288 1018 4353; x_wconf 88' lang='lat' dir='ltr'><strong>reddideris</strong></span> <span class='ocrx_word' id='word_1_267' title='bbox 1043 4287 1229 4352; x_wconf 88' lang='lat' dir='ltr'><strong>vernacule:</strong></span> <span class='ocrx_word' id='word_1_268' title='bbox 1254 4310 1306 4350; x_wconf 83' lang='lat' dir='ltr'><strong>een</strong></span> <span class='ocrx_word' id='word_1_269' title='bbox 1330 4288 1425 4367; x_wconf 71' lang='lat' dir='ltr'><strong>einp?</strong></span> <span class='ocrx_word' id='word_1_270' title='bbox 1447 4311 1496 4368; x_wconf 77' lang='lat' dir='ltr'><strong>rep</strong></span> <span class='ocrx_word' id='word_1_271' title='bbox 1520 4287 1612 4349; x_wconf 82' lang='lat' dir='ltr'><strong>lieoer</strong></span> <span class='ocrx_word' id='word_1_272' title='bbox 1635 4309 1687 4349; x_wconf 82' lang='lat' dir='ltr'><strong>cen</strong></span> <span class='ocrx_word' id='word_1_273' title='bbox 1710 4289 1826 4369; x_wconf 79' lang='lat' dir='ltr'><strong>hoepcl.</strong></span> 
     </span>
    </p>

    <p class='ocr_par' dir='ltr' id='par_1_10' title="bbox 690 4393 1883 4794">
     <span class='ocr_line' id='line_1_33' title="bbox 735 4393 1882 4478; baseline -0.002 -19"><span class='ocrx_word' id='word_1_274' title='bbox 735 4394 832 4459; x_wconf 84' lang='lat' dir='ltr'><strong>Recte</strong></span> <span class='ocrx_word' id='word_1_275' title='bbox 864 4400 972 4459; x_wconf 89' lang='lat' dir='ltr'><strong>autem</strong></span> <span class='ocrx_word' id='word_1_276' title='bbox 1006 4398 1039 4457; x_wconf 93' lang='lat' dir='ltr'><strong>in</strong></span> <span class='ocrx_word' id='word_1_277' title='bbox 1071 4393 1198 4458; x_wconf 85' lang='lat' dir='ltr'><strong>scholiis</strong></span> <span class='ocrx_word' id='word_1_278' title='bbox 1232 4393 1257 4455; x_wconf 91' lang='lat' dir='ltr'>V</span> <span class='ocrx_word' id='word_1_279' title='bbox 1286 4393 1448 4464; x_wconf 80' lang='grc' dir='ltr'><strong><em>δακτύλιος</em></strong></span> <span class='ocrx_word' id='word_1_280' title='bbox 1481 4395 1593 4469; x_wconf 65' lang='lat' dir='ltr'><strong>rottae</strong></span> <span class='ocrx_word' id='word_1_281' title='bbox 1617 4397 1661 4457; x_wconf 93' lang='lat' dir='ltr'><strong>sic</strong></span> <span class='ocrx_word' id='word_1_282' title='bbox 1684 4393 1882 4478; x_wconf 82' lang='lat' dir='ltr'><strong>explicatur:</strong></span> 
     </span>
     <span class='ocr_line' id='line_1_34' title="bbox 691 4497 1882 4578; baseline 0.001 -14"><span class='ocrx_word' id='word_1_283' title='bbox 691 4501 799 4578; x_wconf 73' lang='lat' dir='ltr'><strong>„varic</strong></span> <span class='ocrx_word' id='word_1_284' title='bbox 833 4508 993 4575; x_wconf 80' lang='grc' dir='ltr'><strong><em>πλατεῖα,</em></strong></span> <span class='ocrx_word' id='word_1_285' title='bbox 1037 4502 1089 4578; x_wconf 71' lang='grc' dir='ltr'><strong>ἐφ’</strong></span> <span class='ocrx_word' id='word_1_286' title='bbox 1124 4497 1157 4574; x_wconf 71' lang='grc' dir='ltr'><strong>ἧς</strong></span> <span class='ocrx_word' id='word_1_287' title='bbox 1193 4500 1496 4578; x_wconf 74' lang='grc' dir='ltr'><strong><em>ἄλφισσπωλσῦσιυ”,</em></strong></span> <span class='ocrx_word' id='word_1_288' title='bbox 1534 4535 1576 4546; x_wconf 88' lang='lat'>-</span> <span class='ocrx_word' id='word_1_289' title='bbox 1613 4520 1687 4563; x_wconf 90' lang='lat' dir='ltr'><strong>nam</strong></span> <span class='ocrx_word' id='word_1_290' title='bbox 1723 4503 1770 4565; x_wconf 88' lang='lat' dir='ltr'><strong>sic</strong></span> <span class='ocrx_word' id='word_1_291' title='bbox 1805 4500 1882 4565; x_wconf 90' lang='lat' dir='ltr'><strong>olim</strong></span> 
     </span>
     <span class='ocr_line' id='line_1_35' title="bbox 690 4603 1881 4691; baseline 0 -21"><span class='ocrx_word' id='word_1_292' title='bbox 690 4608 846 4691; x_wconf 87' lang='lat' dir='ltr'><strong>scriptum</strong></span> <span class='ocrx_word' id='word_1_293' title='bbox 878 4605 957 4682; x_wconf 64' lang='lat' dir='ltr'><strong>suin</strong></span> <span class='ocrx_word' id='word_1_294' title='bbox 991 4625 1074 4667; x_wconf 91' lang='lat' dir='ltr'><strong>nunc</strong></span> <span class='ocrx_word' id='word_1_295' title='bbox 1097 4604 1303 4668; x_wconf 88' lang='lat' dir='ltr'><strong>librariorum</strong></span> <span class='ocrx_word' id='word_1_296' title='bbox 1327 4603 1419 4689; x_wconf 90' lang='lat' dir='ltr'><strong>culpa</strong></span> <span class='ocrx_word' id='word_1_297' title='bbox 1444 4604 1566 4690; x_wconf 81' lang='lat' dir='ltr'><strong>legitur</strong></span> <span class='ocrx_word' id='word_1_298' title='bbox 1590 4605 1881 4682; x_wconf 77' lang='grc' dir='ltr'><strong><em>ιδλφιτσσυισῦσιι.</em></strong></span> 
     </span>
     <span class='ocr_line' id='line_1_36' title="bbox 691 4709 1883 4794; baseline 0 -18"><span class='ocrx_word' id='word_1_299' title='bbox 691 4709 783 4789; x_wconf 81' lang='lat' dir='ltr'><strong>Quod</strong></span> <span class='ocrx_word' id='word_1_300' title='bbox 814 4712 934 4774; x_wconf 90' lang='lat' dir='ltr'><strong>vitium</strong></span> <span class='ocrx_word' id='word_1_301' title='bbox 965 4712 1094 4794; x_wconf 87' lang='lat' dir='ltr'><strong>irrepsit</strong></span> <span class='ocrx_word' id='word_1_302' title='bbox 1117 4712 1215 4773; x_wconf 89' lang='lat' dir='ltr'><strong>etiam</strong></span> <span class='ocrx_word' id='word_1_303' title='bbox 1239 4713 1271 4772; x_wconf 92' lang='lat' dir='ltr'><strong>in</strong></span> <span class='ocrx_word' id='word_1_304' title='bbox 1296 4709 1447 4785; x_wconf 82' lang='lat' dir='ltr'><strong>Suidam,</strong></span> <span class='ocrx_word' id='word_1_305' title='bbox 1471 4718 1503 4773; x_wconf 93' lang='lat' dir='ltr'><strong>et</strong></span> <span class='ocrx_word' id='word_1_306' title='bbox 1527 4731 1601 4773; x_wconf 83' lang='lat' dir='ltr'><strong>mox</strong></span> <span class='ocrx_word' id='word_1_307' title='bbox 1626 4713 1809 4794; x_wconf 87' lang='lat' dir='ltr'><strong>procreavit</strong></span> <span class='ocrx_word' id='word_1_308' title='bbox 1833 4711 1883 4776; x_wconf 91' lang='lat' dir='ltr'><strong>ab·</strong></span> 
     </span>
    </p>
   </div>
   <div class='ocr_carea' id='block_1_6' title="bbox 694 4860 887 4871">
    <p class='ocr_par' dir='ltr' id='par_1_11' title="bbox 694 4860 887 4871">
     <span class='ocr_line' id='line_1_37' title="bbox 694 4860 887 4871; baseline 0.01 -3"><span class='ocrx_word' id='word_1_309' title='bbox 694 4860 887 4871; x_wconf 80' lang='lat'><em>-————.-</em></span> 
     </span>
    </p>
   </div>
   <div class='ocr_carea' id='block_1_7' title="bbox 727 4939 1069 4999">
    <p class='ocr_par' dir='ltr' id='par_1_12' title="bbox 727 4939 1069 4999">
     <span class='ocr_line' id='line_1_38' title="bbox 727 4939 1069 4999; baseline 0.009 -15"><span class='ocrx_word' id='word_1_310' title='bbox 727 4940 752 4999; x_wconf 85' lang='lat' dir='ltr'><strong>r)</strong></span> <span class='ocrx_word' id='word_1_311' title='bbox 772 4940 823 4986; x_wconf 81' lang='lat' dir='ltr'><strong>vn.</strong></span> <span class='ocrx_word' id='word_1_312' title='bbox 843 4956 875 4987; x_wconf 70' lang='lat' dir='ltr'><strong>a,</strong></span> <span class='ocrx_word' id='word_1_313' title='bbox 897 4939 1069 4987; x_wconf 78' lang='lat' dir='ltr'><strong>rone-roas.</strong></span> 
     </span>
    </p>
   </div>
   <div class='ocr_carea' id='block_1_8' title="bbox 0 0 2578 6148">
    <p class='ocr_par' dir='ltr' id='par_1_13' title="bbox 0 0 2578 6148">
     <span class='ocr_line' id='line_1_39' title="bbox 0 0 2578 6148; baseline 0 0"><span class='ocrx_word' id='word_1_314' title='bbox 0 0 2578 6148; x_wconf 95' lang='lat' dir='ltr'><strong> </strong></span> 
     </span>
    </p>
   </div>
  </div>
 </body>
</html>
