5125 6150
1081 832 1351 880 rrnoaunuonuu.
1747 818 1814 884 279

665 998 736 1064 Duo
761 999 799 1063 de
822 999 881 1062 hac
905 1020 938 1063 re
959 1003 1130 1081 supersunt
1149 998 1241 1062 nobis
1262 999 1446 1062 testimonia
1466 1000 1614 1082 antiqua:
1635 998 1723 1063 Livii
1743 1000 1814 1066 volo

618 1111 651 1170 et-
682 1105 805 1183 Ovidii;
838 1126 918 1189 quae
950 1107 1037 1168 enim
1070 1110 1181 1169 extant
1213 1104 1297 1189 apud
1323 1105 1506 1188 Appianum
1531 1103 1815 1191 Herodiannmque

617 1216 651 1275 in
674 1232 820 1295 praesens
844 1210 1014 1296 neglegere
1034 1216 1189 1296 praestat;
1224 1213 1303 1295 quin
1327 1213 1425 1275 etiam
1448 1210 1624 1287 Diodorus,
1647 1210 1723 1277 licet
1745 1215 1816 1277 uni-

617 1338 708 1382 verse
739 1320 773 1379 in
805 1315 894 1380 illius
925 1319 1039 1380 aetatis
1069 1317 1164 1380 rebus
1196 1318 1412 1381 narrationem
1442 1314 1654 1401 Polybianam
1685 1318 1813 1397 reddat,

618 1425 677 1489 hoc
709 1430 815 1487 tamen
847 1420 915 1487 loco
947 1425 1025 1487 certi
1057 1425 1223 1507 antiquins
1256 1425 1348 1486 testis
1371 1425 1472 1487 instar
1495 1443 1562 1487 esse
1586 1444 1651 1489 non
1675 1424 1813 1489 videtur.

618 1530 752 1593 Livium
782 1531 866 1592 inter
888 1536 920 1592 et
944 1527 1096 1592 Ovidium
1119 1527 1279 1612 plerisque
1304 1532 1485 1592 nostrorum
1509 1533 1690 1612 temporum
1714 1529 1814 1594 histo-

617 1638 692 1700 ricis
724 1637 812 1719 optio
842 1633 929 1697 haud
963 1633 1060 1698 dubia
1092 1635 1173 1698 fuit:
1211 1634 1365 1698 historico
1401 1633 1495 1699 fidem
1532 1633 1711 1699 habendam
1746 1656 1813 1701 esse

617 1745 725 1827 potius
757 1762 853 1825 quam
881 1747 993 1824 poetae
1024 1743 1079 1824 qui
1103 1742 1212 1804 omnia
1236 1747 1357 1805 temere
1377 1726 1507 1805 'fabellis
1531 1747 1678 1818 exornet,
1703 1763 1814 1807 omnes

618 1849 682 1912 fere
712 1849 994 1931 persuasissimum
1015 1846 1055 1911 ad
1079 1847 1164 1911 hunc
1188 1868 1290 1932 usque
1316 1847 1401 1911 diem
1426 1846 1541 1911 habere
1564 1847 1732 1926 videntum
1757 1851 1814 1914 vix

616 1976 701 2018 unus
732 1951 852 2017 alterve
884 1954 1037 2017 extremis
1070 1956 1161 2017 annis
1197 1956 1307 2017 extitit
1344 1956 1399 2037 qui
1435 1956 1543 2016 contra
1577 1951 1812 2039 Herzbergium

616 2060 747 2123 lhnium
768 2058 1023 2123 Mommsenium
1042 2059 1244 2123 contenderet
1264 2095 1306 2106 -
1328 2071 1366 2122 ut
1387 2057 1462 2122 fecit
1482 2057 1546 2122 Leo
1569 2057 1669 2123 Bloch
1689 2062 1723 2122 in
1741 2060 1814 2125 Phi·

614 2164 722 2249 lologo
756 2163 815 2227 LII
848 2163 923 2240 580,
960 2170 992 2229 et
1027 2185 1107 2228 anno
1140 2166 1321 2248 insequenti
1358 2163 1395 2227 u.
1428 2162 1600 2228 Hoffmann
1633 2168 1667 2228 in
1698 2164 1813 2253 Museo

616 2271 768 2335 Rhenano
787 2292 818 2353 p.
833 2269 875 2333 93
897 2308 938 2317 -
958 2269 1045 2334 haud
1065 2268 1240 2355 spernenda
1261 2271 1408 2333 veritatis
1430 2271 1569 2356 vestigia
1593 2271 1720 2336 subesse
1744 2292 1814 2336 nar-

614 2379 731 2440 rationi
756 2374 930 2441 0vidianae
954 2379 1103 2461 quamvis
1123 2378 1244 2461 poetice
1269 2381 1447 2439 exornatae.

662 2483 843 2565 Utrumque
870 2489 985 2546 testem
1013 2482 1194 2546 Romanum
1222 2501 1321 2565 aeque
1352 2481 1456 2544 audiri
1483 2487 1622 2563 oportet;
1651 2487 1684 2545 et
1709 2484 1814 2567 primo

616 2587 746 2672 quidem
781 2586 865 2664 loco,
898 2607 935 2651 uc
966 2586 1109 2672 postulat
1137 2588 1299 2664 historici,
1325 2589 1388 2650 viri
1410 2588 1598 2671 gravissmi,
1623 2592 1811 2667 auctoritas,

614 2693 758 2757 Livium.
791 2692 822 2756 Is
853 2714 915 2776 qua
946 2693 984 2757 de
1014 2712 1108 2757 causa
1137 2695 1248 2757 missio
1272 2691 1312 2756 ad
1337 2691 1573 2777 Pergamenum
1598 2713 1706 2779 regem
1730 2715 1812 2762 anno

616 2799 712 2863 Urbis
738 2797 802 2862 549
827 2798 909 2863 facta
932 2801 991 2879 sit,
1017 2798 1101 2861 hunc
1125 2800 1158 2861 in
1181 2797 1314 2862 modum
1339 2800 1469 2881 exponit
1493 2796 1576 2878 (Lib.
1601 2797 1655 2864 29.
1671 2800 1723 2866 10.
1738 2801 1788 2876 h:

663 2903 860 2981 „Civitatem
890 2925 926 2968 ec
959 2910 1103 2988 tempore
1134 2924 1244 2988 repens
1268 2903 1383 2989 religio
1407 2906 1569 2967 invaserat
1591 2906 1724 2970 invento
1749 2927 1813 2970 car-

615 3015 704 3077 mine
738 3014 771 3073 in
806 3010 898 3074 libris
933 3009 1102 3096 Sibyllinis
1137 3017 1266 3095 propter
1301 3011 1443 3074 crebrius
1475 3031 1511 3074 eo
1544 3030 1625 3076 anno
1657 3010 1696 3077 de
1726 3011 1812 3079 caelo

613 3116 794 3202 lapidatum
824 3120 993 3201 inspectis,
1026 3106 1212 3203 qua'ndoque
1243 3118 1345 3181 hostis
1372 3116 1552 3202 alienigena
1576 3123 1678 3183 terrae
1701 3117 1813 3184 Italiae

615 3223 736 3288 bellum
768 3222 947 3299 intulisset,
978 3245 1053 3288 eum
1084 3222 1164 3307 pelli
1195 3222 1290 3288 ltalia
1322 3226 1470 3307 vincique
1502 3245 1612 3307 posse,
1645 3228 1671 3288 si
1707 3225 1813 3291 Mater

615 3330 709 3393 Idaea
729 3350 747 3393 a
767 3331 958 3393 Pessinunte
977 3330 1114 3394 Romam
1133 3329 1263 3394 advecta
1280 3329 1370 3393 foret.
1384 3328 1420 3392 Id
1433 3350 1558 3393 carmen
1571 3330 1610 3395 ab
1623 3330 1813 3397 decemviris

614 3441 784 3500 inventum
816 3457 853 3500 eo
885 3438 991 3519 magis
1022 3442 1127 3521 patres
1158 3439 1281 3511 movit,
1307 3435 1390 3520 quod
1415 3440 1446 3498 et
1470 3434 1588 3520 legati,
1613 3440 1669 3522 qui
1692 3437 1811 3503 donum

616 3541 757 3625 Delphos
790 3548 1011 3626 portaverant,
1043 3543 1220 3606 referebant
1252 3547 1284 3605 et
1315 3541 1566 3605 sacrificantibus
1588 3543 1667 3626 ipsis
1691 3544 1812 3630 Pythio

617 3647 760 3733 Apollini
785 3650 892 3711 omnia
915 3648 1000 3712 laeta
1022 3649 1138 3724 fuisse,
1163 3655 1195 3712 et
1218 3668 1406 3731 responsum
1430 3646 1557 3712 oraculo
1581 3648 1722 3713 editum:
1747 3670 1811 3716 ma·

612 3759 716 3820 iorem
750 3754 853 3818 multo
878 3758 1065 3831 victoriam,
1091 3776 1188 3840 quam
1212 3756 1304 3818 cuius
1328 3775 1367 3818 ex
1391 3752 1502 3839 spoliis
1526 3752 1607 3819 dona
1629 3762 1811 3840 portarent,

615 3862 724 3927 adesse
747 3861 864 3947 populo
888 3861 1061 3926 Roman0'’.

662 3967 749 4046 Quae
772 3967 938 4051 hucusque
960 3972 1067 4031 narrat
1089 3966 1202 4030 Livius
1224 3987 1288 4030 non
1312 3965 1470 4031 eiusmodi
1494 3970 1570 4030 sunt
1588 3972 1626 4030 ut
1644 3973 1811 4052 tamquam

615 4074 689 4138 ficta
712 4072 853 4156 falsaque
878 4075 987 4137 statim
1012 4094 1048 4136 ea
1072 4074 1192 4137 reicias,
1217 4071 1364 4158 Surgunt
1387 4072 1517 4156 quidem
1541 4074 1573 4134 in
1594 4074 1700 4137 animo
1717 4075 1812 4138 initia

614 4179 771 4264 quaedam
784 4178 890 4256 dubii;
905 4179 991 4242 subit
1005 4198 1133 4263 rogare:
1157 4177 1261 4257 „Quid
1275 4199 1402 4243 carmen
1415 4175 1613 4263 Sibyllinum
1626 4184 1682 4242 aut
1695 4177 1810 4244 saltem

612 4283 773 4370 Sibyllino
804 4282 971 4348 subsimile
1003 4283 1040 4348 de
1071 4284 1262 4349 Pessinunte
1287 4280 1424 4348 cecinit?
1452 4282 1634 4348 Noveratne
1659 4283 1754 4349 Vates
1776 4288 1811 4349 in

615 4412 693 4476 agro
716 4389 798 4453 Italo
822 4397 872 4466 (ut
893 4411 950 4454 nos
971 4390 1084 4454 saltem
1106 4390 1279 4470 credimus)
1302 4397 1394 4467 nata,
1416 4395 1548 4454 noverat
1567 4389 1810 4469 Pessinuntem,

614 4497 729 4560 urbem
749 4498 1017 4572 remotissimam,
1035 4499 1068 4559 in
1082 4494 1228 4561 Galatiae
1240 4495 1358 4560 finibus
1370 4493 1509 4560 sitaml”
1532 4495 1594 4560 Sed
1605 4504 1697 4562 nocet
1708 4499 1811 4562 nimia

613 4604 769 4686 suspicio:
799 4601 944 4688 Sibyllae
968 4602 1109 4668 diffidere
1133 4603 1228 4667 nefas.
1261 4602 1360 4679 Ecce,
1385 4624 1423 4667 ex
1448 4602 1535 4667 Livii
1558 4603 1663 4667 verbis
1687 4602 1810 4669 Latinis

613 4710 778 4774 revocabis
801 4711 835 4772 in
860 4707 966 4773 lucem
990 4730 1100 4772 versus
1123 4710 1239 4793 quibus
1263 4730 1322 4773 usa
1344 4709 1448 4773 fuerat
1471 4706 1591 4772 mulier
1613 4708 1739 4773 divina:

796 4816 893 4892 „aaa
918 4810 992 4878 irae
1017 4816 1171 4893 οὐρανόθεν
1195 4820 1270 4884 acies
1295 4813 1428 4879 πεδίονδε
1455 4814 1580 4893 πέσωσι,

799 4921 834 4995 δὴ
859 4920 931 4985 τότε
953 4921 1084 4999 Μητέρα
1109 4920 1191 5000 δεῦρο
1215 4929 1322 4986 καλεῖν
1346 4922 1379 4985 ἐκ
1403 4920 1649 4994 Πεσσινδεντος”.
