5125 6150
1099 838 1264 886 nuounus.
1708 816 1774 883 163

580 1004 697 1086 ἀκούσῃ
721 1007 821 1069 αὐτῶν
845 1004 999 1081 λεγόντων
1019 1002 1113 1077 μηδὲν
1137 1004 1189 1066 ὑπ’
1215 1004 1289 1078 ἐμοῦ
1314 1002 1405 1066 δεινὸν
1428 1004 1547 1067 παίεῖν.
1579 1002 1640 1069 cui
1663 1008 1776 1078 emtor,

583 1110 686 1180 ἄπιςα
719 1112 842 1187 λέγεις,
873 1113 997 1196 inquit,
1029 1108 1064 1171 τί
1097 1107 1283 1199 παιδεραςῆν
1314 1108 1387 1173 tara
1416 1112 1460 1185 μίρ
1485 1111 1563 1187 τέρα
1588 1117 1644 1182 τῆς
1667 1115 1777 1189 ψυχῆς

583 1243 608 1280 τι
635 1225 920 1298 πολυπραγμονεῖν,
946 1216 999 1279 καί
1020 1220 1126 1277 ταῦτα
1146 1216 1196 1276 ἐπ’
1217 1215 1367 1291 ἐξουσίας.
1392 1215 1434 1279 ht
1453 1217 1513 1280 hoc
1532 1215 1662 1301 quidem
1682 1222 1776 1290 recte,

583 1323 633 1388 sed
666 1322 803 1408 languet
836 1321 920 1406 quod
950 1322 1148 1404 adscriptum
1179 1320 1258 1385 fuit:
1285 1321 1341 1384 ὑπί
1366 1323 1408 1399 τῷ
1434 1324 1517 1400 αὐτῷ
1542 1323 1657 1400 ίματίῳ
1681 1343 1779 1383 κατα-

584 1430 730 1501 κείμενον.
756 1427 860 1491 Dncta
883 1427 959 1491 haec
982 1435 1075 1503 sunt,
1100 1428 1150 1490 uti
1171 1426 1278 1503 vides,
1300 1447 1338 1489 ex
1358 1426 1501 1491 Platonis
1521 1425 1590 1490 loco
1608 1429 1642 1489 in
1662 1423 1776 1512 Symp.

584 1557 612 1619 p.
636 1533 762 1598 2193:
791 1535 956 1612 ἀμφιέσας
986 1535 1019 1596 τὸ
1053 1531 1176 1608 ἱμάτιον
1208 1531 1243 1594 τί
1276 1533 1412 1607 ἐμαυτοῦ
1436 1537 1542 1596 τοῦτον
1567 1569 1610 1582 -
1634 1531 1687 1595 καί
1712 1531 1776 1609 γὰρ

585 1638 615 1714 ἦν
646 1641 767 1717 χειμών
791 1675 833 1687 -
859 1638 916 1702 ὑπὸ
948 1639 999 1702 τὸν
1024 1637 1160 1716 τρίβωνα
1185 1636 1384 1709 κατακλινεὶς
1409 1637 1460 1701 τὸν
1484 1637 1621 1714 τουτουί,
1647 1636 1777 1714 περιβα-

584 1747 638 1808 λὼν
671 1746 712 1807 τὼ
744 1753 831 1824 χεῖρε
863 1743 959 1823 τούτῳ
991 1746 1032 1824 τῷ
1063 1742 1205 1819 δαιμονίῳ
1229 1745 1268 1814 ὡς
1294 1744 1412 1818 οὶλιρίῶς
1436 1744 1486 1807 καί
1513 1743 1661 1822 ίανμαςῷ
1687 1766 1777 1805 κατε-

584 1851 689 1925 κείμην
722 1850 775 1923 aba
808 1848 895 1928 νύχθ’
927 1845 1010 1927 ὅλην,
1044 1871 1124 1934 quae
1152 1850 1250 1914 verba
1273 1849 1351 1913 dum
1375 1849 1536 1926 describo,
1562 1852 1639 1913 satis
1664 1851 1776 1912 mirari

584 1977 640 2020 non
677 1976 827 2039 possum,
866 1956 1024 2040 quomodo
1056 1955 1256 2020 Alcibiadem
1288 1955 1419 2020 deorum
1450 1955 1682 2039 hominumque
1713 1975 1776 2018 non

583 2061 734 2146 puduerit
758 2059 836 2124 talia
859 2081 996 2137 narrare,
1017 2064 1144 2126 etiamsi
1164 2064 1263 2125 sciam
1283 2082 1358 2125 eum
1377 2061 1502 2125 ebrium
1523 2060 1630 2124 fnisse.
1655 2059 1773 2124 Eodem

583 2166 728 2230 Platonis
749 2165 820 2230 loco
843 2187 918 2230 cum
942 2166 998 2230 alii
1023 2169 1072 2230 nsi
1096 2173 1189 2244 sunt,
1210 2173 1282 2230 tum
1301 2169 1369 2250 ipse
1389 2166 1551 2230 Lucienus
1571 2166 1680 2230 Amor.
1701 2164 1775 2250 §49

582 2279 611 2336 et
635 2270 690 2348 54,
724 2271 763 2335 of.
797 2269 910 2337 Ooheti
940 2272 1011 2335 Ver.
1034 2273 1115 2336 Dect.
1140 2292 1171 2356 p.
1200 2271 1274 2335 150.
1303 2270 1379 2335 Tale
1401 2271 1706 2347 vcsticontobemium,
1731 2272 1776 2334 sio

582 2379 669 2441 enim
702 2374 873 2440 Petronius
903 2375 1062 2460 appellat,
1095 2382 1293 2442 memoratur
1323 2394 1448 2461 quoqne
1479 2375 1621 2460 Aloiphr.
1655 2374 1680 2439 Ι.
1714 2373 1774 2438 31:

582 2482 639 2545 ὑπὸ
668 2483 781 2555 τοὺμδν
806 2480 921 2558 ἠγάπα
945 2482 1115 2557 κοιμυμένκ
1139 2481 1298 2561 χλανίδιον
1323 2480 1357 2544 τὸ
1382 2481 1466 2545 λιτδν
1490 2487 1580 2545 τοῦτο
1604 2488 1636 2545 et
1659 2481 1774 2545 Athen.

581 2588 594 2651 Ι
617 2609 650 2672 p.
676 2587 720 2651 23
734 2586 773 2663 D,
797 2588 853 2651 uhi
874 2594 955 2651 teste
974 2586 1144 2652 Aristotele
1164 2586 1324 2673 Tyrrheni
1345 2587 1496 2650 δειπνοῦσι
1516 2589 1601 2663 μετὰ
1622 2587 1775 2662 γυναικῶν

582 2693 640 2757 ὑπὸ
672 2695 715 2768 τῷ
747 2693 829 2769 αὐτῷ
860 2691 985 2768 ίματίῳ.
1010 2691 1070 2756 Sed
1094 2692 1219 2757 diversa
1243 2695 1324 2756 ratio
1348 2699 1397 2757 est
1421 2714 1533 2758 eorum
1557 2712 1638 2776 qnae
1660 2691 1775 2777 Lysias

579 2800 677 2864 habet
702 2801 735 2861 in
755 2800 898 2862 orations
917 2797 990 2863 adv.
1012 2796 1211 2862 Alcibiadem
1232 2796 1349 2882 1525,
1371 2798 1428 2861 ubi
1447 2797 1588 2883 legimus
1601 2795 1775 2861 Alcibiadis

578 2905 784 2989 impuberem
808 2902 912 2967 filium
936 2924 1010 2967 oum
1031 2902 1227 2967 Archedemo
1248 2906 1481 2988 perpotavisse:
1505 2909 1626 2968 πολλῶν
1647 2903 1775 2982 δρώντων

581 3011 666 3074 ἔπινε
704 3009 777 3072 tet
812 3010 854 3085 τῷ
884 3010 968 3085 αὐτῷ
1005 3009 1158 3086 ίματίῳ
1192 3009 1437 3086 κατακείμενος,
1471 3009 1612 3090 ἐκώμαζε
1644 3008 1675 3070 δὲ
1707 3009 1775 3083 μεθ’

579 3117 708 3194 ἡμέραν,
733 3135 814 3199 qnae
836 3118 881 3179 ite
905 3116 1044 3179 eduntur
1067 3137 1105 3179 ex
1129 3114 1266 3179 Dobraei
1290 3118 1481 3192 coniectura,
1502 3118 1629 3179 namin
1649 3113 1777 3178 Heidel-

580 3224 732 3307 bergensi
750 3219 832 3284 libro
850 3224 915 3284 est:
937 3220 994 3283 ὑπὸ
1014 3222 1055 3300 τῷ
1069 3222 1237 3295 αὐτίματι.
1259 3219 1342 3285 Sunt
1355 3223 1453 3285 etiam
1465 3219 1546 3285 aliae
1559 3223 1774 3284 coniecturae:

580 3327 638 3392 ὑπὸ
672 3328 714 3403 τῷ
748 3326 832 3405 αὐτῷ
863 3325 1018 3404 τρώματι,
1051 3335 1224 3404 τρυματεῖ,
1256 3322 1381 3402 εἵματι,
1405 3325 1570 3400 οίκιίμοιτι,
1595 3326 1775 3403 ἀετώματι,

579 3453 661 3517 quas
693 3451 804 3495 omnes
835 3451 910 3494 cum
942 3437 1107 3495 contemtu
1138 3432 1254 3496 abiecit
1286 3428 1424 3496 Oobetus
1454 3438 1527 3517 post
1550 3432 1636 3496 Orat.
1661 3430 1774 3517 Inaug.

580 3561 610 3623 p.
637 3536 693 3612 88,
726 3536 780 3600 sed
810 3537 1024 3621 septendecim
1052 3538 1142 3600 annis
1166 3543 1254 3620 post,
1279 3557 1381 3628 quum
1404 3536 1536 3621 Lysiam
1561 3537 1690 3614 edebat,
1715 3536 1778 3602 Do·

579 3646 716 3708 braeum
740 3648 868 3706 secutus
891 3649 948 3707 est.
974 3641 1077 3721 Quam
1097 3640 1214 3707 vellem
1235 3645 1324 3720 scire,
1345 3642 1422 3727 quid
1441 3643 1641 3707 iudicaturus
1661 3643 1775 3706 fuisset

581 3748 620 3813 de
641 3768 715 3811 mea
737 3749 932 3831 suspicione:
957 3748 1021 3812 ἐπί
1046 3749 1088 3827 τςῖ·
1108 3748 1192 3827 αὐτῷ
1213 3747 1412 3827 τρώματι,
1433 3748 1464 3813 h.
1477 3769 1504 3813 e.
1524 3770 1583 3811 κιο
1602 3748 1636 3810 in
1656 3746 1772 3811 ίεοίυί.

1093 3941 1271 4005 Piscatores.

626 4124 722 4209 §14
759 4123 817 4187 Est
850 4122 1011 4187 Lucienus
1047 4122 1221 4186 secundum
1257 4121 1425 4188 Platonem
1461 4123 1583 4186 τίκτων
1617 4121 1777 4197 ἱεροσύλων

582 4228 868 4307 ἀοεβίςατος,
902 4228 957 4292 sed
992 4230 1110 4292 rectius
1142 4227 1266 4292 dicetur
1300 4226 1562 4307 δοεβίτερος.
1597 4226 1778 4292 Discrimen

585 4342 726 4421 apparet.

627 4570 646 4653 ᾗ
666 4566 718 4631 19.
740 4565 807 4630 Nec
826 4568 932 4651 magis
950 4566 1112 4630 Lucienus
1131 4565 1195 4630 fuit
1215 4566 1309 4643 Σιίρος
1328 4571 1387 4629 τῶν
1408 4565 1775 4646 Ἐπευφρατιδίων,

583 4673 637 4738 sed
664 4670 1012 4750 Ἐπευφρατιδῶν.
1038 4672 1285 4749 Ἐπευφρατίδαι
1304 4694 1388 4736 nuno
1407 4671 1485 4736 dicti
1505 4671 1775 4756 quemadmodum

583 4777 791 4858 Εὐπατρίδαι.
