5125 6150
567 898 569 903 ,
690 812 734 879 30
1179 832 1387 881 ruuornmns.

689 995 866 1062 tractabilis
888 995 1057 1061 Aristoteli
1081 994 1161 1076 (τερ)
1187 1002 1346 1071 ποιητικῆς
1369 995 1441 1074 XV,
1465 996 1500 1077 2)
1523 999 1653 1084 insigne
1677 999 1893 1080 παράδειγμα

690 1101 972 1183 σκληρότητος
997 1108 1054 1168 est.

735 1290 860 1356 Ibidem
884 1293 902 1375 ξ
923 1289 953 1355 3.

735 1395 772 1460 In
803 1397 1004 1483 parenthesi:
1040 1395 1088 1460 ast
1119 1395 1183 1475 γόορ
1214 1397 1257 1460 τόν
1290 1396 1396 1462 πολλοὶ
1429 1397 1683 1475 Λακεδαιμονίοις
1714 1399 1788 1478 πρὸς
1813 1404 1890 1475 τοὺς

690 1500 831 1574 Εἵλωτας
861 1510 916 1577 τῆς
941 1506 1087 1581 φυλακῆς
1110 1501 1175 1579 τέρι
1201 1501 1346 1577 μάλιστα
1371 1504 1638 1579 καθειστήκει
1663 1503 1703 1570 ad
1725 1503 1888 1572 ultimum

689 1608 825 1674 verbum
848 1606 978 1671 Hudius
998 1628 1061 1671 non
1079 1609 1147 1672 siue
1166 1628 1261 1673 causa
1279 1614 1425 1673 annotat:
1448 1610 1604 1686 „fortasse
1630 1610 1888 1684 καθέστηκεν

688 1712 923 1777 scribendum”.
948 1712 1094 1797 Namque
1117 1712 1221 1791 aliter,
1245 1721 1283 1778 ut
1307 1717 1429 1799 opinor,
1454 1714 1492 1780 de
1516 1715 1682 1801 Spartanis
1705 1720 1737 1780 et
1758 1715 1890 1782 Haloti·

688 1819 748 1883 bus
771 1817 830 1882 Th.
855 1817 997 1903 aequalis
1020 1818 1058 1882 de
1078 1817 1265 1903 aequalibus
1283 1819 1416 1905 loquens
1437 1820 1510 1885 dare
1528 1824 1584 1886 vix
1603 1823 1720 1906 potuit.
1744 1817 1792 1886 At
1810 1823 1887 1888 vide

688 1944 728 1987 ne
761 1926 829 2008 ipse
865 1922 1171 2008 plusquamperseeti
1206 1927 1361 2010 temporis
1396 1946 1474 1989 usus
1507 1926 1626 1992 indicio
1661 1928 1704 1990 sit
1736 1947 1773 1992 ea
1803 1948 1885 2012 quae

689 2028 782 2094 hodie
805 2031 883 2094 satis
905 2028 1109 2093 incommoda
1130 2028 1203 2094 sede
1226 2032 1261 2094 in
1286 2031 1392 2095 media
1414 2035 1574 2097 sententia
1592 2034 1784 2118 interposita
1803 2037 1885 2097 tam-

688 2155 785 2219 quam
815 2133 1023 2219 Thucydideo
1055 2134 1334 2213 circumferuntur,
1370 2156 1482 2202 revera
1516 2158 1585 2202 sero
1616 2142 1691 2201 nato
1723 2133 1881 2203 Graeculo

689 2238 806 2304 deberi.

733 2426 826 2493 lvo.
852 2426 917 2492 108
941 2427 1010 2511 51.

732 2533 921 2620 Amphipoli
943 2539 1035 2617 capta
1058 2532 1284 2608 Athenienses,
1310 2531 1428 2616 quibus
1451 2531 1565 2597 multis
1588 2535 1735 2618 partibus
1759 2538 1879 2602 emolu·

686 2646 796 2704 monto
820 2646 852 2704 et
875 2637 1011 2704 utilitati
1035 2643 1103 2703 erat
1126 2636 1183 2702 illa
1201 2639 1334 2713 civitas,
1356 2658 1494 2724 magnus
1515 2645 1618 2703 terror
1637 2643 1774 2720 invasit;
1796 2643 1879 2727 quod

685 2766 762 2811 vero
792 2747 955 2830 imprimis
978 2764 1053 2808 oum
1076 2741 1182 2808 dolore
1206 2743 1398 2827 reputabant
1419 2744 1479 2808 hoo
1502 2752 1587 2808 erat:
1613 2744 1879 2813 Lacedaemonios

686 2854 743 2936 qui
775 2849 815 2916 ad
846 2850 904 2915 hoo
935 2870 1036 2934 usque
1067 2855 1214 2934 tempus,
1239 2847 1318 2913 dum
1342 2869 1420 2933 pons
1443 2851 1477 2912 in
1501 2869 1613 2914 eorum
1636 2856 1794 2935 potestate
1818 2875 1880 2918 nou

685 2962 783 3032 esset,
816 2954 1041 3020 Thessalorum
1072 2975 1130 3039 ope
1154 2952 1194 3019 ad
1217 2952 1426 3040 Strymonem
1451 2953 1582 3037 quidem
1606 2977 1707 3042 usque
1731 2959 1881 3044 progredi

685 3064 830 3145 possent,
861 3057 1001 3124 fluvium
1025 3059 1158 3122 transire
1181 3055 1271 3121 nullo
1294 3056 1389 3122 modo
1412 3063 1542 3142 possent
1567 3095 1608 3107 ..„
1634 3081 1769 3145 superne
1793 3065 1880 3128 enim

683 3164 781 3252 longo
812 3167 915 3250 spatio
939 3164 1107 3250 stagnabat
1132 3168 1227 3247 atque
1249 3161 1351 3227 altera
1374 3182 1447 3247 pars
1472 3163 1511 3227 ad
1536 3185 1623 3229 mare
1647 3186 1759 3230 versus
1784 3167 1881 3232 Athe·

684 3272 845 3334 niensium
869 3269 1055 3334 triremibus
1074 3268 1305 3353 protegebatur
1324 3304 1366 3316 —
1388 3289 1472 3333 nuno
1491 3273 1583 3354 capta
1602 3267 1794 3356 Amphipoli
1812 3276 1880 3338 iam

683 3378 871 3460 neutiquam
894 3374 1045 3459 impediri
1069 3374 1241 3457 quominus
1264 3376 1312 3437 ita
1334 3373 1482 3438 facerent.

730 3478 765 3543 Si
787 3479 851 3544 loci
874 3481 1066 3544 sententiam
1089 3478 1168 3542 bene
1192 3480 1356 3563 perspexi,
1377 3483 1485 3542 textus
1503 3481 1537 3543 in
1557 3479 1642 3545 hune
1661 3481 1726 3545 fere
1744 3481 1879 3548 modum

684 3584 925 3649 constituendus
949 3586 1028 3649 erit:

731 3689 882 3769 ἐχομένης
913 3690 944 3753 δὲ
976 3699 1031 3763 τῆς
1058 3686 1281 3767 ’λμφισόλευς
1306 3689 1331 3752 ot
1357 3690 1508 3762 Ἀθηναῖοι
1533 3691 1562 3761 ές
1588 3692 1677 3766 μέγα
1700 3690 1763 3762 δέος
1788 3696 1879 3758 κατέ

684 3818 813 3874 στησαν,
837 3792 943 3866 ἄλλοις
967 3817 1001 3857 τε
1026 3794 1077 3858 καὶ
1103 3789 1149 3857 ότι
1176 3794 1193 3868 η
1217 3790 1306 3862 πόλις
1330 3788 1363 3867 ἦν
1387 3794 1493 3866 αὐτοῖς
1516 3795 1673 3872 ὠφέλιμος
1700 3843 1795 3862 .....
1822 3798 1876 3862 καὶ

684 3897 729 3965 ότι
754 3901 901 3981 (μέχρι
927 3899 1068 3977 τοῦδε)
1092 3899 1187 3977 μέχρι
1211 3898 1268 3971 μέν
1292 3902 1345 3962 τοῦ
1371 3898 1542 3978 Στρόμονος
1568 3893 1601 3971 ἦν
1624 3898 1772 3979 πάροδος,
1800 3911 1878 3967 Θεσ-

683 4012 786 4070 σαλῶν
818 4005 985 4083 διαγόντων
1008 4004 1058 4069 ast
1083 4004 1153 4075 τοὺς
1177 4002 1367 4083 ξυμμάχους
1392 4010 1487 4083 σφῶν,
1511 4012 1577 4076 τοῖς
1600 4004 1874 4093 Λακεδαιμονόοις,

583 4099 585 4104 ’
682 4119 738 4185 τῆς
764 4109 795 4174 δέ
818 4110 962 4188 γεφύρας
985 4110 1029 4184 μὴ
1053 4109 1241 4187 κρατούντων
1267 4155 1364 4174 .....
1390 4109 1442 4172 οὐκ
1467 4106 1506 4173 θον
1530 4108 1676 4173 δύνασθαι
1700 4111 1874 4189 προελθεῖν·

682 4214 755 4280 τότε
779 4215 809 4281 δὲ
832 4216 922 4300 ῥᾴδιοι
940 4216 966 4278 ⁸)
990 4215 1044 4291 ἤδη
1069 4213 1273 4297 [ε’νόμιζεν]θ)
1301 4216 1499 4291 γεγενῆσθαι.

717 4339 743 4401 ε)
767 4335 839 4402 ῥᾴδια
861 4337 902 4384 cit.
929 4336 1089 4393 Kistemaksr3
1110 4332 1181 4400 ρ’μδόοι
1198 4336 1278 4394 oodl.;
1306 4333 1333 4398 b)
1353 4332 1466 4398 ἐνόμιζεν
1482 4330 1633 4397 (ένόμιζσνθ)
1652 4334 1722 4393 libri;
1741 4333 1872 4400 ἐνομίζετο

683 4419 762 4482 vulg.;
780 4418 825 4468 del.
846 4418 1006 4467 Kietemsher.

727 4598 770 4662 1v
793 4621 819 4665 ι.
845 4595 1002 4683 uota.

727 4705 752 4767 oi
778 4702 810 4767 δέ
834 4705 1020 4779 πράσσοντες
1044 4705 1128 4785 αὐτῷ
1152 4704 1264 4775 εἰδότες
1291 4700 1337 4769 ότι
1363 4700 1424 4779 ἥξοι
1449 4704 1546 4789 [καὶ]
1570 4703 1767 4785 προελθόντες
1791 4703 1869 4778 τινές

681 4808 905 4891 sessoriani
929 4811 1032 4887 όλθγον
1050 4810 1076 4872 ⁸)
1102 4811 1221 4889 ε’τιὶρουν
1245 4811 1301 4885 την
1324 4808 1465 4888 πρόσοδον
1489 4811 1552 4875 κτέ.

714 4929 740 4992 a)
757 4927 843 4990 όλόγον
859 4943 905 4977 om.
925 4928 1041 4990 Cobetus3
1060 4928 1142 4992 όλόγοι
1160 4929 1227 4977 codd.
