5125 6150
1014 827 1190 884 ΝΛΡΔΟΣ
1216 826 1404 883 ΠΙΣΤΙΚΗ.
1762 821 1803 887 13

610 1002 784 1084 ἀρωμάτων
815 1002 866 1067 καὶ
899 1000 975 1079 γένη
1007 1001 1108 1080 μόρων
1139 1006 1293 1082 μυρεψῶν,
1318 1001 1371 1066 καὶ
1395 1002 1542 1077 ἐποίησαν
1566 1005 1650 1084 αὐτῷ
1675 1005 1809 1085 ἔαφοράν

608 1111 758 1189 μεγάλην
791 1105 844 1180 ἕως
876 1108 1006 1189 σφόδρα.
1038 1108 1150 1193 Itaque
1182 1107 1335 1185 concedo,
1368 1108 1452 1193 quod
1474 1109 1594 1176 frustra
1616 1113 1803 1198 negabitur:

606 1216 781 1282 lectoribus
810 1217 978 1299 utriusque
1009 1212 1206 1279 Testamenti
1238 1213 1327 1278 locus
1358 1217 1533 1281 necessario
1562 1217 1715 1283 obscurus
1739 1223 1804 1295 est;

608 1326 689 1408 ipsis
713 1321 843 1389 Graecis
867 1323 999 1386 fortasse
1023 1341 1085 1384 non
1108 1323 1199 1386 item.
1223 1319 1407 1385 Secundum
1430 1319 1538 1386 Iesum
1558 1323 1621 1387 fuit
1639 1344 1676 1389 ea
1695 1326 1805 1389 unctio

610 1435 765 1512 tanquam
807 1426 903 1497 τόπος
950 1432 1008 1490 τῶν
1051 1427 1122 1502 μετ’
1158 1425 1261 1502 όλόγον
1304 1425 1496 1506 μελλόντων,
1531 1429 1803 1511 quemadmodum

611 1532 784 1617 Apostolus
813 1532 903 1617 loqui
926 1538 1023 1596 amat.
1047 1530 1177 1596 Etenim
1201 1531 1333 1597 inferiae
1357 1531 1474 1598 fiebant
1496 1532 1678 1619 liquoribus
1700 1535 1803 1601 odori-

609 1639 684 1702 feris
713 1638 869 1714 libandis,
900 1657 1003 1720 neque
1035 1657 1071 1701 ea
1094 1657 1143 1701 res
1166 1636 1442 1702 Tischendorfium
1466 1639 1553 1726 fugit
1576 1643 1632 1724 qui
1654 1640 1694 1705 ad
1717 1640 1802 1706 Mar·

609 1764 684 1807 cum
715 1742 835 1807 XIV3
866 1742 976 1807 laudat
1006 1741 1112 1806 Schol.
1145 1741 1228 1807 Plat.
1263 1742 1362 1827 Hipp.
1396 1743 1477 1808 Min.
1502 1767 1533 1830 p.
1559 1744 1625 1810 334
1638 1745 1716 1812 Bu:
1749 1749 1802 1823 λή-

609 1850 694 1912 αυόον
719 1847 750 1911 δὲ
773 1848 904 1926 ἀγγεῖον
926 1848 1026 1925 φασιν
1048 1847 1187 1925 ἀττικοό,
1211 1847 1241 1910 όν
1261 1841 1282 1927 ᾧ
1304 1855 1367 1918 τοῖς
1387 1855 1496 1927 νεκροῖς
1517 1849 1622 1931 ἔφερον
1642 1853 1677 1918 τό
1696 1852 1799 1932 μόρον.

608 1952 802 2018 Plutarchus
825 1953 957 2017 Aristid.
979 1952 1020 2017 21
1044 1974 1195 2038 pompam
1214 1953 1365 2018 describit
1383 1975 1464 2039 quae
1483 1961 1653 2041 quotannis
1672 1959 1802 2025 ducitur

606 2061 641 2122 in
671 2059 823 2124 honorem
856 2079 970 2124 eorum
1001 2061 1057 2142 qui
1086 2058 1170 2143 apud
1193 2057 1339 2123 Plataeas
1363 2061 1397 2123 iu
1419 2059 1540 2144 proelio
1564 2064 1798 2142 occubuerunt;

607 2171 807 2251 peraguntur
835 2164 916 2230 aliae
948 2162 1070 2228 multae
1103 2166 1316 2228 caerimoniae
1345 2183 1424 2249 quas
1455 2168 1605 2232 omittere
1629 2189 1801 2253 possumus

607 2278 640 2335 et
670 2271 846 2354 procedunt
875 2268 1094 2334 adulescentes
1117 2271 1251 2354 ingenui
1275 2273 1437 2354 portantes
1460 2272 1542 2349 χοὰς
1565 2272 1640 2339 οἴνου
1665 2274 1717 2339 καὶ
1743 2273 1803 2354 γά

610 2389 725 2447 λωντος
758 2376 788 2440 όν
817 2377 1008 2456 ἀμφορεῦσιν
1032 2377 1136 2439 ἐλαίου
1161 2374 1271 2438 τεκαὶ
1298 2374 1393 2456 μόρου
1415 2379 1582 2457 αρωσσοός·
1608 2385 1679 2444 tum
1703 2382 1717 2445 ό
1743 2386 1802 2445 τῶν

609 2489 777 2547 Πλαταιῶν
794 2479 909 2562 ἅρχων,
928 2486 1101 2567 postquam
1120 2480 1160 2545 ad
1178 2483 1287 2565 ipsum
1306 2480 1415 2547 locum
1438 2486 1584 2567 pervenit
1603 2485 1659 2550 ubi
1678 2506 1800 2570 pugna·

610 2594 681 2652 tum
712 2589 793 2666 luit,
823 2588 932 2664 λαβὼν
964 2585 1037 2668 ὕδωρ
1070 2588 1134 2652 ἀπὸ
1157 2594 1212 2661 τής
1237 2589 1344 2667 κρήνης
1368 2589 1513 2654 ἀπολούει
1537 2590 1595 2661 τάς
1620 2590 1720 2663 ςήλας
1745 2590 1798 2655 καὶ

608 2693 690 2774 μύρῳ
710 2693 803 2774 χρίει.
827 2692 991 2758 Solemnis
1009 2694 1087 2758 haec
1107 2700 1198 2759 erant
1216 2696 1315 2758 etiam
1334 2692 1419 2778 apud
1439 2693 1529 2759 alios.
1550 2695 1734 2762 Athenaeus
1750 2694 1797 2761 IX

607 2820 637 2883 p.
673 2798 782 2863 410A
824 2798 914 2864 affert
948 2801 1173 2863 testimonium
1209 2798 1382 2875 Κλεοδήμου
1417 2799 1447 2861 ε’ν
1481 2800 1524 2877 τῷ
1560 2800 1799 2884 ἐπιγραφομένῳ

607 2902 820 2985 Ἐξηγητικῷ·
853 2904 968 2982 προόεὶς
1000 2905 1064 2985 γάρ
1094 2903 1161 2982 περὶ
1194 2903 1369 2980 ἐναγισμῶν
1400 2902 1518 2984 γράφει
1549 2905 1643 2971 τόδε·
1664 2905 1799 2985 Ὀρυξαι

607 3008 731 3087 βόόυνον
754 3010 826 3089 πρός
851 3010 983 3089 ἑσπέριον
1006 3014 1059 3074 τοῦ
1083 3011 1233 3087 σήματος.
1258 3007 1369 3074 ἔπειτα
1393 3011 1480 3092 παρά
1503 3012 1555 3078 τόν
1577 3011 1701 3090 βόόυνον
1725 3016 1799 3093 πρὸς

608 3116 740 3196 ἑσπέραν
770 3116 891 3196 βλέπε,
923 3114 996 3195 ὕδωρ
1027 3115 1164 3194 ιιατάχει
1197 3114 1299 3192 λόγων
1328 3114 1424 3181 τόδε·
1448 3118 1541 3194 ’Τμῒν
1564 3118 1730 3196 ἀπόνιμμα
1754 3114 1796 3192 οἷς

605 3222 667 3302 χρή
699 3223 750 3287 καὶ
781 3220 825 3294 οἷς
856 3222 951 3298 όὲμις.
976 3220 1085 3286 ἔπειτα
1109 3217 1193 3293 αὖθις
1219 3220 1312 3301 μόρον
1336 3221 1486 3303 κατάχει.
1511 3221 1634 3289 Eodem
1656 3227 1797 3311 pertinet

605 3328 830 3394 Artemidorus
859 3328 1029 3394 Onirocrit.
1061 3326 1105 3394 IV
1130 3325 1191 3394 5¹7:
1224 3328 1274 3392 ἐπὶ
1307 3329 1366 3392 τῶν
1396 3326 1556 3393 νοσούντων
1581 3329 1598 3401 ή
1622 3329 1680 3405 μὲν
1702 3330 1797 3394 lania

606 3433 816 3515 όανατηΦόρος
839 3429 915 3499 οὗτοι
939 3435 1104 3515 τετήρηται
1130 3435 1211 3508 αὐτή
1237 3458 1273 3498 τε
1297 3434 1351 3498 καὶ
1376 3433 1391 3499 ό
1415 3432 1530 3514 καρπός
1555 3435 1652 3509 αὐτῆς
1677 3434 1730 3499 καὶ
1755 3435 1797 3501 τά

608 3540 740 3620 Φόλλα,
774 3539 876 3620 δάΦνη
908 3540 938 3605 δὲ
962 3541 1123 3620 σωτηρόας.
1147 3537 1201 3605 καὶ
1225 3540 1288 3620 γὰρ
1313 3539 1402 3610 εἰκός.
1425 3547 1488 3610 τοῖς
1511 3540 1575 3620 γὰρ
1598 3541 1799 3607 ἀποθανοῦσιν

607 3644 718 3718 ἐλαόας
739 3646 797 3723 μὶν
816 3645 1059 3725 συνεκφέρουσα,
1080 3645 1204 3726 δάφνας
1221 3644 1247 3709 δ’
1259 3644 1410 3720 οὐδαμῶς.
1431 3643 1548 3711 Confer
1559 3649 1658 3711 etiam
1668 3647 1798 3715 Petren.

605 3751 672 3816 Sat.
693 3773 718 3815 c.
741 3750 798 3817 78:
823 3751 943 3817 Statim
966 3750 1144 3837 ampullam
1164 3750 1255 3816 nardi
1274 3753 1401 3836 aperuit
1420 3771 1592 3837 omnesque
1610 3775 1668 3819 nos
1687 3757 1797 3819 unxit:

606 3863 639 3921 et
659 3857 775 3942 Spero,
797 3860 921 3941 inquit,
941 3858 1091 3922 futurum
1111 3866 1148 3922 ut
1166 3877 1266 3941 aeque
1285 3877 1338 3921 me
1357 3859 1618 3937 mortuuminvet,
1632 3865 1799 3945 tamquam

605 3963 713 4026 οιύαιιι.
739 3961 819 4027 Vide
842 3969 1004 4048 praeterea
1027 3962 1159 4028 Lucian.
1184 3962 1222 4027 de
1245 3961 1338 4027 luctu
1362 3961 1415 4040 11,
1439 3968 1499 4028 cet.

651 4066 769 4132 Verum
795 4075 969 4154 utcumque
993 4090 1031 4135 ea
1054 4069 1092 4133 de
1115 4090 1149 4133 re
1172 4068 1419 4146 existimabitur,
1444 4068 1523 4153 quid
1541 4073 1591 4134 est
1609 4068 1693 4134 illud
1712 4071 1798 4155 quod

604 4173 736 4239 Marcus
767 4179 800 4240 et
829 4173 986 4240 Iohannes
1017 4173 1180 4261 appellant
1202 4174 1386 4255 ἀλάβαςρον
1409 4173 1514 4256 νάρδου
1538 4173 1726 4248 πιτιιιήςό
1750 4173 1800 4240 In·

604 4286 760 4366 terpretes
784 4287 912 4346 tantum
932 4303 995 4347 non
1016 4302 1079 4346 uno
1099 4302 1153 4347 ore
1171 4280 1349 4346 concedunt
1368 4279 1513 4346 nondum
1531 4281 1594 4345 sibi
1612 4283 1799 4346 successisse

605 4387 734 4451 obscuri
764 4387 913 4453 vocabuli
943 4387 1212 4474 explanationem.
1244 4385 1388 4473 Scaliger
1410 4407 1507 4472 quem
1530 4384 1710 4452 Lobeckius
1733 4387 1798 4451 iere

604 4495 761 4577 sequitur,
797 4493 976 4559 derivatam
1006 4513 1118 4558 vocem
1149 4497 1299 4558 autumat
1331 4491 1418 4572 παρὰ
1449 4493 1485 4558 τό
1517 4495 1667 4570 πτίσσειν,
1698 4512 1795 4577 quam

605 4600 790 4682 opinionem
812 4601 868 4664 rix
892 4620 971 4684 opus
995 4604 1044 4664 est
1066 4598 1268 4684 redarguere.
1293 4597 1375 4663 Sunt
1399 4600 1454 4682 qui
1476 4598 1636 4680 potabilem
1658 4598 1795 4663 nardum

602 4704 865 4787 interpretentur,
896 4703 951 4768 sed
982 4725 1085 4788 neque
1115 4725 1133 4768 a
1163 4703 1294 4769 bibendi
1323 4703 1420 4768 verbo
1450 4703 1647 4769 adiectivum
1677 4703 1795 4772 πιτικόν

604 4807 673 4873 ullo
697 4809 791 4875 modo
816 4809 955 4875 derivari
979 4812 1098 4894 poterit
1121 4817 1154 4874 et
1177 4809 1295 4874 nardus
1320 4814 1449 4894 potatur
1472 4807 1618 4893 quidem,
1642 4809 1697 4875 sed
1720 4812 1796 4876 vino

603 4914 712 4979 addita
734 4937 798 4980 non
822 4915 904 4994 oleo;
938 4915 1023 5002 quod
1045 4921 1083 4980 ut
1106 4915 1353 4992 demonstretur,
1378 4934 1649 4999 supervacaneum
1673 4920 1723 4981 est
1744 4915 1798 4982 ad·
