5125 6150
795 793 861 860 308
1130 808 1297 858 nrorrsms
1320 809 1640 860 simoiauissnssrs.

835 975 1001 1060 Adolphus
1031 973 1248 1059 Kiesslingius
1280 981 1345 1051 est,
1371 978 1426 1060 qui
1450 974 1534 1060 apud
1558 974 1762 1040 Teubnerum
1785 996 1867 1041 anno
1894 976 1982 1042 1860

791 1083 987 1167 Dionysium
1017 1079 1108 1144 edere
1137 1100 1309 1165 aggressus
1334 1086 1391 1144 est.
1423 1081 1486 1145 Hic
1510 1087 1681 1165 postquam
1705 1082 1844 1146 breviter
1868 1081 1984 1148 rotulit

792 1188 830 1253 de
849 1187 1011 1252 veteribus
1030 1187 1193 1270 scriptoris
1213 1185 1389 1250 editoribus
1409 1186 1486 1270 qnid
1505 1189 1639 1271 quisque
1658 1186 1698 1250 ad
1718 1192 1845 1251 textum
1865 1187 1984 1253 melius

792 1290 1052 1359 constituendum
1083 1290 1254 1355 contulerit
1283 1289 1335 1355 vel
1367 1294 1465 1355 etiam
1494 1313 1556 1356 non
1581 1289 1770 1368 contulerit,
1796 1291 1925 1358 tandem
1949 1295 1984 1356 in

791 1398 987 1484 praefatione
1016 1397 1131 1479 incipit
1157 1415 1285 1460 narrare
1309 1416 1388 1480 quae
1411 1396 1553 1460 subsidia
1576 1416 1675 1481 eaque
1699 1418 1827 1480 prorsus
1852 1401 1984 1484 egregio

792 1500 962 1567 Ritsohelii
973 1503 1093 1586 insigni
1105 1499 1294 1565 liberalitati
1306 1501 1428 1564 debeat.
1455 1501 1564 1565 Primo
1577 1500 1646 1566 loco
1660 1509 1828 1567 enumerat
1841 1503 1982 1567 duorum

791 1608 948 1673 librorum
961 1609 1323 1691 praestantissimorum,
1337 1604 1480 1672 01131331
1493 1611 1526 1670 31
1538 1606 1720 1683 Urbinatis,
1733 1606 1983 1692 diligentissime

791 1715 890 1778 factas
913 1711 1114 1789 collationes;
1139 1717 1338 1776 accesserunt
1361 1717 1522 1795 praeterea
1544 1710 1608 1775 3113
1631 1715 1766 1776 minime
1790 1712 1983 1796 spernenda,

791 1818 846 1884 sed
876 1836 957 1902 quae
988 1836 1072 1880 3333
1103 1814 1186 1879 nihil
1217 1815 1256 1879 ad
1287 1837 1360 1893 nos;
1386 1815 1500 1880 deinde
1523 1818 1569 1880 113
1592 1819 1717 1902 pergit:
1744 1814 1850 1894 „Cum
1873 1823 1983 1881 autem

791 1921 936 1990 Ohisiani
966 1920 1041 1985 libri
1072 1922 1290 2004 antiquissimi
1313 1923 1484 1985 auctoritas
1506 1921 1591 2005 apud
1614 1919 1827 1986 Ritsohelium
1852 1923 1986 1986 Ambro-

792 2031 941 2112 sinmque
964 2032 1093 2091 tantum
1117 2024 1273 2102 valuerit,
1299 2032 1336 2089 31
1359 2026 1398 2090 31
1421 2028 1491 2089 3133
1513 2028 1682 2111 praecipue
1704 2026 1799 2091 fidem
1820 2029 1984 2110 scriptoris

791 2135 889 2199 rerba
906 2134 994 2217 exigi
1013 2153 1104 2216 posse
1124 2134 1361 2207 existimarent,
1382 2131 1463 2195 mihi
1482 2151 1533 2195 res
1552 2131 1648 2217 longe
1668 2130 1762 2196 aliter
1780 2153 1846 2196 sese
1867 2132 1984 2196 habere

790 2238 929 2304 videtur.
962 2235 1126 2301 Urbinatis
1157 2239 1243 2300 enim
1273 2238 1485 2320 33333133113,
1509 2257 1704 2321 quamquam
1728 2235 1857 2301 levioris
1880 2239 1985 2301 onius-

792 2343 866 2409 dem
888 2343 1161 2426 interpretationis
1185 2340 1417 2405 commaculata
1441 2343 1605 2426 vestigiis,
1629 2362 1665 2406 33
1687 2348 1753 2419 331,
1779 2346 1816 2405 31
1839 2341 1985 2407 emenda·

791 2451 912 2514 tionem
936 2452 1038 2510 totam
1061 2446 1125 2510 fere
1144 2446 1184 2510 ab
1204 2446 1263 2510 hoc
1281 2444 1363 2510 libro
1382 2446 1587 2533 repetendam
1607 2467 1674 2511 esse
1693 2447 1775 2510 mihi
1794 2468 1983 2532 persuasum

694 2553 700 2562 “
791 2557 843 2618 311.
874 2553 956 2616 llam
985 2554 1088 2636 igitur
1118 2551 1226 2636 legem
1255 2552 1337 2615 mihi
1371 2554 1520 2636 proposui
1551 2557 1588 2615 ut
1614 2550 1800 2617 Urbinatem
1824 2559 1982 2638 quantum

791 2658 861 2723 fieri
891 2662 998 2741 posset
1028 2656 1166 2721 fideliter
1195 2657 1440 2741 exprimerem.''
1472 2657 1545 2721 Non
1575 2662 1650 2721 sunt
1680 2677 1756 2722 3333
1783 2658 1861 2722 1333
1885 2658 1983 2722 verba

791 2764 962 2847 ambigua:
986 2761 1093 2825 sordet
1115 2759 1303 2838 (lhisianus,
1325 2761 1488 2826 Urbinatis
1508 2768 1556 2826 331
1576 2761 1734 2847 quoddam
1754 2765 1847 2847 quasi
1867 2777 1984 2836 τηλαυ-

792 2868 847 2945 γὲς
872 2867 1039 2946 πρόσωπον.

837 2970 1060 3057 Septendecim
1093 2974 1183 3034 annis
1218 2976 1306 3054 3331,
1342 2991 1423 3036 3333
1461 2968 1561 3048 1877,
1595 2977 1721 3036 secutae
1757 2978 1832 3036 sunt
1867 2973 1983 3039 Oobeti

796 3077 1019 3142 Observationes
1049 3078 1092 3139 nd
1117 3077 1304 3160 Dionysium.
1336 3077 1399 3140 Hic
1423 3082 1530 3141 333331
1554 3080 1757 3142 seiuvenem
1782 3080 1924 3144 multum
1950 3087 1982 3145 et

791 3184 847 3248 din
874 3184 1050 3248 versarisse
1075 3180 1325 3268 Sylburgianam
1353 3182 1540 3264 sditionem3
1569 3182 1731 3266 aliquanto
1754 3192 1826 3268 post
1850 3186 1982 3250 demum

791 3295 922 3354 nactum
945 3308 1012 3353 esse
1035 3287 1239 3351 Reislrianam
1263 3287 1437 3352 editionem
1461 3294 1493 3351 et
1512 3291 1703 3372 comperisse
1722 3290 1838 3354 bonam
1857 3299 1982 3375 partem

792 3414 902 3458 eornm
934 3412 1015 3476 quae
1044 3394 1231 3456 correxisset
1261 3397 1318 3456 331
1342 3413 1380 3456 33
1403 3393 1526 3475 optimo
1550 3391 1655 3457 331133
1679 3393 1832 3459 Urbinate
1856 3416 1922 3459 3333
1946 3400 1980 3459 13

733 3521 735 3525 ·
790 3502 955 3583 integrum
978 3498 1163 3560 restitutam
1187 3502 1244 3560 331
1267 3497 1306 3560 ab
1330 3496 1420 3573 31113,
1445 3499 1632 3580 praesertim
1655 3499 1693 3562 ab
1718 3497 1866 3577 Reiski0,
1892 3523 1980 3566 occu-

789 3608 909 3688 patam.
931 3600 1127 3679 „'I¹andem''.
1146 3604 1269 3686 inquit,
1295 3602 1435 3686 „prodiit
1458 3601 1697 3686 Kiesslingiana
1720 3604 1834 3682 editio,
1859 3608 1893 3669 in
1917 3628 1981 3690 qua

790 3730 854 3772 333
876 3728 977 3792 33333
998 3727 1110 3770 eorum
1134 3727 1214 3791 quae
1237 3729 1293 3792 per
1317 3707 1437 3771 multos
1462 3727 1559 3771 33333
1582 3708 1826 3774 emendaturam
1851 3718 1882 3776 et
1906 3712 1982 3777 3113-

790 3834 864 3877 rum
895 3819 927 3877 et
957 3814 1060 3896 ipsius
1091 3811 1280 3897 Kiesslingii
1303 3814 1434 3897 ingenio
1458 3820 1490 3877 et
1514 3813 1657 3878 doctrina
1680 3815 1872 3900 iampridem
1896 3820 1979 3883 mihi

790 3924 956 4003 praerepta
986 3938 1052 3982 esse
1083 3918 1251 4002 cognori.''
1285 3916 1350 3981 Nec
1381 3939 1455 4006 3333
1479 3925 1527 3982 331
1551 3941 1607 3983 333
1631 3920 1689 3984 hoc
1713 3924 1878 4001 miremur,
1903 3945 1980 3989 nam

790 4022 1006 4107 Kiesslingius
1027 4025 1173 4086 omnium
1193 4025 1317 4106 primns
1329 4025 1379 4085 311
1391 4024 1498 4108 331311
1509 4022 1677 4089 3311311333
1690 4025 1805 4091 3311313
1818 4026 1980 4105 01131331,

790 4149 887 4214 quam
911 4126 1167 4191 commodaverat
1189 4126 1396 4192 Ritsohelius.

835 4234 1009 4317 Postquam
1039 4230 1159 4298 (lobeto
1190 4233 1390 4296 satisfactum
1422 4233 1484 4296 fuit
1508 4233 1546 4297 de
1570 4233 1711 4299 doctrina
1735 4235 1925 4323 Kiesslingii
1949 4247 1982 4304 et

790 4341 828 4405 de
860 4338 937 4416 fide,
969 4360 1032 4423 qus
1062 4341 1090 4402 13
1122 4337 1234 4403 3313111
1266 4340 1305 4403 13
1336 4341 1375 4403 113
1406 4359 1486 4423 qnae
1509 4340 1700 4425 iampridem
1725 4343 1763 4406 ab
1787 4342 1857 4406 31113
1882 4342 1981 4410 allata

788 4461 879 4511 erant
908 4444 947 4509 ad
978 4444 1127 4529 Dionysii
1158 4449 1285 4508 textum
1318 4444 1597 4529 perpurgandum,
1631 4447 1737 4510 evenit
1767 4446 1799 4509 id
1831 4448 1915 4532 quod
1939 4472 1979 4514 ex

789 4549 901 4615 multis
930 4548 1078 4615 31313313
1103 4549 1229 4614 indiciis
1252 4550 1464 4615 demonstrari
1487 4555 1608 4634 potest:
1633 4553 1786 4616 nimirum
1810 4555 1843 4616 in
1869 4553 1983 4619 Obser-

787 4656 972 4722 vationibus
989 4655 1222 4720 conseribendis
1241 4654 1381 4722 Oobetns
1400 4677 1496 4720 senex
1510 4692 1549 4703 -
1564 4676 1638 4719 nam
1658 4665 1801 4723 senectus
1822 4663 1852 4724 31
1871 4661 1978 4727 multo

788 4765 878 4847 prius
900 4762 1039 4844 obrepsit
1063 4782 1160 4845 quam
1177 4763 1341 4846 putaverit
1360 4763 1520 4846 quispiam
1535 4798 1573 4808 -
1588 4761 1717 4827 nullum
1737 4763 1837 4831 alium
1856 4766 1979 4832 librum

789 4867 828 4931 ad
859 4887 992 4933 manum
1016 4866 1129 4931 habuit
1152 4872 1275 4952 praeter
1299 4865 1576 4953 Kiesslingianum
1600 4869 1772 4953 exemplar,
1797 4892 1854 4937 nec
1876 4876 1980 4958 suspi-

626 5227 831 5373 Α
