5125 6150
1996 835 2127 902 402
2925 852 3010 900 nn
3056 851 3435 900 arctoam

2084 1017 2493 1103 Hipparchus
2511 1064 2527 1092 ,
2591 1021 2664 1080 ut
2725 1035 2956 1080 nomen
3002 1015 3274 1092 indicat,
3323 1017 3641 1100 equitatui
3685 1022 3972 1100 praeerat
3997 1013 4069 1096 ¹).

1996 1130 2214 1189 autem
2254 1121 2395 1188 loco
2441 1143 2565 1207 quo
2612 1121 3000 1208 hipparchus
3020 1170 3034 1196 ,
3084 1144 3121 1187 a
3165 1120 3433 1208 Polybio
3479 1127 3545 1186 et
3589 1121 3774 1187 Livio
3821 1122 4026 1187 scriba
4070 1145 4082 1208 ]

1996 1233 2563 1311 commemoratur3
2627 1234 2895 1313 uterque
2955 1230 3289 1313 excipitur,
3354 1249 3432 1292 ne
3493 1228 3672 1293 obses
3722 1227 3994 1293 Romam
4041 1250 4082 1292 n

1997 1335 2241 1403 Deinde
2301 1335 2541 1399 scribae
2602 1334 2844 1419 publici
2905 1321 2991 1398 fit'
3038 1337 3280 1399 mentio
3341 1336 3410 1398 in
3459 1333 3831 1399 Aetolorum
3877 1338 4082 1421 pactio

1998 1442 2284 1508 Eumene
2329 1462 2482 1528 rege
2525 1441 2925 1526 Pergameno
2971 1445 3119 1506 anni
3167 1441 3294 1506 fere
3347 1438 3494 1517 175,
3542 1443 3654 1506 ubi
3701 1441 3935 1507 dicitur
3980 1441 4082 1520 ἔγ)

1999 1549 2313 1628 τροξενιὶὶν
2338 1545 2413 1627 9).

2089 1653 2356 1718 Videtur
2415 1653 2800 1739 hipparchus
2858 1655 2925 1717 in
2987 1674 3054 1718 re
3114 1651 3416 1730 militari,
3466 1655 3671 1719 scriba
3713 1657 3781 1718 in
3830 1656 4017 1720 rebus
4063 1677 4082 1720 c

1995 1762 2273 1828 vicarius
2313 1760 2508 1824 fuisse
2551 1761 2881 1844 praetoris.

2087 1867 2393 1947 Quaestor
2451 1864 2783 1950 publicus,
2846 1872 3161 1950 quantum
3223 1866 3384 1929 mihi
3434 1865 3690 1950 quidem
3739 1870 4067 1951 apparuit,

1997 1981 2250 2039 tantum
2313 1971 2469 2037 locis
2531 1978 3071 2036 commemoratur
3097 1969 3167 2051 ³),
3230 1972 3342 2036 ubi
3402 1980 3625 2037 sumtu
3669 1971 3925 2057 publico
3972 1972 4082 2038 dec

1994 2080 2238 2146 lumnis
2281 2077 2697 2163 insculpenda
2741 2098 2961 2143 curare
3005 2078 3286 2143 iubetur.

2085 2187 2275 2253 quta
2349 2186 2464 2250 hos
2532 2188 2950 2271 magistratus
3018 2185 3187 2250 haud
3257 2183 3627 2271 negligendi
3696 2192 3847 2250 sunt
3913 2206 4082 2271 praee

1997 2294 2200 2360 scriba
2242 2297 2525 2368 senatus,
2572 2294 2683 2376 qui
2720 2312 2947 2355 nomen
2985 2290 3283 2378 synedrio
3324 2291 3514 2356 dabat
3538 2288 3609 2369 ⁴).
3659 2290 3835 2356 Duos
3874 2298 4082 2357 autem

1996 2419 2476 2485 nonnumquam
2523 2398 2720 2463 fuisse
2766 2400 3053 2482 suspicor
3077 2395 3149 2478 ⁵).

2088 2506 2393 2592 Superest
2450 2504 3036 2589 nomographorum
3097 2524 3333 2568 munus
3395 2503 3987 2569 extraordinarium.
4046 2504 4082 2569 B

1996 2613 2172 2701 leges
2230 2611 2422 2678 alicui
2483 2613 2733 2675 civitati
2786 2609 3025 2676 dandae
3070 2616 3250 2675 erant
3267 2659 3282 2687 ,
3330 2610 3749 2696 nomographi
3797 2613 3995 2676 creari
4041 2633 4082 2676 s«

1999 2721 2228 2805 quibus
2286 2719 2440 2783 haec
2498 2738 2600 2782 res
2660 2720 3190 2794 committeretur,
3249 2722 3324 2781 ut
3384 2724 3562 2801 patet
3615 2738 3691 2782 ex
3741 2716 4008 2802 epistola
4055 2719 4082 2781 A

2000 2829 2171 2911 regis
2208 2827 2357 2889 anni
2397 2822 2527 2888 303
2562 2822 2640 2888 de
2677 2825 3033 2901 συνοικισμῷ
3074 2823 3416 2888 Teensium
3455 2830 3520 2887 et
3543 2823 4006 2889 Lebedensium
4028 2829 4081 2904 ⁸)

2002 2931 2188 2997 aliter
2247 2952 2381 2994 rem
2447 2950 2512 2994 se
2572 2929 2868 2994 habuisse
2928 2931 2994 2992 in
3053 2931 3191 3013 ipsa
3251 2927 3538 3004 Aetolia,
3605 2928 3910 2993 discimus
3972 2950 4007 2993 e
4053 2929 4082 2992 I

2001 3041 2111 3124 qui
2171 3037 2361 3104 refert
2421 3057 2584 3102 anno
2633 3034 2763 3101 204
2828 3033 3211 3101 Dorimacho
3256 3041 3319 3099 et
3363 3034 3600 3120 Scopae
3647 3039 4065 3101 commissum

2002 3143 2250 3210 tabulas
2330 3164 2525 3207 novas
2608 3141 2828 3207 darent
2851 3147 2925 3220 ⁷).
2997 3141 3330 3206 Praeterea
3398 3142 3853 3228 n'omographis
3923 3163 4074 3207 cura

1999 3251 2320 3337 lapidibus
2380 3255 2444 3314 et
2489 3248 2804 3314 columnis
2846 3246 3405 3333 insculpendarum
3452 3253 3589 3313 erat
3637 3251 4007 3318 commissa.
4056 3272 4082 3312 t

2001 3363 2144 3421 tum
2190 3377 2499 3422 novarum
2544 3354 2769 3442 legum
2815 3356 2892 3419 ab
2940 3358 3095 3441 ipsis
3142 3355 3434 3419 datarum
3453 3404 3469 3433 ,
3520 3355 3627 3419 sed
3675 3358 3864 3420 etiam
3916 3354 4082 3420 aliar]

2001 3472 2186 3527 antea
2255 3461 2645 3548 perlatarum
2715 3461 2984 3526 necdum
3053 3460 3372 3546 lapidibus
3439 3464 3785 3526 incisarum
3811 3468 3883 3543 ⁸).
3971 3462 4082 3542 Qua

2003 3571 2271 3633 maximi
2330 3570 2644 3633 momenti
2701 3573 2879 3632 erant
2922 3566 3098 3653 leges
3144 3574 3206 3632 et
3253 3567 3536 3645 decreta,
3583 3590 3643 3633 V.
3672 3589 3722 3632 c.
3775 3569 4082 3634 decretum

2005 3696 2219 3740 norem
2267 3674 2573 3739 Eumenis
2617 3677 2787 3761 regis
2833 3674 3212 3761 Pergameni
3260 3696 3422 3739 anno
3470 3674 3598 3739 fere
3649 3672 3773 3739 1¹75
3824 3675 4065 3740 factum

2000 3783 2306 3867 praetoris
2383 3788 2445 3844 et
2522 3779 2915 3865 reliquorum
2975 3783 3479 3866 magistratuum
3542 3783 3759 3844 statim
3823 3783 4047 3846 ceteris

2003 3888 2270 3973 adiungi
2316 3885 2618 3951 solebant.

2072 4165 2118 4222 l)
2153 4161 2317 4224 Polyb.
2353 4160 2464 4209 xxI
2501 4162 2565 4209 32
2601 4162 2730 4222 §10;
2768 4161 2826 4209 cf.
2863 4160 3115 4210 XXXVIII
3153 4162 3213 4209 ll
3250 4161 3338 4221 57,
3370 4159 3581 4208 Dittenb.
3622 4159 3835 4209 425.35.

2070 4245 2120 4304 2)
2155 4243 2367 4292 Dittenb.
2403 4243 2514 4291 295.
2537 4243 2629 4299 32;
2664 4243 2722 4291 cf.
2756 4241 2870 4291 ibid.
2903 4243 3066 4292 9232
3100 4247 3148 4291 et
3185 4242 3360 4290 Dubois
3394 4258 3443 4305 p.
3479 4241 3591 4289 222.
3633 4242 3698 4289 lv
3738 4257 3803 4290 vs.
3840 4243 3887 4289 2.

2071 4329 2120 4388 3)
2155 4325 2366 4374 Dittonb.
2404 4325 2526 4373 295:
2574 4324 2632 4372 τό
2680 4321 2733 4371 δὲ
2777 4326 3049 4386 γενόμεν(ον
3096 4322 3358 4385 ἀνάλωμα)
3393 4323 3478 4371 τὸν
3515 4322 3703 4384 ταμίαν
3742 4326 3838 4381 τᾶς
3872 4332 3972 4371 wa
3994 4359 4002 4368 .
4027 4360 4038 4372 .
4060 4360 4070 4370 .

2005 4410 2063 4457 τό
2101 4406 2156 4457 δὶ
2187 4405 2450 4469 &witnowa
2485 4407 2544 4455 τὸ
2581 4403 2630 4454 ἓν
2664 4408 2758 4463 τὰς
2793 4405 2992 4464 στάλας
3029 4404 3174 4467 δόμεν
3209 4407 3311 4467 τό(ν
3347 4405 3570 4466 ταμίαν).

2069 4494 2118 4552 4)
2156 4489 2365 4539 Dittonb.
2401 4490 2626 4537 425.33:
2662 4488 2721 4536 τὸ
2755 4485 2996 4549 συνέδριον
3036 4488 3169 4537 ὅταν
3205 4489 3263 4537 τό
3300 4486 3383 4536 ἐπὶ
3415 4486 3745 4550 γραμματέος
3781 4485 3965 4536 Λύκου.

2074 4577 2121 4635 5)
2159 4572 2364 4621 Dittenb.
2400 4569 2519 4620 927:
2561 4572 3016 4632 γραμματευόντων
3052 4572 3159 4627 τοῖς
3193 4568 3457 4632 (συνέδροις
3492 4570 3801 4631 “nrm-alon.

2073 4657 2121 4713 6)
2157 4653 2366 4703 Dittenb.
2402 4652 2495 4703 177
2532 4654 2619 4714 58.
3152 4653 3200 4714 7)
3235 4652 3398 4716 Polyb.
3434 4653 3559 4702 XIII
3597 4654 3622 4701 l
3661 4657 3709 4700 et
3743 4654 3790 4702 2.

2072 4739 2120 4798 8)
2156 4736 2365 4785 Dittenb.
2400 4736 2513 4785 280.
2537 4734 2625 4785 17:
2661 4733 2788 4792 ὅπως
2822 4732 2876 4782 δὲ
2910 4734 2993 4783 καὶ
3026 4734 3096 4792 εἷς
3130 4735 3247 4791 τούς
3279 4737 3455 4794 νόμους
3491 4733 3867 4796 καταχωρισθίῐι
3903 4733 3974 4795 (ὁ)
4003 4731 4080 4781 ἀνι

2005 4819 2039 4866 ἁ
2074 4818 2289 4876 ἀσυλία,
2333 4819 2447 4874 τοὺς
2482 4814 2896 4873 κατασταθέντας
2930 4815 3271 4879 νομογράφους
3306 4815 3670 4881 καταχωρίξαι,
3705 4812 3822 4865 ἔνι-εί
3849 4833 3912 4863 κα
3947 4816 4008 4864 αἱ
4037 4832 4082 4864 νο

2005 4902 2258 4963 γίνωνται,
2292 4896 2340 4947 ἓν
2378 4899 2492 4955 τοὺς
2527 4901 2717 4959 νόμους.

2071 4986 2121 5043 9)
2160 4982 2367 5032 nittenb.
2402 4981 2513 5031 295.

1755 5301 2078 5369 a...
