<?xml version="1.0" encoding="UTF-8"?>
<!DOCTYPE html PUBLIC "-//W3C//DTD XHTML 1.0 Transitional//EN"
    "http://www.w3.org/TR/xhtml1/DTD/xhtml1-transitional.dtd">
<html xmlns="http://www.w3.org/1999/xhtml" xml:lang="en" lang="en">
 <head>
  <title>
</title>
<meta http-equiv="Content-Type" content="text/html;charset=utf-8" />
  <meta name='ocr-system' content='tesseract 3.04.00' />
  <meta name='ocr-capabilities' content='ocr_page ocr_carea ocr_par ocr_line ocrx_word'/>
</head>
<body>
  <div class='ocr_page' id='page_1' title='image "./mnemosyne04verdgoog_0405.png"; bbox 0 0 5125 6150; ppageno 0'>
   <div class='ocr_carea' id='block_1_1' title="bbox 686 798 1404 867">
    <p class='ocr_par' dir='ltr' id='par_1_1' title="bbox 686 798 1404 867">
     <span class='ocr_line' id='line_1_1' title="bbox 686 798 1404 867; baseline 0.004 -3"><span class='ocrx_word' id='word_1_1' title='bbox 686 798 752 865; x_wconf 80' lang='lat'><strong>408</strong></span> <span class='ocrx_word' id='word_1_2' title='bbox 1149 819 1192 867; x_wconf 82' lang='lat' dir='ltr'><strong>nr</strong></span> <span class='ocrx_word' id='word_1_3' title='bbox 1216 820 1404 867; x_wconf 82' lang='lat' dir='ltr'><strong>srronouurs</strong></span> 
     </span>
    </p>
   </div>
   <div class='ocr_carea' id='block_1_2' title="bbox 684 984 1870 1602">
    <p class='ocr_par' dir='ltr' id='par_1_2' title="bbox 684 984 1870 1602">
     <span class='ocr_line' id='line_1_2' title="bbox 686 984 1868 1071; baseline 0.002 -24"><span class='ocrx_word' id='word_1_4' title='bbox 686 986 751 1061; x_wconf 84' lang='lat' dir='ltr'><strong>,ita</strong></span> <span class='ocrx_word' id='word_1_5' title='bbox 773 992 809 1048; x_wconf 93' lang='lat' dir='ltr'><strong>ut</strong></span> <span class='ocrx_word' id='word_1_6' title='bbox 829 984 914 1070; x_wconf 87' lang='lat' dir='ltr'><strong>apud</strong></span> <span class='ocrx_word' id='word_1_7' title='bbox 937 984 1066 1050; x_wconf 77' lang='lat' dir='ltr'>Aetolos</span> <span class='ocrx_word' id='word_1_8' title='bbox 1087 1007 1190 1071; x_wconf 89' lang='lat' dir='ltr'><strong>neque</strong></span> <span class='ocrx_word' id='word_1_9' title='bbox 1209 989 1370 1052; x_wconf 74' lang='lat' dir='ltr'><strong>amicitiae</strong></span> <span class='ocrx_word' id='word_1_10' title='bbox 1389 988 1692 1071; x_wconf 86' lang='lat' dir='ltr'><strong>usqueinimiciriae</strong></span> <span class='ocrx_word' id='word_1_11' title='bbox 1704 990 1769 1051; x_wconf 90' lang='lat' dir='ltr'><strong>siut</strong></span> <span class='ocrx_word' id='word_1_12' title='bbox 1781 986 1868 1062; x_wconf 87' lang='lat' dir='ltr'><strong>fines,</strong></span> 
     </span>
     <span class='ocr_line' id='line_1_3' title="bbox 685 1091 1870 1178; baseline 0.001 -23"><span class='ocrx_word' id='word_1_13' title='bbox 685 1091 854 1166; x_wconf 85' lang='lat' dir='ltr'><strong>,omnibus</strong></span> <span class='ocrx_word' id='word_1_14' title='bbox 881 1095 967 1156; x_wconf 92' lang='lat' dir='ltr'><strong>enim</strong></span> <span class='ocrx_word' id='word_1_15' title='bbox 991 1093 1141 1178; x_wconf 83' lang='lat' dir='ltr'><strong>gentibus</strong></span> <span class='ocrx_word' id='word_1_16' title='bbox 1165 1091 1203 1156; x_wconf 89' lang='lat' dir='ltr'><strong>de</strong></span> <span class='ocrx_word' id='word_1_17' title='bbox 1227 1091 1368 1177; x_wconf 86' lang='lat' dir='ltr'><strong>qualibet</strong></span> <span class='ocrx_word' id='word_1_18' title='bbox 1392 1114 1426 1157; x_wconf 91' lang='lat' dir='ltr'><strong>re</strong></span> <span class='ocrx_word' id='word_1_19' title='bbox 1448 1093 1706 1158; x_wconf 69' lang='lat' dir='ltr'><strong>dissentientibus</strong></span> <span class='ocrx_word' id='word_1_20' title='bbox 1728 1095 1870 1178; x_wconf 84' lang='lat' dir='ltr'><strong>prompti</strong></span> 
     </span>
     <span class='ocr_line' id='line_1_4' title="bbox 685 1197 1868 1285; baseline 0.002 -24"><span class='ocrx_word' id='word_1_21' title='bbox 685 1204 739 1273; x_wconf 82' lang='lat' dir='ltr'><strong>„et</strong></span> <span class='ocrx_word' id='word_1_22' title='bbox 770 1200 873 1282; x_wconf 86' lang='lat' dir='ltr'><strong>parati</strong></span> <span class='ocrx_word' id='word_1_23' title='bbox 903 1198 1009 1262; x_wconf 91' lang='lat' dir='ltr'><strong>hostes</strong></span> <span class='ocrx_word' id='word_1_24' title='bbox 1039 1198 1177 1263; x_wconf 89' lang='lat' dir='ltr'><strong>adsunt&#39;’</strong></span> <span class='ocrx_word' id='word_1_25' title='bbox 1192 1197 1227 1278; x_wconf 88' lang='lat'><strong>¹).</strong></span> <span class='ocrx_word' id='word_1_26' title='bbox 1263 1197 1312 1262; x_wconf 78' lang='lat' dir='ltr'><strong>Ex</strong></span> <span class='ocrx_word' id='word_1_27' title='bbox 1345 1220 1407 1284; x_wconf 89' lang='lat' dir='ltr'><strong>quo</strong></span> <span class='ocrx_word' id='word_1_28' title='bbox 1436 1198 1506 1264; x_wconf 92' lang='lat' dir='ltr'><strong>loco</strong></span> <span class='ocrx_word' id='word_1_29' title='bbox 1535 1197 1714 1265; x_wconf 80' lang='lat' dir='ltr'><strong>luculenter</strong></span> <span class='ocrx_word' id='word_1_30' title='bbox 1737 1206 1868 1285; x_wconf 89' lang='lat' dir='ltr'><strong>apparet</strong></span> 
     </span>
     <span class='ocr_line' id='line_1_5' title="bbox 684 1303 1866 1392; baseline 0.003 -26"><span class='ocrx_word' id='word_1_31' title='bbox 684 1322 806 1367; x_wconf 88' lang='lat' dir='ltr'><strong>meram</strong></span> <span class='ocrx_word' id='word_1_32' title='bbox 837 1306 1022 1370; x_wconf 89' lang='lat' dir='ltr'><strong>societatem</strong></span> <span class='ocrx_word' id='word_1_33' title='bbox 1053 1325 1167 1390; x_wconf 90' lang='lat' dir='ltr'><strong>parum</strong></span> <span class='ocrx_word' id='word_1_34' title='bbox 1198 1303 1336 1369; x_wconf 80' lang='lat' dir='ltr'><strong>valuisse</strong></span> <span class='ocrx_word' id='word_1_35' title='bbox 1367 1306 1406 1369; x_wconf 87' lang='lat' dir='ltr'><strong>ad</strong></span> <span class='ocrx_word' id='word_1_36' title='bbox 1438 1306 1648 1392; x_wconf 83' lang='lat' dir='ltr'><strong>protegendos</strong></span> <span class='ocrx_word' id='word_1_37' title='bbox 1679 1306 1866 1371; x_wconf 82' lang='lat' dir='ltr'><strong>Aetolorum</strong></span> 
     </span>
     <span class='ocr_line' id='line_1_6' title="bbox 684 1410 1868 1497; baseline 0.003 -25"><span class='ocrx_word' id='word_1_38' title='bbox 684 1412 802 1474; x_wconf 86' lang='lat' dir='ltr'><strong>amicos</strong></span> <span class='ocrx_word' id='word_1_39' title='bbox 825 1410 864 1475; x_wconf 87' lang='lat' dir='ltr'><strong>ab</strong></span> <span class='ocrx_word' id='word_1_40' title='bbox 889 1431 998 1475; x_wconf 92' lang='lat' dir='ltr'><strong>corum</strong></span> <span class='ocrx_word' id='word_1_41' title='bbox 1021 1410 1205 1475; x_wconf 90' lang='lat' dir='ltr'><strong>latrociniis.</strong></span> <span class='ocrx_word' id='word_1_42' title='bbox 1230 1413 1374 1475; x_wconf 86' lang='lat' dir='ltr'><strong>Arctioro</strong></span> <span class='ocrx_word' id='word_1_43' title='bbox 1396 1410 1559 1497; x_wconf 87' lang='lat' dir='ltr'><strong>aliquanto</strong></span> <span class='ocrx_word' id='word_1_44' title='bbox 1583 1411 1711 1477; x_wconf 85' lang='lat' dir='ltr'><strong>viuculo</strong></span> <span class='ocrx_word' id='word_1_45' title='bbox 1734 1412 1773 1475; x_wconf 87' lang='lat' dir='ltr'><strong>ad</strong></span> <span class='ocrx_word' id='word_1_46' title='bbox 1796 1433 1868 1476; x_wconf 87' lang='lat' dir='ltr'><strong>eam</strong></span> 
     </span>
     <span class='ocr_line' id='line_1_7' title="bbox 685 1517 1305 1602; baseline 0.003 -23"><span class='ocrx_word' id='word_1_47' title='bbox 685 1537 753 1582; x_wconf 93' lang='lat' dir='ltr'><strong>rem</strong></span> <span class='ocrx_word' id='word_1_48' title='bbox 777 1537 856 1602; x_wconf 89' lang='lat' dir='ltr'><strong>opus</strong></span> <span class='ocrx_word' id='word_1_49' title='bbox 880 1522 964 1594; x_wconf 86' lang='lat' dir='ltr'><strong>erat,</strong></span> <span class='ocrx_word' id='word_1_50' title='bbox 988 1539 1102 1602; x_wconf 82' lang='lat' dir='ltr'><strong>nempe</strong></span> <span class='ocrx_word' id='word_1_51' title='bbox 1124 1517 1305 1602; x_wconf 72' lang='lat' dir='ltr'><strong>sympolitia.</strong></span> 
     </span>
    </p>
   </div>
   <div class='ocr_carea' id='block_1_3' title="bbox 1101 1701 1453 1786">
    <p class='ocr_par' dir='ltr' id='par_1_3' title="bbox 1101 1701 1453 1786">
     <span class='ocr_line' id='line_1_8' title="bbox 1101 1701 1453 1786; baseline 0.003 -20"><span class='ocrx_word' id='word_1_52' title='bbox 1101 1703 1118 1786; x_wconf 64' lang='grc' dir='ltr'><strong>ξ</strong></span> <span class='ocrx_word' id='word_1_53' title='bbox 1138 1701 1169 1766; x_wconf 83' lang='lat'><strong>2.</strong></span> <span class='ocrx_word' id='word_1_54' title='bbox 1202 1702 1248 1765; x_wconf 86' lang='lat' dir='ltr'><strong>De</strong></span> <span class='ocrx_word' id='word_1_55' title='bbox 1270 1701 1453 1785; x_wconf 78' lang='lat' dir='ltr'><strong>sympolitio.</strong></span> 
     </span>
    </p>
   </div>
   <div class='ocr_carea' id='block_1_4' title="bbox 683 1851 1876 3938">
    <p class='ocr_par' dir='ltr' id='par_1_4' title="bbox 683 1851 1876 3938">
     <span class='ocr_line' id='line_1_9' title="bbox 728 1851 1869 1940; baseline 0 -22"><span class='ocrx_word' id='word_1_56' title='bbox 728 1851 922 1940; x_wconf 86' lang='lat' dir='ltr'><strong>Sympolitia</strong></span> <span class='ocrx_word' id='word_1_57' title='bbox 946 1874 1017 1918; x_wconf 89' lang='lat' dir='ltr'><strong>mea</strong></span> <span class='ocrx_word' id='word_1_58' title='bbox 1040 1854 1172 1939; x_wconf 91' lang='lat' dir='ltr'><strong>quidem</strong></span> <span class='ocrx_word' id='word_1_59' title='bbox 1194 1857 1351 1918; x_wconf 88' lang='lat' dir='ltr'><strong>sententia</strong></span> <span class='ocrx_word' id='word_1_60' title='bbox 1374 1855 1437 1918; x_wconf 85' lang='lat' dir='ltr'><strong>fuit</strong></span> <span class='ocrx_word' id='word_1_61' title='bbox 1460 1856 1582 1939; x_wconf 88' lang='lat' dir='ltr'><strong>pactio,</strong></span> <span class='ocrx_word' id='word_1_62' title='bbox 1603 1875 1665 1939; x_wconf 86' lang='lat' dir='ltr'><strong>qua</strong></span> <span class='ocrx_word' id='word_1_63' title='bbox 1683 1853 1869 1918; x_wconf 82' lang='lat' dir='ltr'><strong>Aetolorum</strong></span> 
     </span>
     <span class='ocr_line' id='line_1_10' title="bbox 683 1959 1869 2045; baseline -0.001 -20"><span class='ocrx_word' id='word_1_64' title='bbox 683 1963 796 2025; x_wconf 83' lang='lat' dir='ltr'><strong>civitas</strong></span> <span class='ocrx_word' id='word_1_65' title='bbox 827 1961 951 2025; x_wconf 85' lang='lat' dir='ltr'><strong>civibus</strong></span> <span class='ocrx_word' id='word_1_66' title='bbox 982 1959 1118 2025; x_wconf 89' lang='lat' dir='ltr'><strong>alicuius</strong></span> <span class='ocrx_word' id='word_1_67' title='bbox 1149 1961 1238 2025; x_wconf 92' lang='lat' dir='ltr'><strong>urbis</strong></span> <span class='ocrx_word' id='word_1_68' title='bbox 1269 1980 1368 2045; x_wconf 83' lang='lat' dir='ltr'><strong>aequo</strong></span> <span class='ocrx_word' id='word_1_69' title='bbox 1398 1963 1469 2024; x_wconf 90' lang='lat' dir='ltr'><strong>iure</strong></span> <span class='ocrx_word' id='word_1_70' title='bbox 1492 1960 1637 2036; x_wconf 90' lang='lat' dir='ltr'><strong>dabatur,</strong></span> <span class='ocrx_word' id='word_1_71' title='bbox 1662 1961 1737 2025; x_wconf 90' lang='lat' dir='ltr'><strong>baec</strong></span> <span class='ocrx_word' id='word_1_72' title='bbox 1760 1969 1869 2025; x_wconf 87' lang='lat' dir='ltr'><strong>autem</strong></span> 
     </span>
     <span class='ocr_line' id='line_1_11' title="bbox 684 2065 1871 2152; baseline 0 -21"><span class='ocrx_word' id='word_1_73' title='bbox 684 2068 759 2132; x_wconf 93' lang='lat' dir='ltr'><strong>urbs</strong></span> <span class='ocrx_word' id='word_1_74' title='bbox 778 2065 898 2131; x_wconf 87' lang='lat' dir='ltr'><strong>Aetolis</strong></span> <span class='ocrx_word' id='word_1_75' title='bbox 917 2069 1026 2131; x_wconf 87' lang='lat' dir='ltr'><strong>omnia</strong></span> <span class='ocrx_word' id='word_1_76' title='bbox 1046 2069 1116 2132; x_wconf 84' lang='lat' dir='ltr'><strong>iura</strong></span> <span class='ocrx_word' id='word_1_77' title='bbox 1139 2066 1317 2143; x_wconf 88' lang='lat' dir='ltr'><strong>tribuebat,</strong></span> <span class='ocrx_word' id='word_1_78' title='bbox 1341 2068 1457 2152; x_wconf 91' lang='lat' dir='ltr'><strong>quibus</strong></span> <span class='ocrx_word' id='word_1_79' title='bbox 1478 2069 1581 2152; x_wconf 91' lang='lat' dir='ltr'><strong>ipsius</strong></span> <span class='ocrx_word' id='word_1_80' title='bbox 1604 2070 1689 2132; x_wconf 88' lang='lat' dir='ltr'><strong>cives</strong></span> <span class='ocrx_word' id='word_1_81' title='bbox 1711 2070 1744 2130; x_wconf 91' lang='lat' dir='ltr'><strong>in</strong></span> <span class='ocrx_word' id='word_1_82' title='bbox 1767 2069 1871 2152; x_wconf 84' lang='lat' dir='ltr'><strong>patria</strong></span> 
     </span>
     <span class='ocr_line' id='line_1_12' title="bbox 683 2171 1869 2259; baseline -0.002 -22"><span class='ocrx_word' id='word_1_83' title='bbox 683 2195 741 2237; x_wconf 89' lang='lat' dir='ltr'><strong>sua</strong></span> <span class='ocrx_word' id='word_1_84' title='bbox 772 2173 966 2237; x_wconf 77' lang='lat' dir='ltr'><strong>fruebantur.</strong></span> <span class='ocrx_word' id='word_1_85' title='bbox 998 2171 1077 2237; x_wconf 78' lang='lat' dir='ltr'><strong>Erat</strong></span> <span class='ocrx_word' id='word_1_86' title='bbox 1107 2176 1210 2259; x_wconf 81' lang='lat' dir='ltr'><strong>igitur</strong></span> <span class='ocrx_word' id='word_1_87' title='bbox 1240 2171 1351 2237; x_wconf 86' lang='lat' dir='ltr'><strong>foedus</strong></span> <span class='ocrx_word' id='word_1_88' title='bbox 1382 2193 1538 2258; x_wconf 90' lang='lat' dir='ltr'><strong>aequum,</strong></span> <span class='ocrx_word' id='word_1_89' title='bbox 1562 2173 1646 2258; x_wconf 90' lang='lat' dir='ltr'><strong>quod</strong></span> <span class='ocrx_word' id='word_1_90' title='bbox 1669 2176 1739 2237; x_wconf 88' lang='lat' dir='ltr'><strong>iure</strong></span> <span class='ocrx_word' id='word_1_91' title='bbox 1762 2184 1869 2237; x_wconf 88' lang='lat' dir='ltr'><strong>tamen</strong></span> 
     </span>
     <span class='ocr_line' id='line_1_13' title="bbox 685 2278 1869 2366; baseline -0.002 -22"><span class='ocrx_word' id='word_1_92' title='bbox 685 2282 790 2366; x_wconf 77' lang='lat' dir='ltr'><strong>magis</strong></span> <span class='ocrx_word' id='word_1_93' title='bbox 820 2300 916 2364; x_wconf 89' lang='lat' dir='ltr'><strong>quam</strong></span> <span class='ocrx_word' id='word_1_94' title='bbox 947 2301 980 2343; x_wconf 86' lang='lat' dir='ltr'><strong>re</strong></span> <span class='ocrx_word' id='word_1_95' title='bbox 1010 2281 1079 2364; x_wconf 89' lang='lat' dir='ltr'><strong>ipsa</strong></span> <span class='ocrx_word' id='word_1_96' title='bbox 1111 2279 1252 2354; x_wconf 84' lang='lat' dir='ltr'><strong>valebat,</strong></span> <span class='ocrx_word' id='word_1_97' title='bbox 1284 2299 1436 2364; x_wconf 79' lang='lat' dir='ltr'><strong>quonism</strong></span> <span class='ocrx_word' id='word_1_98' title='bbox 1468 2278 1536 2343; x_wconf 87' lang='lat' dir='ltr'><strong>fieri</strong></span> <span class='ocrx_word' id='word_1_99' title='bbox 1565 2301 1627 2344; x_wconf 92' lang='lat' dir='ltr'><strong>non</strong></span> <span class='ocrx_word' id='word_1_100' title='bbox 1650 2286 1754 2364; x_wconf 91' lang='lat' dir='ltr'><strong>potest</strong></span> <span class='ocrx_word' id='word_1_101' title='bbox 1778 2282 1869 2342; x_wconf 92' lang='lat' dir='ltr'><strong>utin</strong></span> 
     </span>
     <span class='ocr_line' id='line_1_14' title="bbox 684 2382 1871 2469; baseline -0.003 -19"><span class='ocrx_word' id='word_1_102' title='bbox 684 2386 806 2450; x_wconf 88' lang='lat' dir='ltr'><strong>duabus</strong></span> <span class='ocrx_word' id='word_1_103' title='bbox 837 2382 935 2449; x_wconf 91' lang='lat' dir='ltr'><strong>simul</strong></span> <span class='ocrx_word' id='word_1_104' title='bbox 965 2385 1152 2449; x_wconf 75' lang='lat' dir='ltr'><strong>ciritafibus</strong></span> <span class='ocrx_word' id='word_1_105' title='bbox 1181 2387 1251 2449; x_wconf 89' lang='lat' dir='ltr'><strong>iure</strong></span> <span class='ocrx_word' id='word_1_106' title='bbox 1282 2388 1423 2449; x_wconf 87' lang='lat' dir='ltr'><strong>civitatis</strong></span> <span class='ocrx_word' id='word_1_107' title='bbox 1454 2393 1564 2449; x_wconf 90' lang='lat' dir='ltr'><strong>utatur</strong></span> <span class='ocrx_word' id='word_1_108' title='bbox 1594 2387 1675 2469; x_wconf 91' lang='lat' dir='ltr'><strong>quis.</strong></span> <span class='ocrx_word' id='word_1_109' title='bbox 1700 2383 1871 2463; x_wconf 77' lang='lat' dir='ltr'><strong>Quaeritur</strong></span> 
     </span>
     <span class='ocr_line' id='line_1_15' title="bbox 684 2489 1871 2578; baseline -0.002 -22"><span class='ocrx_word' id='word_1_110' title='bbox 684 2494 786 2578; x_wconf 82' lang='lat' dir='ltr'><strong>igitur</strong></span> <span class='ocrx_word' id='word_1_111' title='bbox 818 2512 880 2576; x_wconf 94' lang='lat' dir='ltr'><strong>quo</strong></span> <span class='ocrx_word' id='word_1_112' title='bbox 911 2489 1099 2577; x_wconf 86' lang='lat' dir='ltr'><strong>sympolitia</strong></span> <span class='ocrx_word' id='word_1_113' title='bbox 1121 2490 1179 2555; x_wconf 91' lang='lat' dir='ltr'><strong>illa</strong></span> <span class='ocrx_word' id='word_1_114' title='bbox 1201 2493 1403 2577; x_wconf 85' lang='lat' dir='ltr'><strong>spectaverit.</strong></span> <span class='ocrx_word' id='word_1_115' title='bbox 1428 2491 1641 2557; x_wconf 79' lang='lat' dir='ltr'><strong>Rementem</strong></span> <span class='ocrx_word' id='word_1_116' title='bbox 1665 2491 1803 2577; x_wconf 89' lang='lat' dir='ltr'><strong>explicat</strong></span> <span class='ocrx_word' id='word_1_117' title='bbox 1825 2493 1871 2554; x_wconf 90' lang='lat' dir='ltr'><strong>in-</strong></span> 
     </span>
     <span class='ocr_line' id='line_1_16' title="bbox 685 2595 1871 2683; baseline -0.003 -20"><span class='ocrx_word' id='word_1_118' title='bbox 685 2599 832 2682; x_wconf 81' lang='lat' dir='ltr'><strong>scriptio,</strong></span> <span class='ocrx_word' id='word_1_119' title='bbox 864 2596 972 2661; x_wconf 88' lang='lat' dir='ltr'><strong>fosdus</strong></span> <span class='ocrx_word' id='word_1_120' title='bbox 1003 2595 1173 2663; x_wconf 89' lang='lat' dir='ltr'><strong>Oeensium</strong></span> <span class='ocrx_word' id='word_1_121' title='bbox 1196 2619 1269 2662; x_wconf 90' lang='lat' dir='ltr'><strong>cum</strong></span> <span class='ocrx_word' id='word_1_122' title='bbox 1294 2596 1416 2662; x_wconf 89' lang='lat' dir='ltr'><strong>Aetolis</strong></span> <span class='ocrx_word' id='word_1_123' title='bbox 1439 2606 1471 2662; x_wconf 88' lang='lat' dir='ltr'><strong>et</strong></span> <span class='ocrx_word' id='word_1_124' title='bbox 1493 2598 1678 2683; x_wconf 86' lang='lat' dir='ltr'><strong>Naupactiis</strong></span> <span class='ocrx_word' id='word_1_125' title='bbox 1701 2597 1871 2673; x_wconf 80' lang='lat' dir='ltr'><strong>exhibens,</strong></span> 
     </span>
     <span class='ocr_line' id='line_1_17' title="bbox 686 2700 1870 2788; baseline -0.002 -21"><span class='ocrx_word' id='word_1_126' title='bbox 686 2706 850 2788; x_wconf 87' lang='lat' dir='ltr'><strong>quainter</strong></span> <span class='ocrx_word' id='word_1_127' title='bbox 869 2700 1003 2768; x_wconf 81' lang='lat' dir='ltr'><strong>Oeenses</strong></span> <span class='ocrx_word' id='word_1_128' title='bbox 1022 2712 1054 2768; x_wconf 88' lang='lat' dir='ltr'><strong>et</strong></span> <span class='ocrx_word' id='word_1_129' title='bbox 1075 2702 1204 2768; x_wconf 84' lang='lat' dir='ltr'><strong>Aetolos</strong></span> <span class='ocrx_word' id='word_1_130' title='bbox 1224 2704 1394 2768; x_wconf 86' lang='lat' dir='ltr'><strong>manifesto</strong></span> <span class='ocrx_word' id='word_1_131' title='bbox 1413 2705 1620 2768; x_wconf 88' lang='lat' dir='ltr'><strong>constituitur</strong></span> <span class='ocrx_word' id='word_1_132' title='bbox 1631 2702 1820 2788; x_wconf 90' lang='lat' dir='ltr'><strong>sympolitia</strong></span> <span class='ocrx_word' id='word_1_133' title='bbox 1833 2701 1870 2785; x_wconf 88' lang='lat'><strong>²).</strong></span> 
     </span>
     <span class='ocr_line' id='line_1_18' title="bbox 686 2810 1872 2895; baseline -0.002 -20"><span class='ocrx_word' id='word_1_134' title='bbox 686 2810 755 2875; x_wconf 85' lang='lat' dir='ltr'><strong>Hac</strong></span> <span class='ocrx_word' id='word_1_135' title='bbox 778 2812 864 2874; x_wconf 90' lang='lat' dir='ltr'><strong>enim</strong></span> <span class='ocrx_word' id='word_1_136' title='bbox 884 2831 922 2874; x_wconf 91' lang='lat' dir='ltr'><strong>ex</strong></span> <span class='ocrx_word' id='word_1_137' title='bbox 941 2812 1145 2895; x_wconf 90' lang='lat' dir='ltr'><strong>inscriptione</strong></span> <span class='ocrx_word' id='word_1_138' title='bbox 1164 2810 1318 2875; x_wconf 78' lang='lat' dir='ltr'><strong>discimus</strong></span> <span class='ocrx_word' id='word_1_139' title='bbox 1338 2810 1531 2895; x_wconf 74' lang='lat' dir='ltr'><strong>Naupactios</strong></span> <span class='ocrx_word' id='word_1_140' title='bbox 1551 2814 1585 2874; x_wconf 91' lang='lat' dir='ltr'><strong>in</strong></span> <span class='ocrx_word' id='word_1_141' title='bbox 1604 2813 1712 2874; x_wconf 89' lang='lat' dir='ltr'><strong>animo</strong></span> <span class='ocrx_word' id='word_1_142' title='bbox 1724 2810 1872 2873; x_wconf 90' lang='lat' dir='ltr'><strong>habuisse</strong></span> 
     </span>
     <span class='ocr_line' id='line_1_19' title="bbox 685 2914 1875 3003; baseline -0.003 -22"><span class='ocrx_word' id='word_1_143' title='bbox 685 2918 850 2981; x_wconf 88' lang='lat' dir='ltr'><strong>civitatem</strong></span> <span class='ocrx_word' id='word_1_144' title='bbox 874 2936 965 2980; x_wconf 89' lang='lat' dir='ltr'><strong>suam</strong></span> <span class='ocrx_word' id='word_1_145' title='bbox 987 2914 1159 2982; x_wconf 83' lang='lat' dir='ltr'><strong>Oeensibus</strong></span> <span class='ocrx_word' id='word_1_146' title='bbox 1183 2918 1332 2981; x_wconf 90' lang='lat' dir='ltr'><strong>tribuere.</strong></span> <span class='ocrx_word' id='word_1_147' title='bbox 1353 2915 1479 3003; x_wconf 83' lang='lat' dir='ltr'><strong>Duplex</strong></span> <span class='ocrx_word' id='word_1_148' title='bbox 1499 2924 1608 2981; x_wconf 89' lang='lat' dir='ltr'><strong>autem</strong></span> <span class='ocrx_word' id='word_1_149' title='bbox 1629 2920 1778 3001; x_wconf 92' lang='lat' dir='ltr'><strong>quoniam</strong></span> <span class='ocrx_word' id='word_1_150' title='bbox 1797 2936 1875 3001; x_wconf 81' lang='lat' dir='ltr'><strong>gan·</strong></span> 
     </span>
     <span class='ocr_line' id='line_1_20' title="bbox 687 3021 1873 3109; baseline 0.001 -22"><span class='ocrx_word' id='word_1_151' title='bbox 687 3026 770 3088; x_wconf 91' lang='lat' dir='ltr'><strong>tium</strong></span> <span class='ocrx_word' id='word_1_152' title='bbox 794 3021 1010 3088; x_wconf 87' lang='lat' dir='ltr'><strong>Aetolicsrum</strong></span> <span class='ocrx_word' id='word_1_153' title='bbox 1034 3030 1101 3088; x_wconf 90' lang='lat' dir='ltr'><strong>erat</strong></span> <span class='ocrx_word' id='word_1_154' title='bbox 1124 3029 1242 3100; x_wconf 89' lang='lat' dir='ltr'><strong>status,</strong></span> <span class='ocrx_word' id='word_1_155' title='bbox 1263 3032 1300 3088; x_wconf 89' lang='lat' dir='ltr'><strong>ut</strong></span> <span class='ocrx_word' id='word_1_156' title='bbox 1320 3044 1416 3109; x_wconf 87' lang='lat' dir='ltr'><strong>supra</strong></span> <span class='ocrx_word' id='word_1_157' title='bbox 1435 3023 1593 3102; x_wconf 79' lang='lat' dir='ltr'><strong>vidimus,</strong></span> <span class='ocrx_word' id='word_1_158' title='bbox 1617 3060 1658 3071; x_wconf 94' lang='lat'>-</span> <span class='ocrx_word' id='word_1_159' title='bbox 1678 3025 1764 3088; x_wconf 85' lang='lat' dir='ltr'><strong>cives</strong></span> <span class='ocrx_word' id='word_1_160' title='bbox 1785 3025 1873 3088; x_wconf 92' lang='lat' dir='ltr'><strong>enim</strong></span> 
     </span>
     <span class='ocr_line' id='line_1_21' title="bbox 687 3127 1873 3215; baseline -0.002 -20"><span class='ocrx_word' id='word_1_161' title='bbox 687 3152 761 3195; x_wconf 91' lang='lat' dir='ltr'><strong>cum</strong></span> <span class='ocrx_word' id='word_1_162' title='bbox 794 3128 929 3194; x_wconf 81' lang='lat' dir='ltr'><strong>Aetolici</strong></span> <span class='ocrx_word' id='word_1_163' title='bbox 953 3136 1058 3205; x_wconf 88' lang='lat' dir='ltr'><strong>erant,</strong></span> <span class='ocrx_word' id='word_1_164' title='bbox 1085 3139 1155 3194; x_wconf 88' lang='lat' dir='ltr'><strong>tum</strong></span> <span class='ocrx_word' id='word_1_165' title='bbox 1178 3133 1299 3215; x_wconf 90' lang='lat' dir='ltr'><strong>patriae</strong></span> <span class='ocrx_word' id='word_1_166' title='bbox 1323 3151 1415 3207; x_wconf 91' lang='lat' dir='ltr'><strong>suae,</strong></span> <span class='ocrx_word' id='word_1_167' title='bbox 1443 3167 1483 3179; x_wconf 90' lang='lat'><em>-</em></span> <span class='ocrx_word' id='word_1_168' title='bbox 1507 3130 1597 3194; x_wconf 89' lang='lat' dir='ltr'><strong>nullo</strong></span> <span class='ocrx_word' id='word_1_169' title='bbox 1622 3129 1715 3194; x_wconf 91' lang='lat' dir='ltr'><strong>modo</strong></span> <span class='ocrx_word' id='word_1_170' title='bbox 1738 3127 1873 3196; x_wconf 82' lang='lat' dir='ltr'><strong>Oeenses</strong></span> 
     </span>
     <span class='ocr_line' id='line_1_22' title="bbox 687 3235 1873 3320; baseline -0.002 -19"><span class='ocrx_word' id='word_1_171' title='bbox 687 3235 737 3301; x_wconf 90' lang='lat' dir='ltr'><strong>illi</strong></span> <span class='ocrx_word' id='word_1_172' title='bbox 760 3235 930 3320; x_wconf 86' lang='lat' dir='ltr'><strong>Naupactii</strong></span> <span class='ocrx_word' id='word_1_173' title='bbox 954 3235 1022 3299; x_wconf 91' lang='lat' dir='ltr'><strong>fieri</strong></span> <span class='ocrx_word' id='word_1_174' title='bbox 1045 3243 1234 3320; x_wconf 89' lang='lat' dir='ltr'><strong>potueruut,</strong></span> <span class='ocrx_word' id='word_1_175' title='bbox 1259 3239 1292 3300; x_wconf 92' lang='lat' dir='ltr'><strong>ni</strong></span> <span class='ocrx_word' id='word_1_176' title='bbox 1315 3244 1407 3301; x_wconf 85' lang='lat' dir='ltr'><strong>antea</strong></span> <span class='ocrx_word' id='word_1_177' title='bbox 1430 3236 1535 3301; x_wconf 90' lang='lat' dir='ltr'><strong>Aetoli</strong></span> <span class='ocrx_word' id='word_1_178' title='bbox 1556 3237 1631 3300; x_wconf 86' lang='lat' dir='ltr'><strong>facti</strong></span> <span class='ocrx_word' id='word_1_179' title='bbox 1646 3242 1760 3301; x_wconf 87' lang='lat' dir='ltr'><strong>essent.</strong></span> <span class='ocrx_word' id='word_1_180' title='bbox 1781 3235 1873 3300; x_wconf 91' lang='lat' dir='ltr'><strong>Hanc</strong></span> 
     </span>
     <span class='ocr_line' id='line_1_23' title="bbox 688 3341 1874 3428; baseline 0 -24"><span class='ocrx_word' id='word_1_181' title='bbox 688 3343 727 3405; x_wconf 95' lang='lat' dir='ltr'><strong>ob</strong></span> <span class='ocrx_word' id='word_1_182' title='bbox 747 3362 874 3405; x_wconf 88' lang='lat' dir='ltr'><strong>causam</strong></span> <span class='ocrx_word' id='word_1_183' title='bbox 893 3341 1144 3427; x_wconf 86' lang='lat' dir='ltr'><strong>Naupactiorum</strong></span> <span class='ocrx_word' id='word_1_184' title='bbox 1164 3342 1288 3407; x_wconf 91' lang='lat' dir='ltr'><strong>decreto</strong></span> <span class='ocrx_word' id='word_1_185' title='bbox 1309 3345 1518 3428; x_wconf 88' lang='lat' dir='ltr'><strong>praemissum</strong></span> <span class='ocrx_word' id='word_1_186' title='bbox 1539 3351 1586 3407; x_wconf 90' lang='lat' dir='ltr'><strong>est</strong></span> <span class='ocrx_word' id='word_1_187' title='bbox 1610 3341 1770 3406; x_wconf 89' lang='lat' dir='ltr'><strong>decretum</strong></span> <span class='ocrx_word' id='word_1_188' title='bbox 1793 3341 1874 3404; x_wconf 93' lang='lat' dir='ltr'><strong>Pan·</strong></span> 
     </span>
     <span class='ocr_line' id='line_1_24' title="bbox 688 3445 1873 3532; baseline -0.001 -21"><span class='ocrx_word' id='word_1_189' title='bbox 688 3446 877 3522; x_wconf 88' lang='lat' dir='ltr'><strong>aetolicum,</strong></span> <span class='ocrx_word' id='word_1_190' title='bbox 902 3469 964 3532; x_wconf 92' lang='lat' dir='ltr'><strong>quo</strong></span> <span class='ocrx_word' id='word_1_191' title='bbox 992 3446 1095 3513; x_wconf 90' lang='lat' dir='ltr'><strong>Aetoli</strong></span> <span class='ocrx_word' id='word_1_192' title='bbox 1122 3455 1197 3512; x_wconf 89' lang='lat' dir='ltr'><strong>sunt</strong></span> <span class='ocrx_word' id='word_1_193' title='bbox 1224 3448 1298 3512; x_wconf 86' lang='lat' dir='ltr'><strong>facti</strong></span> <span class='ocrx_word' id='word_1_194' title='bbox 1319 3445 1462 3513; x_wconf 89' lang='lat' dir='ltr'><strong>Oeenses.</strong></span> <span class='ocrx_word' id='word_1_195' title='bbox 1487 3447 1523 3511; x_wconf 87' lang='lat' dir='ltr'><strong>In</strong></span> <span class='ocrx_word' id='word_1_196' title='bbox 1542 3446 1744 3512; x_wconf 84' lang='lat' dir='ltr'><strong>Panaetolico</strong></span> <span class='ocrx_word' id='word_1_197' title='bbox 1764 3455 1873 3512; x_wconf 87' lang='lat' dir='ltr'><strong>autem</strong></span> 
     </span>
     <span class='ocr_line' id='line_1_25' title="bbox 689 3551 1874 3632; baseline -0.002 -15"><span class='ocrx_word' id='word_1_198' title='bbox 689 3552 745 3617; x_wconf 92' lang='lat' dir='ltr'><strong>illo</strong></span> <span class='ocrx_word' id='word_1_199' title='bbox 780 3552 904 3617; x_wconf 90' lang='lat' dir='ltr'><strong>decreto</strong></span> <span class='ocrx_word' id='word_1_200' title='bbox 939 3551 1073 3619; x_wconf 90' lang='lat' dir='ltr'><strong>Oeenses</strong></span> <span class='ocrx_word' id='word_1_201' title='bbox 1107 3561 1261 3618; x_wconf 78' lang='lat' dir='ltr'><strong>vocantur</strong></span> <span class='ocrx_word' id='word_1_202' title='bbox 1297 3552 1401 3618; x_wconf 89' lang='lat' dir='ltr'><strong>Aetoli</strong></span> <span class='ocrx_word' id='word_1_203' title='bbox 1436 3554 1489 3632; x_wconf 77' lang='grc' dir='ltr'><strong>(ὡς</strong></span> <span class='ocrx_word' id='word_1_204' title='bbox 1522 3554 1664 3617; x_wconf 71' lang='grc' dir='ltr'><strong><em>Αἰτωλῶν</em></strong></span> <span class='ocrx_word' id='word_1_205' title='bbox 1695 3552 1783 3617; x_wconf 69' lang='grc' dir='ltr'><strong><em>ὄντων</em></strong></span> <span class='ocrx_word' id='word_1_206' title='bbox 1816 3558 1874 3616; x_wconf 80' lang='grc' dir='ltr'><strong>τῶν</strong></span> 
     </span>
     <span class='ocr_line' id='line_1_26' title="bbox 692 3658 1874 3744; baseline 0.001 -23"><span class='ocrx_word' id='word_1_207' title='bbox 692 3660 807 3738; x_wconf 77' lang='grc' dir='ltr'><strong><em>Κείων).</em></strong></span> <span class='ocrx_word' id='word_1_208' title='bbox 838 3658 908 3723; x_wconf 92' lang='lat' dir='ltr'><strong>Non</strong></span> <span class='ocrx_word' id='word_1_209' title='bbox 940 3668 1047 3723; x_wconf 90' lang='lat' dir='ltr'><strong>tamen</strong></span> <span class='ocrx_word' id='word_1_210' title='bbox 1078 3666 1250 3744; x_wconf 89' lang='lat' dir='ltr'><strong>potuerunt</strong></span> <span class='ocrx_word' id='word_1_211' title='bbox 1278 3658 1346 3723; x_wconf 88' lang='lat' dir='ltr'><strong>fieri</strong></span> <span class='ocrx_word' id='word_1_212' title='bbox 1378 3658 1482 3724; x_wconf 92' lang='lat' dir='ltr'><strong>Aetoli</strong></span> <span class='ocrx_word' id='word_1_213' title='bbox 1511 3661 1637 3744; x_wconf 90' lang='lat' dir='ltr'><strong>proprio</strong></span> <span class='ocrx_word' id='word_1_214' title='bbox 1665 3680 1774 3734; x_wconf 90' lang='lat' dir='ltr'><strong>sensu;</strong></span> <span class='ocrx_word' id='word_1_215' title='bbox 1799 3679 1874 3722; x_wconf 89' lang='lat' dir='ltr'><strong>nam</strong></span> 
     </span>
     <span class='ocr_line' id='line_1_27' title="bbox 690 3762 1875 3849; baseline -0.002 -20"><span class='ocrx_word' id='word_1_216' title='bbox 690 3785 764 3829; x_wconf 89' lang='lat' dir='ltr'><strong>cum</strong></span> <span class='ocrx_word' id='word_1_217' title='bbox 798 3766 867 3849; x_wconf 91' lang='lat' dir='ltr'><strong>ipsa</strong></span> <span class='ocrx_word' id='word_1_218' title='bbox 901 3762 980 3830; x_wconf 92' lang='lat' dir='ltr'><strong>Oeos</strong></span> <span class='ocrx_word' id='word_1_219' title='bbox 1012 3768 1156 3831; x_wconf 85' lang='lat' dir='ltr'><strong>societati</strong></span> <span class='ocrx_word' id='word_1_220' title='bbox 1186 3764 1347 3830; x_wconf 89' lang='lat' dir='ltr'><strong>Aetolicae</strong></span> <span class='ocrx_word' id='word_1_221' title='bbox 1380 3787 1441 3828; x_wconf 89' lang='lat' dir='ltr'><strong>non</strong></span> <span class='ocrx_word' id='word_1_222' title='bbox 1473 3773 1554 3830; x_wconf 89' lang='lat' dir='ltr'><strong>essct</strong></span> <span class='ocrx_word' id='word_1_223' title='bbox 1585 3764 1751 3841; x_wconf 89' lang='lat' dir='ltr'><strong>adiuncta,</strong></span> <span class='ocrx_word' id='word_1_224' title='bbox 1789 3767 1875 3829; x_wconf 87' lang='lat' dir='ltr'><strong>cives</strong></span> 
     </span>
     <span class='ocr_line' id='line_1_28' title="bbox 691 3869 1876 3938; baseline 0 -3"><span class='ocrx_word' id='word_1_225' title='bbox 691 3873 787 3935; x_wconf 90' lang='lat' dir='ltr'><strong>huius</strong></span> <span class='ocrx_word' id='word_1_226' title='bbox 820 3874 960 3936; x_wconf 88' lang='lat' dir='ltr'><strong>civitatis</strong></span> <span class='ocrx_word' id='word_1_227' title='bbox 993 3870 1049 3938; x_wconf 87' lang='lat' dir='ltr'><strong>Osi</strong></span> <span class='ocrx_word' id='word_1_228' title='bbox 1079 3872 1167 3938; x_wconf 90' lang='lat' dir='ltr'><strong>sedes</strong></span> <span class='ocrx_word' id='word_1_229' title='bbox 1199 3872 1350 3938; x_wconf 88' lang='lat' dir='ltr'><strong>habentes</strong></span> <span class='ocrx_word' id='word_1_230' title='bbox 1380 3870 1469 3936; x_wconf 93' lang='lat' dir='ltr'><strong>nullo</strong></span> <span class='ocrx_word' id='word_1_231' title='bbox 1495 3872 1588 3936; x_wconf 90' lang='lat' dir='ltr'><strong>modo</strong></span> <span class='ocrx_word' id='word_1_232' title='bbox 1612 3869 1709 3936; x_wconf 90' lang='lat' dir='ltr'><strong>simul</strong></span> <span class='ocrx_word' id='word_1_233' title='bbox 1732 3873 1876 3935; x_wconf 87' lang='lat' dir='ltr'><strong>civitatis</strong></span> 
     </span>
    </p>
   </div>
   <div class='ocr_carea' id='block_1_5' title="bbox 691 3976 1877 4595">
    <p class='ocr_par' dir='ltr' id='par_1_5' title="bbox 691 3976 1877 4595">
     <span class='ocr_line' id='line_1_29' title="bbox 691 3976 1875 4066; baseline 0.001 -24"><span class='ocrx_word' id='word_1_234' title='bbox 691 3976 832 4042; x_wconf 81' lang='lat' dir='ltr'><strong>Aetoliae</strong></span> <span class='ocrx_word' id='word_1_235' title='bbox 844 3981 1012 4063; x_wconf 89' lang='lat' dir='ltr'><strong>participes</strong></span> <span class='ocrx_word' id='word_1_236' title='bbox 1024 4000 1091 4043; x_wconf 93' lang='lat' dir='ltr'><strong>esse</strong></span> <span class='ocrx_word' id='word_1_237' title='bbox 1103 3987 1286 4066; x_wconf 90' lang='lat' dir='ltr'><strong>potuerunt.</strong></span> <span class='ocrx_word' id='word_1_238' title='bbox 1306 3978 1367 4042; x_wconf 81' lang='lat' dir='ltr'><strong>Sed</strong></span> <span class='ocrx_word' id='word_1_239' title='bbox 1378 3980 1533 4062; x_wconf 88' lang='lat' dir='ltr'><strong>suspicari</strong></span> <span class='ocrx_word' id='word_1_240' title='bbox 1545 3977 1619 4042; x_wconf 91' lang='lat' dir='ltr'><strong>licet</strong></span> <span class='ocrx_word' id='word_1_241' title='bbox 1630 3978 1753 4042; x_wconf 90' lang='lat' dir='ltr'><strong>decreto</strong></span> <span class='ocrx_word' id='word_1_242' title='bbox 1765 3985 1875 4043; x_wconf 91' lang='lat' dir='ltr'><strong>nostro</strong></span> 
     </span>
     <span class='ocr_line' id='line_1_30' title="bbox 692 4082 1875 4163; baseline -0.002 -13"><span class='ocrx_word' id='word_1_243' title='bbox 692 4082 864 4150; x_wconf 90' lang='lat' dir='ltr'><strong>Oeensibus</strong></span> <span class='ocrx_word' id='word_1_244' title='bbox 878 4106 1060 4150; x_wconf 91' lang='lat' dir='ltr'><strong>concessum</strong></span> <span class='ocrx_word' id='word_1_245' title='bbox 1073 4107 1139 4150; x_wconf 92' lang='lat' dir='ltr'><strong>esse</strong></span> <span class='ocrx_word' id='word_1_246' title='bbox 1151 4092 1203 4163; x_wconf 89' lang='lat' dir='ltr'><strong>ut,</strong></span> <span class='ocrx_word' id='word_1_247' title='bbox 1218 4105 1293 4149; x_wconf 90' lang='lat' dir='ltr'><strong>cum</strong></span> <span class='ocrx_word' id='word_1_248' title='bbox 1305 4084 1392 4148; x_wconf 90' lang='lat' dir='ltr'><strong>sedes</strong></span> <span class='ocrx_word' id='word_1_249' title='bbox 1404 4087 1437 4147; x_wconf 91' lang='lat' dir='ltr'><strong>in</strong></span> <span class='ocrx_word' id='word_1_250' title='bbox 1451 4083 1609 4148; x_wconf 89' lang='lat' dir='ltr'><strong>Aetoliam</strong></span> <span class='ocrx_word' id='word_1_251' title='bbox 1622 4083 1875 4161; x_wconf 87' lang='lat' dir='ltr'><strong>transtulissent,</strong></span> 
     </span>
     <span class='ocr_line' id='line_1_31' title="bbox 692 4191 1877 4277; baseline -0.001 -21"><span class='ocrx_word' id='word_1_252' title='bbox 692 4193 777 4256; x_wconf 86' lang='lat' dir='ltr'><strong>cives</strong></span> <span class='ocrx_word' id='word_1_253' title='bbox 808 4191 944 4256; x_wconf 89' lang='lat' dir='ltr'><strong>Aetolici</strong></span> <span class='ocrx_word' id='word_1_254' title='bbox 976 4192 1165 4257; x_wconf 89' lang='lat' dir='ltr'><strong>haberentur</strong></span> <span class='ocrx_word' id='word_1_255' title='bbox 1191 4195 1359 4277; x_wconf 89' lang='lat' dir='ltr'><strong>omnisque</strong></span> <span class='ocrx_word' id='word_1_256' title='bbox 1390 4194 1461 4255; x_wconf 90' lang='lat' dir='ltr'><strong>iura</strong></span> <span class='ocrx_word' id='word_1_257' title='bbox 1483 4193 1524 4254; x_wconf 92' lang='lat' dir='ltr'><strong>iis</strong></span> <span class='ocrx_word' id='word_1_258' title='bbox 1547 4191 1771 4266; x_wconf 88' lang='lat' dir='ltr'><strong>tribuerentur,</strong></span> <span class='ocrx_word' id='word_1_259' title='bbox 1795 4211 1877 4275; x_wconf 86' lang='lat' dir='ltr'><strong>quae</strong></span> 
     </span>
     <span class='ocr_line' id='line_1_32' title="bbox 692 4296 1877 4383; baseline 0 -23"><span class='ocrx_word' id='word_1_260' title='bbox 692 4299 771 4383; x_wconf 93' lang='lat' dir='ltr'><strong>ipsis</strong></span> <span class='ocrx_word' id='word_1_261' title='bbox 805 4296 923 4362; x_wconf 91' lang='lat' dir='ltr'><strong>Aetolis</strong></span> <span class='ocrx_word' id='word_1_262' title='bbox 955 4299 1052 4363; x_wconf 89' lang='lat' dir='ltr'><strong>tribui</strong></span> <span class='ocrx_word' id='word_1_263' title='bbox 1085 4297 1238 4376; x_wconf 88' lang='lat' dir='ltr'><strong>solerent;</strong></span> <span class='ocrx_word' id='word_1_264' title='bbox 1271 4296 1542 4383; x_wconf 87' lang='lat' dir='ltr'><strong>quemadmodum</strong></span> <span class='ocrx_word' id='word_1_265' title='bbox 1572 4300 1652 4362; x_wconf 83' lang='lat' dir='ltr'><strong>civis</strong></span> <span class='ocrx_word' id='word_1_266' title='bbox 1674 4296 1877 4361; x_wconf 89' lang='lat' dir='ltr'><strong>Romanuse</strong></span> 
     </span>
     <span class='ocr_line' id='line_1_33' title="bbox 693 4402 1877 4490; baseline 0 -25"><span class='ocrx_word' id='word_1_267' title='bbox 693 4404 879 4487; x_wconf 86' lang='lat' dir='ltr'><strong>captivitate</strong></span> <span class='ocrx_word' id='word_1_268' title='bbox 909 4402 1008 4468; x_wconf 82' lang='lat' dir='ltr'><strong>redux</strong></span> <span class='ocrx_word' id='word_1_269' title='bbox 1036 4404 1092 4469; x_wconf 90' lang='lat' dir='ltr'><strong>ubi</strong></span> <span class='ocrx_word' id='word_1_270' title='bbox 1116 4407 1258 4489; x_wconf 91' lang='lat' dir='ltr'><strong>primum</strong></span> <span class='ocrx_word' id='word_1_271' title='bbox 1282 4407 1316 4467; x_wconf 89' lang='lat' dir='ltr'><strong>iu</strong></span> <span class='ocrx_word' id='word_1_272' title='bbox 1340 4406 1477 4490; x_wconf 90' lang='lat' dir='ltr'><strong>patriam</strong></span> <span class='ocrx_word' id='word_1_273' title='bbox 1500 4406 1700 4480; x_wconf 88' lang='lat' dir='ltr'><strong>revertisset,</strong></span> <span class='ocrx_word' id='word_1_274' title='bbox 1724 4403 1783 4466; x_wconf 94' lang='lat' dir='ltr'><strong>hoc</strong></span> <span class='ocrx_word' id='word_1_275' title='bbox 1806 4405 1877 4486; x_wconf 90' lang='lat' dir='ltr'><strong>ipso</strong></span> 
     </span>
     <span class='ocr_line' id='line_1_34' title="bbox 694 4507 1639 4595; baseline 0.001 -25"><span class='ocrx_word' id='word_1_276' title='bbox 694 4508 775 4572; x_wconf 86' lang='lat' dir='ltr'><strong>facto</strong></span> <span class='ocrx_word' id='word_1_277' title='bbox 797 4511 831 4572; x_wconf 91' lang='lat' dir='ltr'><strong>in</strong></span> <span class='ocrx_word' id='word_1_278' title='bbox 853 4507 1036 4575; x_wconf 89' lang='lat' dir='ltr'><strong>libertatem</strong></span> <span class='ocrx_word' id='word_1_279' title='bbox 1058 4511 1286 4576; x_wconf 88' lang='lat' dir='ltr'><strong>restituebatur</strong></span> <span class='ocrx_word' id='word_1_280' title='bbox 1308 4514 1377 4576; x_wconf 89' lang='lat' dir='ltr'><strong>iure</strong></span> <span class='ocrx_word' id='word_1_281' title='bbox 1401 4509 1590 4595; x_wconf 88' lang='lat' dir='ltr'><strong>postliminii</strong></span> <span class='ocrx_word' id='word_1_282' title='bbox 1604 4507 1639 4590; x_wconf 87' lang='lat'><strong>³).</strong></span> 
     </span>
    </p>
   </div>
   <div class='ocr_carea' id='block_1_6' title="bbox 698 4765 1877 4985">
    <p class='ocr_par' dir='ltr' id='par_1_6' title="bbox 698 4765 1877 4985">
     <span class='ocr_line' id='line_1_35' title="bbox 730 4765 1808 4832; baseline -0.002 -16"><span class='ocrx_word' id='word_1_283' title='bbox 730 4770 756 4830; x_wconf 92' lang='lat' dir='ltr'><strong>l)</strong></span> <span class='ocrx_word' id='word_1_284' title='bbox 774 4769 855 4832; x_wconf 83' lang='lat' dir='ltr'><strong>Polyb.</strong></span> <span class='ocrx_word' id='word_1_285' title='bbox 874 4770 955 4819; x_wconf 77' lang='lat' dir='ltr'>XVIII</span> <span class='ocrx_word' id='word_1_286' title='bbox 973 4773 989 4818; x_wconf 77' lang='lat'>4</span> <span class='ocrx_word' id='word_1_287' title='bbox 1005 4770 1048 4831; x_wconf 65' lang='lat'><strong>58.</strong></span> <span class='ocrx_word' id='word_1_288' title='bbox 1298 4770 1322 4831; x_wconf 77' lang='lat'><strong>2)</strong></span> <span class='ocrx_word' id='word_1_289' title='bbox 1339 4768 1380 4817; x_wconf 80' lang='lat' dir='ltr'><strong>ct</strong></span> <span class='ocrx_word' id='word_1_290' title='bbox 1391 4770 1420 4820; x_wconf 83' lang='lat' dir='ltr'><strong>G.</strong></span> <span class='ocrx_word' id='word_1_291' title='bbox 1438 4766 1733 4826; x_wconf 80' lang='lat' dir='ltr'><strong>saco-aess‚1)ittenb.</strong></span> <span class='ocrx_word' id='word_1_292' title='bbox 1752 4765 1808 4816; x_wconf 65' lang='grc' dir='ltr'><strong>Μ.</strong></span> 
     </span>
     <span class='ocr_line' id='line_1_36' title="bbox 730 4848 1877 4916; baseline -0.001 -18"><span class='ocrx_word' id='word_1_293' title='bbox 730 4855 753 4913; x_wconf 82' lang='grc'><strong>3)</strong></span> <span class='ocrx_word' id='word_1_294' title='bbox 778 4851 835 4901; x_wconf 83' lang='lat' dir='ltr'><strong>lust.</strong></span> <span class='ocrx_word' id='word_1_295' title='bbox 860 4853 870 4900; x_wconf 92' lang='lat' dir='ltr'><strong>l</strong></span> <span class='ocrx_word' id='word_1_296' title='bbox 896 4853 925 4900; x_wconf 70' lang='lat'><strong>12</strong></span> <span class='ocrx_word' id='word_1_297' title='bbox 947 4856 995 4913; x_wconf 78' lang='lat'><strong>§⁵2</strong></span> <span class='ocrx_word' id='word_1_298' title='bbox 1022 4851 1209 4916; x_wconf 58' lang='lat' dir='ltr'><strong>,postliminium</strong></span> <span class='ocrx_word' id='word_1_299' title='bbox 1233 4852 1302 4915; x_wconf 77' lang='lat' dir='ltr'><strong>Angit</strong></span> <span class='ocrx_word' id='word_1_300' title='bbox 1325 4867 1378 4900; x_wconf 87' lang='lat' dir='ltr'><strong>eum</strong></span> <span class='ocrx_word' id='word_1_301' title='bbox 1401 4851 1442 4915; x_wconf 86' lang='lat' dir='ltr'><strong>qui</strong></span> <span class='ocrx_word' id='word_1_302' title='bbox 1464 4858 1546 4913; x_wconf 85' lang='lat' dir='ltr'><strong>captus</strong></span> <span class='ocrx_word' id='word_1_303' title='bbox 1563 4854 1611 4905; x_wconf 86' lang='lat' dir='ltr'><strong>cst.</strong></span> <span class='ocrx_word' id='word_1_304' title='bbox 1629 4864 1721 4913; x_wconf 83' lang='lat' dir='ltr'><strong>semper</strong></span> <span class='ocrx_word' id='word_1_305' title='bbox 1737 4848 1762 4897; x_wconf 91' lang='lat' dir='ltr'><strong>in</strong></span> <span class='ocrx_word' id='word_1_306' title='bbox 1780 4848 1877 4897; x_wconf 83' lang='lat' dir='ltr'><strong>civitate</strong></span> 
     </span>
     <span class='ocr_line' id='line_1_37' title="bbox 698 4935 807 4985; baseline 0.018 -2"><span class='ocrx_word' id='word_1_307' title='bbox 698 4935 807 4985; x_wconf 58' lang='lat' dir='ltr'><strong>Anius&amp;</strong></span> 
     </span>
    </p>
   </div>
   <div class='ocr_carea' id='block_1_7' title="bbox 0 0 2588 6148">
    <p class='ocr_par' dir='ltr' id='par_1_7' title="bbox 0 0 2588 6148">
     <span class='ocr_line' id='line_1_38' title="bbox 0 0 2588 6148; baseline 0 0"><span class='ocrx_word' id='word_1_308' title='bbox 0 0 2588 6148; x_wconf 95' lang='lat' dir='ltr'><strong> </strong></span> 
     </span>
    </p>
   </div>
  </div>
 </body>
</html>
