5125 6150
750 888 752 893 f
802 818 869 884 208
1324 839 1468 888 rsorrns.

800 1001 912 1077 video,
943 1000 1097 1066 soloeosm
1124 1000 1264 1066 efficiunt
1286 1006 1479 1081 orationem;
1503 1007 1581 1088 quin
1604 1004 1723 1068 trustra
1746 1004 1901 1071 desudent
1923 1028 1989 1071 non

802 1108 928 1185 dubito;
960 1129 1035 1172 nam
1059 1131 1148 1190 posse
1178 1117 1211 1172 et
1240 1110 1343 1172 debere
1365 1110 1416 1174 hic
1440 1113 1474 1173 in
1498 1131 1601 1174 unum
1623 1112 1867 1188 contrahuntur,
1892 1112 1990 1198 paulo

801 1214 931 1299 quidem
953 1217 1133 1278 intricatius
1155 1214 1210 1278 sed
1233 1214 1326 1300 plane
1348 1214 1476 1280 Tacitae
1500 1238 1598 1282 more.
1622 1217 1676 1282 Sic
1698 1221 1785 1282 enim
1808 1218 1992 1284 divellenda

801 1334 896 1406 atque
925 1320 1110 1407 explicanda
1140 1328 1189 1384 est
1220 1323 1391 1386 verborum
1415 1322 1607 1388 traditorum
1631 1328 1805 1388 sententia:
1830 1340 1868 1388 ut
1888 1347 1992 1406 possea

801 1434 925 1491 tantmn
954 1429 1023 1491 vim
1054 1426 1222 1490 bominum
1249 1429 1394 1504 retinere,
1417 1431 1575 1494 immensa
1598 1438 1663 1492 erut
1684 1431 1819 1494 labendo
1842 1435 1990 1515 pecunia.

801 1532 867 1597 Nos
889 1554 1016 1618 quoque
1039 1553 1133 1618 saepe
1156 1533 1266 1598 eodem
1291 1533 1355 1598 fere
1377 1535 1473 1600 modo
1496 1534 1670 1620 loquimur.

848 1639 890 1703 H.
915 1639 968 1717 lv,
994 1639 1047 1704 60.
1073 1637 1247 1715 „Germani
1268 1643 1436 1705 incautum
1458 1661 1573 1726 agmen
1594 1641 1844 1727 adgrediuntur:
1866 1664 1988 1728 pugne

801 1749 949 1812 cissimus
978 1749 1112 1830 quisque
1142 1749 1176 1809 in
1199 1748 1357 1832 vestigio,
1388 1746 1486 1811 multi
1509 1747 1653 1833 palantes
1675 1749 1850 1813 occubuere
1858 1769 1867 1824 ;
1891 1751 1992 1814 ceteri

801 1860 884 1918 retro
913 1855 948 1916 in
978 1859 1080 1917 castra
1110 1851 1317 1938 perfugiunt,
1348 1861 1500 1938 querente
1530 1875 1603 1920 sane
1626 1853 1726 1921 civili
1748 1866 1781 1920 et
1803 1858 1991 1940 increpante

801 1959 995 2036 Germanos,
1027 1967 1191 2044 tamqnam
1223 1959 1319 2023 fidem
1349 1981 1405 2045 per
1434 1959 1536 2025 scelus
1567 1962 1803 2047 abrumperent.
1826 1960 1992 2026 Simulata

801 2088 838 2132 ea
869 2067 987 2131 suerint
1010 2086 1050 2129 an
1073 2068 1208 2130 retinere
1231 2069 1407 2130 saevientes
1430 2070 1628 2151 nequiverit,
1652 2089 1766 2153 parum
1789 2067 1991 2132 adfirmatur.

800 2171 943 2257 Direptis
972 2173 1085 2236 castris
1116 2172 1199 2235 faces
1228 2173 1381 2250 iniciunt;
1414 2182 1624 2258 cunctosque,
1656 2177 1713 2259 qui
1736 2173 1857 2259 proelio
1880 2196 1993 2260 super

802 2278 944 2354 fuerant,
969 2276 1153 2343 incendium
1176 2277 1317 2342 hausit”.

846 2385 1002 2449 [moutam
1024 2384 1106 2446 illud
1126 2406 1228 2464 cymen
1248 2382 1465 2448 Romanorum
1488 2392 1537 2449 est
1559 2385 1677 2470 quibus
1699 2385 1761 2450 tide
1779 2386 1853 2450 data
1872 2382 1991 2451 Civilis

800 2490 976 2557 incolumen
1006 2490 1093 2554 abire
1123 2492 1291 2565 ecustris,
1316 2510 1396 2574 quac
1419 2493 1485 2554 iam
1509 2489 1595 2556 ultra
1618 2490 1782 2557 defendere
1805 2508 1989 2577 nequeunt,

800 2599 969 2684 permittit.
993 2595 1056 2659 Hic
1075 2604 1181 2660 totum
1197 2593 1295 2659 illud:
1315 2604 1453 2680 querente
1470 2620 1543 2659 cane
1555 2645 1636 2661 .....
1649 2599 1828 2681 adfirmatur
1846 2596 1991 2663 Haasius

800 2711 872 2791 post
895 2703 997 2766 lauit
1019 2705 1118 2787 ponit.
1142 2701 1314 2786 Nunquam
1337 2703 1511 2787 quidquam
1537 2703 1604 2766 vidi
1628 2706 1825 2788 perversius;
1849 2705 1989 2767 emem-

800 2832 855 2895 quc
888 2806 1065 2875 Germanos
1100 2819 1209 2871 contra
1238 2806 1334 2872 fidem
1366 2808 1473 2872 datam
1505 2808 1655 2873 facientes
1686 2811 1840 2893 conspicit
1869 2806 1988 2874 Civilis

800 2919 890 3002 queri
919 2917 1050 2999 incipit,
1081 2915 1149 2978 sive
1179 2912 1352 2978 simulatus
1379 2912 1435 2977 ille
1459 2912 1547 2978 dolor
1571 2921 1635 2991 est,
1659 2917 1728 2979 sire
1750 2935 1859 2978 revera
1882 2917 1988 2980 invito

798 3025 868 3108 ipso
898 3024 1045 3087 saeviunt
1075 3017 1237 3085 Germani.
1268 3018 1353 3084 lllud
1382 3040 1455 3084 vero
1479 3020 1556 3105 quid
1580 3020 1641 3085 sibi
1665 3018 1837 3097 voluisset,
1861 3021 1889 3084 si
1915 3028 1988 3085 tum

799 3130 929 3194 demum
962 3128 1001 3192 ob
1033 3126 1197 3212 perfidiam
1219 3148 1351 3191 suorum
1374 3125 1568 3191 lamentatus
1592 3135 1675 3192 esset
1697 3125 1828 3202 Civilis,
1852 3148 1933 3191 cum
1955 3135 1987 3191 et

799 3244 901 3302 castra
924 3240 956 3299 et
974 3237 1097 3310 cuncti,
1116 3236 1172 3318 qui
1192 3236 1333 3309 inerant,
1353 3233 1490 3297 Romani
1509 3230 1723 3297 interiissent?
1747 3232 1833 3296 'Pom
1852 3232 1987 3298 demum

799 3346 826 3407 si
858 3342 999 3407 dolorem
1020 3343 1161 3423 finqeret,
1193 3342 1324 3424 quinam
1356 3361 1393 3404 eo
1425 3347 1515 3404 erant
1546 3339 1737 3423 decipiendi;
1762 3341 1789 3402 si
1814 3362 1901 3402 cerus
1926 3341 1987 3404 fuit

800 3449 897 3525 dolor,
932 3447 1008 3532 quid
1043 3447 1177 3510 faciebat
1210 3467 1285 3510 cum
1317 3444 1433 3530 perfide
1464 3466 1558 3531 agere
1587 3446 1781 3529 incipiebant
1808 3443 1986 3511 Germani?

799 3555 967 3620 Tacitusne
985 3553 1128 3617 adstabat
1146 3560 1178 3616 et
1197 3552 1389 3616 horrendum
1409 3552 1530 3616 facinus
1547 3550 1822 3636 contemplabatur
1835 3549 1986 3635 quietus?

845 3661 887 3725 H.
913 3661 949 3736 V,
978 3660 1017 3725 17
1050 3661 1146 3737 (Ante
1168 3658 1326 3743 proelium
1350 3656 1464 3724 Civilis
1487 3661 1661 3723 orationem
1682 3658 1721 3722 ad
1744 3657 1865 3722 milites
1888 3660 1987 3724 habet

800 3775 832 3833 et
855 3766 917 3831 alia
940 3766 1112 3830 admonens
1135 3772 1167 3830 et
1191 3765 1297 3844 haec):

844 3874 891 3939 Ne
926 3879 1120 3937 terrerentur
1153 3874 1242 3935 vario
1278 3870 1433 3934 Trevirici
1468 3870 1581 3955 proelii
1617 3877 1751 3935 eventu:
1787 3891 1881 3934 suam
1919 3872 1987 3936 illic

799 3980 953 4044 victoriam
984 3975 1152 4043 Germanis
1184 3979 1362 4053 obstitisse,
1387 3976 1465 4040 dum
1485 3979 1611 4040 omissis
1635 3975 1708 4040 telis
1732 3975 1846 4060 praeda
1869 3999 1988 4042 manns

798 4087 978 4171 impediunt
1001 4129 1120 4149 ......
1145 4082 1244 4146 lllum
1275 4083 1360 4147 diem
1390 4090 1445 4146 aut
1472 4082 1716 4164 qlcriouieeimom
1745 4082 1825 4144 inter
1856 4084 1986 4148 maiores

798 4201 854 4259 aut
875 4192 1125 4278 ignominiosum
1148 4189 1231 4275 apud
1256 4196 1397 4274 posteros
1419 4189 1495 4252 sore.

844 4299 905 4362 Pro
937 4297 1089 4361 victoriam
1120 4294 1282 4360 Acidalius
1306 4294 1484 4372 avaritiam,
1508 4293 1680 4359 Herbstius
1702 4293 1849 4356 incuriam
1874 4317 1987 4382 propo

799 4411 940 4470 suerunt.
970 4402 1126 4487 Equidem
1156 4400 1324 4465 flosculum
1355 4421 1428 4465 vere
1457 4399 1623 4465 Taciteum
1646 4399 1836 4465 servandum
1857 4421 1985 4467 censeo.

801 4511 891 4593 Quod
920 4509 959 4574 ad
986 4508 1230 4589 pluriosiesintum
1260 4509 1338 4570 inter
1367 4506 1492 4569 maiores
1515 4509 1645 4581 attinet,
1670 4526 1806 4591 agnosco
1830 4506 1884 4570 hic
1909 4508 1988 4574 libe·

798 4623 914 4684 riorem
938 4616 1032 4681 illum
1056 4615 1244 4700 superlativi
1268 4636 1381 4690 usum,
1406 4612 1571 4679 eGraecis
1589 4613 1795 4698 scriptoribus
1814 4620 1881 4677 tam
1905 4614 1986 4679 bene

799 4734 910 4790 notum
943 4724 969 4801 (t
994 4723 1116 4802 ἄριστος
1139 4729 1196 4786 τῶν
1221 4723 1360 4802 πρότερον
1385 4720 1438 4785 vel
1462 4722 1520 4783 τῶν
1545 4722 1698 4800 πώποτε);
1724 4718 1790 4783 dies
1813 4718 1986 4805 gloriosior

799 4852 894 4916 quam
925 4828 1011 4894 ullus
1042 4832 1199 4893 maiorum
1231 4836 1413 4893 nostrorum
1436 4833 1578 4910 tempore
1602 4825 1674 4889 fuit.
1701 4825 1881 4904 Quominus
1905 4829 1988 4891 inter

800 4940 924 5001 maiores
953 4935 1114 5001 deleamus
1140 4937 1245 4999 obstat
1267 4937 1424 5020 positivus
1447 4931 1674 5011 domumdoinum
1699 4934 1873 4995 nonenim
1900 4941 1986 5000 recte
