5125 6150
802 777 869 842 228
1302 796 1478 847 sonamus.

844 959 956 1044 Neque
985 964 1033 1024 est
1062 981 1119 1024 cur
1147 958 1241 1025 aliter
1270 962 1520 1045 interpretemur
1550 959 1699 1026 Hectoris
1722 962 1818 1026 verbe
1840 964 1874 1026 in
1897 967 1986 1028 serto

802 1064 911 1129 Iliadis
935 1065 1037 1131 libro:

938 1180 981 1252 τῇ
1005 1169 1063 1248 έβη
1087 1170 1287 1251 Ἀνδρομάχη
1310 1172 1495 1244 λευκώλενος
1519 1173 1552 1236 έκ
1576 1171 1723 1253 μεγάροιο
1731 1195 1739 1251 ;
1756 1172 1779 1253 ¹)

801 1277 888 1343 Haec
923 1279 1010 1342 enim
1043 1284 1137 1363 rogat
1166 1276 1288 1344 Hector
1324 1278 1373 1342 ἐτ’
1403 1277 1486 1343 οὐδὸν
1516 1277 1582 1344 irio:
1615 1282 1650 1342 in
1678 1278 1791 1344 limine
1814 1282 1988 1345 consistens

800 1405 938 1449 vacuum
961 1386 1092 1469 inspicit
1116 1384 1262 1464 μέγαρον,
1287 1384 1360 1450 dein
1382 1383 1513 1450 ancillas
1535 1384 1604 1450 illic
1627 1388 1694 1451 sine
1717 1386 1845 1450 domina
1863 1407 1988 1452 versan-

738 1508 741 1515 '
802 1500 849 1558 tes
874 1498 965 1579 rogat
987 1512 1049 1575 quo
1073 1491 1187 1556 abierit
1211 1513 1301 1557 uxor.

846 1599 979 1664 Hecuba
1002 1603 1111 1663 autom
1135 1618 1210 1663 cum
1234 1598 1274 1663 ad
1298 1600 1451 1663 maritum
1475 1599 1569 1664 dicit:
1594 1600 1745 1680 ίνροσνκνο
1767 1600 1921 1664 Hectorem

939 1702 1298 1788 bwommt

800 1815 919 1877 nonin
942 1811 1069 1876 aedium
1092 1811 1267 1897 penetralia
1291 1811 1404 1877 abdere
1428 1833 1459 1877 se
1484 1811 1573 1890 vult,
1605 1813 1660 1878 sed
1682 1812 1790 1898 palam
1812 1816 1846 1877 in
1869 1834 1988 1899 magno

798 1922 904 2006 regiae
944 1917 1087 1984 conclavi
1129 1939 1236 1983 coram
1279 1918 1536 2002 frequentissimo
1571 1918 1768 1985 famulorum
1803 1922 1988 2005 civiumque

798 2031 890 2091 coetu
913 2023 1090 2111 parentalia
1111 2024 1193 2090 ferre
1218 2023 1285 2089 filio
1310 2023 1435 2090 dilecto.

845 2131 888 2195 llt
911 2130 1022 2196 Ulixes
1046 2152 1119 2195 cum
1143 2130 1181 2196 dc
1204 2129 1362 2216 Elpenore
1385 2130 1481 2196 dicit:

936 2242 1026 2314 σῶμα
1050 2236 1115 2317 γὰρ
1137 2237 1168 2300 έν
1192 2236 1303 2317 Κίρκης
1326 2236 1454 2317 μογοίρρ
1477 2238 1703 2315 κατελείπομεν
1727 2231 1803 2313 ἦμες
1818 2235 1853 2317 ³),

800 2365 912 2409 rerum
938 2341 1043 2409 Oirccs
1066 2341 1200 2421 μέγαρον
1223 2344 1395 2428 quominus
1418 2341 1645 2429 intellegamus
1667 2341 1750 2408 nihil
1773 2343 1887 2408 obstat.
1916 2343 1990 2430 Ipsa

800 2472 875 2515 sane
898 2448 1064 2535 Elpenoris
1087 2449 1201 2513 umbra
1225 2448 1330 2513 fatum
1353 2470 1450 2514 suum
1472 2450 1523 2514 his
1545 2450 1652 2515 verbis
1676 2471 1751 2515 mox
1774 2449 1887 2514 refert:

936 2556 1074 2631 δαίμονος
1098 2552 1180 2619 ίασέ
1204 2557 1239 2630 μ’
1263 2551 1340 2619 αίτα
1365 2557 1445 2634 κακὴ
1469 2555 1521 2621 καί
1546 2555 1723 2637 οίίέσφατος
1748 2553 1856 2628 ῧτνος·

937 2663 1047 2742 Κίρκης
1071 2660 1097 2725 δ’
1121 2662 1152 2725 έν
1175 2660 1303 2743 μεγοίρτρ
1327 2662 1566 2739 καταλέγμενος
1591 2665 1646 2727 οὐκ
1669 2661 1778 2736 ένίησα

938 2767 1065 2849 ἄψορρον
1088 2767 1288 2846 καταβήμεν·
1312 2769 1361 2832 ius
1386 2768 1429 2841 είς
1454 2768 1599 2846 κλίμακα
1622 2767 1752 2848 μακρήν,

938 2876 1027 2940 ἄλλα
1051 2877 1123 2940 κατ’
1146 2873 1287 2955 ἄντικρυς
1313 2874 1418 2952 τέγεος
1444 2873 1544 2940 ’τίσον
1558 2873 1595 2957 ⁴),

801 3003 881 3068 quae
913 2982 1009 3047 verba
1038 3002 1077 3046 ne
1108 2983 1191 3046 verti
1222 2980 1352 3066 quidem
1383 2987 1517 3066 possunt
1550 2982 1611 3045 nisi
1642 2980 1777 3059 μέγαρον
1799 2985 1882 3045 totas
1905 3003 1990 3046 nnnc

800 3088 891 3155 aedes
923 3095 979 3153 aut
1009 3086 1194 3153 cubiculum
1217 3087 1347 3172 aliquod
1369 3090 1403 3152 in
1426 3093 1516 3173 parts
1541 3089 1702 3173 superiore
1724 3090 1988 3173 interpretemur;

800 3195 853 3260 sed
885 3201 952 3259 tam
976 3196 1106 3259 obscure
1130 3195 1208 3258 haec
1231 3199 1308 3258 sunt
1330 3200 1475 3259 enarrata
1499 3201 1536 3258 ut
1560 3215 1665 3259 errore
1689 3193 1795 3279 aliquo
1820 3194 1990 3259 videantur

799 3301 951 3366 laborare.
983 3299 1066 3365 Nam
1098 3299 1218 3380 ψύχεος
1243 3299 1365 3379 ίμείρον
1389 3303 1445 3385 qni
1470 3299 1662 3377 κατελέξατο
1686 3299 1886 3380 τοινοβαρείον
1900 3301 1937 3380 ⁵),
1962 3304 1989 3365 is

801 3409 920 3471 mirum
945 3409 1006 3470 nisi
1030 3407 1089 3470 sub
1114 3406 1206 3484 divo,
1232 3406 1281 3471 ίτί
1307 3411 1360 3472 τοῦ
1384 3407 1513 3485 τέγους,
1539 3406 1751 3486 obdormivit;
1772 3410 1879 3493 itaque
1897 3406 1990 3493 Elpe

801 3515 888 3577 noris
919 3512 1015 3578 verba
1039 3512 1155 3578 melius
1178 3511 1341 3597 aliquanto
1366 3511 1589 3600 intellegerem
1613 3514 1779 3599 equidem,
1803 3517 1831 3579 si
1855 3514 1989 3579 diceret:

940 3618 1074 3698 ,,1(ο’ρκης
1098 3620 1124 3684 δ’
1147 3620 1178 3683 έν
1201 3620 1322 3696 τέγεῖ
1343 3620 1581 3697 καταλέγμενος

801 3724 988 3810 imprudens
1020 3746 1093 3788 sum
1124 3725 1304 3810 delapsus’'.
1337 3728 1402 3791 Aut
1426 3728 1530 3813 igitur
1552 3727 1773 3793 huiuscemodi
1794 3725 1922 3813 aliquod
1946 3730 1991 3793 vi·

801 3833 886 3896 tium
917 3833 951 3894 in
982 3830 1066 3896 hunc
1089 3829 1196 3896 locum
1221 3832 1390 3918 postmodo
1414 3835 1560 3920 irrepsit,
1584 3839 1641 3898 aut
1664 3871 1706 3881 —
1729 3834 1763 3897 id
1786 3832 1869 3918 quod
1892 3831 1991 3898 multi

802 3939 954 4024 suspicati
993 3943 1069 4001 sunt
1101 3975 1142 3986 —
1174 3939 1334 4005 confectus
1368 3945 1415 4004 cst
1449 3961 1468 4005 a
1501 3942 1675 4005 recentiore
1709 3944 1835 4005 cantore
1869 3941 1989 4025 priscae

802 4045 951 4110 dictionis
974 4046 1082 4108 minus
1104 4045 1218 4129 perito.

848 4149 959 4234 Neque
992 4156 1160 4235 poetarum
1196 4149 1276 4228 loci,
1314 4150 1369 4215 ubi
1394 4153 1487 4233 paeri
1518 4152 1547 4215 έν
1578 4152 1707 4234 μεγάρῳ
1738 4152 1822 4237 apud
1852 4156 1989 4216 matrem

801 4260 932 4343 eiusque
964 4254 1100 4320 famulas
1131 4255 1257 4321 educati
1289 4277 1355 4321 esse
1383 4256 1549 4337 dicuntur,
1577 4264 1696 4344 cogunt
1718 4279 1775 4322 nos
1798 4258 1990 4323 feminarum

802 4362 930 4447 aliquod
948 4363 1085 4440 μέγαρον
1104 4382 1239 4426 sumere.
1264 4361 1369 4428 lmmo
1388 4365 1422 4427 in
1443 4366 1633 4429 contrariam
1652 4370 1776 4450 partem
1795 4385 1851 4429 nos
1871 4364 1992 4429 ducunt

801 4488 881 4552 quas
905 4467 1063 4554 Odysseae
1082 4470 1174 4533 initio
1194 4474 1375 4535 narrantur.
1400 4470 1463 4536 Ubi
1486 4473 1668 4536 invenimus
1687 4469 1914 4535 Telemachum
1934 4470 1991 4535 illo

802 4576 871 4657 ipso
907 4573 957 4638 die
992 4597 1054 4660 quo
1088 4578 1121 4640 in
1156 4581 1299 4641 nostram
1333 4579 1484 4642 notitiam
1520 4580 1662 4662 primum
1696 4579 1784 4642 venit
1817 4579 1989 4662 pueritiam

837 4846 976 4903 azur
1311 4849 1457 4913 acme
1757 4849 1877 4912 arm

835 4928 1110 4996 emaum
1312 4933 1444 4993 unm

660 5279 839 5383 A
