5125 6150
1013 1393 1085 1485 Ab
1115 1395 1504 1488 ARIS'I'OPHANIS
1533 1396 1766 1491 PLUTUM.

1330 1619 1453 1661 scarpati·

1113 1783 1142 1850 J.
1171 1783 1274 1850 VAN
1304 1785 1561 1853 LllElUWllN
1592 1787 1664 1854 dr.

1314 2087 1471 2129 -νω-

1380 2345 1404 2412 Ι.

843 2567 933 2633 Pluti
963 2564 1089 2632 fabulae
1118 2571 1243 2631 textum
1276 2586 1339 2631 non
1367 2569 1525 2631 intactum
1555 2567 1592 2632 ad
1623 2587 1679 2632 noe
1703 2569 1901 2653 pervenisse,
1927 2569 1986 2635 ssd

797 2677 894 2740 variis
918 2676 1007 2740 vitiis
1029 2676 1063 2737 in
1085 2671 1247 2738 codicibus
1270 2694 1338 2739 esse
1360 2675 1581 2758 inquinatum,
1606 2675 1662 2740 vix
1685 2680 1733 2739 est
1757 2673 1840 2758 quod
1864 2673 1983 2740 dicam.

796 2780 858 2846 Sed
888 2778 1032 2844 multum
1060 2779 1147 2843 abeat
1170 2787 1207 2843 ut
1230 2784 1296 2843 tam
1320 2779 1490 2866 gravibus,
1516 2787 1582 2844 tam
1605 2780 1722 2844 crebris
1744 2778 1866 2844 laboret
1890 2784 1985 2846 vitiis

796 2907 893 2972 quam
924 2906 1016 2971 saepe
1046 2884 1233 2970 perhibuere
1264 2885 1431 2972 philologi.
1463 2885 1506 2950 Et
1536 2886 1573 2951 de
1597 2887 1744 2971 opinione
1768 2906 1897 2963 eorum,
1924 2890 1983 2972 qni

795 2990 934 3078 duplicis
964 2991 1111 3056 editionis
1135 2994 1271 3079 vestigia
1294 2991 1524 3080 deprehendere
1548 2992 1609 3056 sibi
1633 2994 1809 3069 visisunt,
1834 2992 1912 3078 quid
1938 2997 1982 3057 sit

792 3098 997 3165 statuendum
1028 3099 1158 3184 posthac
1189 3099 1326 3164 conabor
1355 3120 1518 3184 exponere.
1543 3098 1636 3163 Nunc
1659 3097 1837 3184 periculum
1861 3100 1980 3166 faciam

793 3227 832 3272 an
869 3225 977 3270 versus
1011 3203 1132 3291 aliquot
1163 3226 1182 3270 a
1211 3208 1330 3270 criticis
1360 3208 1551 3292 proscriptos
1580 3208 1642 3290 ipsi
1671 3208 1791 3270 comico
1816 3205 1981 3272 vindicare

794 3333 926 3398 possrm.

840 3516 981 3595 Quorum
1000 3517 1122 3600 primus
1142 3521 1189 3579 eet
1208 3536 1255 3579 ve.
1278 3514 1352 3581 188.
1370 3553 1408 3563 -
1425 3515 1599 3601 „Quicquid
1607 3517 1651 3597 fit
1663 3512 1918 3591 interhominea,”
1936 3551 1980 3564 -

796 3620 988 3707 Obremylus
1016 3623 1078 3698 ait,
1104 3658 1145 3669 -
1170 3629 1224 3698 „tc
1247 3643 1263 3684 o
1288 3621 1377 3684 Peuce
1396 3621 1522 3685 omnium
1544 3645 1642 3684 reram
1665 3644 1695 3684 ca
1718 3644 1824 3698 corma,
1849 3644 1910 3684 non
1935 3646 1981 3687 sc

795 3729 855 3791 hcm
883 3728 1045 3803 malcrum,
1077 3726 1162 3812 quod
1193 3727 1338 3812 perhibet
1369 3748 1493 3792 carmen
1517 3726 1788 3812 illudpopulare,
1811 3730 1981 3792 sedetiam

794 3832 965 3899 bonarum.”
992 3870 1031 3882 -
1058 3834 1117 3910 „In
1141 3833 1228 3896 bellis
1251 3834 1347 3896 certe'’
1371 3871 1410 3881 —
1432 3832 1523 3901 Cario
1545 3834 1693 3898 addit-
1717 3834 1907 3915 „superiores
1928 3836 1981 3897 ill·

795 3942 924 4004 evadunt
957 3940 1061 4025 quibua
1095 3939 1151 4002 istc
1185 3962 1216 4002 rc
1249 3940 1421 4020 adiccpit.''
1454 3978 1496 3988 —-
1529 3941 1660 4019 „Medae
1690 3947 1775 4003 tante
1792 3942 1980 4021 potestan.?”

794 4055 924 4133 stupens
947 4050 1040 4132 rogat
1062 4043 1189 4109 Plutus.
1214 4043 1274 4111 Cui
1299 4044 1508 4133 Chremylus:

975 4151 1027 4215 cel
1051 4151 1099 4214 cal
1124 4152 1171 4227 μὰ
1198 4152 1259 4214 Alc
1284 4156 1396 4217 τούτων
1419 4176 1458 4229 γε
1482 4153 1586 4232 πολλῷ
1610 4153 1753 4216 πλείονα·

974 4256 1047 4324 ὥστ’
1070 4258 1135 4323 οὐδὲ
1158 4257 1271 4335 μεστός
1296 4283 1348 4323 σου
1371 4259 1475 4339 γέγον’
1498 4258 1592 4329 οὐδεὶς
1616 4256 1749 4323 πώποτε.

975 4372 1032 4430 τῶν
1056 4367 1112 4440 μὲν
1134 4367 1196 4443 γὰρ
1220 4363 1324 4429 ἄλλων
1351 4366 1414 4430 ἐστὶ
1439 4368 1562 4431 πάντων
1586 4369 1764 4444 πλησμονή·

866 4470 930 4537 190
977 4468 1146 4547 ἔρωτος-

797 4577 937 4657 „docco”
956 4580 1153 4663 interstrepit
1173 4579 1368 4662 mancipium
1388 4585 1420 4643 et
1440 4579 1585 4642 certatim
1603 4578 1669 4641 iam
1688 4584 1877 4642 enumerant
1896 4599 1983 4663 quaa

798 4688 875 4751 bona
898 4686 1010 4750 babeat
1033 4683 1149 4749 Plutus
1157 4704 1165 4762 ;
1190 4684 1325 4769 denique
1349 4682 1558 4770 Obremylus:

974 4795 1026 4856 σοῦ
1050 4789 1076 4853 δ’
1100 4790 1215 4867 ἐγένετ’
1239 4791 1336 4861 οὐδεὶς
1360 4791 1474 4865 μεστὸς
1497 4779 1708 4854 oblocutores·

974 4897 1061 4961 ἀλλὰ
1086 4895 1151 4960 aad.
