5125 6150
1064 818 1314 866 sursrornnuns.
1742 798 1784 864 49

637 984 691 1048 Vs.
719 982 794 1049 528.
842 1004 844 1009 ·
1185 977 1227 1053 cle
1253 981 1307 1058 ἡδὺ
1332 981 1384 1045 acl
1410 981 1558 1059 λέγειν.

589 1088 801 1156 Coniecturae
833 1109 922 1153 meae
953 1087 1063 1167 ψέγειν
1094 1088 1273 1152 vLseuwen
1306 1089 1424 1152 iniuria
1449 1088 1617 1163 obmovet,
1643 1087 1725 1171 quod
1750 1087 1787 1148 li-

590 1197 693 1258 benter
723 1197 896 1275 vituperare
925 1215 987 1258 non
1017 1197 1060 1257 sit
1090 1193 1207 1257 iudicis
1235 1199 1402 1258 emunctae
1425 1196 1527 1272 naris;
1552 1215 1614 1258 non
1639 1196 1724 1257 enim
1749 1193 1787 1257 de

590 1299 652 1364 tali
675 1300 779 1364 iudice
803 1301 855 1363 hio
879 1302 998 1383 agitur,
1022 1297 1076 1362 sed
1100 1298 1138 1363 de
1160 1301 1231 1383 ipso
1254 1296 1373 1383 populo
1398 1298 1595 1363 Atheniensi.
1621 1296 1670 1365 cf.
1692 1318 1788 1382 supra

592 1426 640 1470 rs.
668 1402 733 1468 519
759 1412 790 1469 et
814 1426 887 1469 mox
913 1425 961 1468 rs.
988 1401 1064 1468 532.

641 1619 694 1685 Vs.
729 1619 794 1684 542
825 1620 902 1685 adeo
932 1619 1047 1705 planus
1079 1625 1128 1686 est
1159 1641 1195 1685 sc
1225 1623 1430 1706 perspicuus,
1462 1625 1499 1684 ut
1528 1619 1714 1686 incredibile
1746 1623 1788 1684 sit

593 1747 788 1812 quemquam
814 1726 911 1790 verba
931 1728 1099 1790 sanissima
1118 1724 1288 1791 sollicitare
1308 1729 1459 1810 potuisse.
1485 1726 1672 1812 Numquam
1693 1725 1788 1791 aliter

592 1854 670 1898 eum
694 1830 839 1897 intellexi
865 1852 961 1915 qnam
985 1831 1099 1896 editor.
1127 1869 1130 1874 -

639 2035 692 2101 Vs.
718 2036 783 2100 559
813 2039 961 2122 spurium
984 2058 1052 2103 esse
1076 2037 1168 2102 facile
1191 2037 1274 2100 mihi
1298 2057 1381 2099 nunc
1405 2037 1564 2119 persuasit
1588 2034 1787 2111 vLeeuwen,

592 2142 649 2206 sed
672 2140 781 2206 nullus
805 2141 916 2206 dubito
939 2145 1016 2227 quin
1040 2147 1108 2207 eius
1132 2148 1242 2206 auctor
1266 2141 1369 2205 dicero
1389 2139 1529 2205 voluerit
1549 2143 1688 2205 comicos
1709 2143 1788 2204 istos

591 2248 632 2311 dc
663 2247 849 2334 Hyperbolo
881 2247 989 2312 eadam
1021 2269 1094 2313 usos
1125 2269 1193 2313 esse
1223 2249 1383 2332 imagine,
1414 2267 1476 2332 qua
1499 2267 1577 2310 usus
1601 2249 1644 2310 sit
1669 2246 1789 2310 Aristo·

593 2352 714 2438 phanes
736 2354 768 2416 in
792 2352 963 2437 Equitibus
987 2352 1025 2416 de
1048 2349 1174 2417 Cleone.

641 2550 696 2635 Vs.
722 2569 798 2635 636.
822 2567 885 2648 alys
910 2568 962 2646 δά,
986 2568 1019 2633 τθ
1041 2567 1149 2645 βούλει
1173 2574 1279 2647 πρῶτά
1305 2570 1365 2633 νυνὶ
1389 2568 1564 2646 μανθάνειν,

823 2671 860 2738 ὧν
884 2675 936 2739 οὐκ
962 2672 1126 2753 ἐδιδάχθης
1150 2673 1267 2738 πώποτ’
1292 2674 1393 2757 οὐθθνς
1417 2673 1485 2738 εἰπὲ
1509 2697 1579 2750 μοι,

823 2779 936 2859 ιτθτεριι
962 2776 1029 2856 περὶ
1054 2779 1169 2859 μέτρων
1194 2781 1212 2853 ἢ
1236 2780 1351 2858 ῥυθμῶν
1376 2779 1392 2855 ἢ
1418 2779 1484 2857 περὶ
1511 2779 1604 2855 terim

592 2885 691 2952 Haud
723 2884 827 2970 placet
850 2885 933 2950 mihi
955 2888 1116 2970 proposita
1140 2885 1179 2949 ab
1202 2885 1322 2950 editore
1345 2885 1560 2969 interpunctio
1585 2882 1718 2963 rdcor';
1745 2920 1787 2932 -

594 2991 694 3069 editu
726 2991 811 3055 Mire
842 2994 927 3055 enim
957 2993 1068 3055 statim
1100 2996 1284 3076 sequeretur
1316 2990 1383 3054 εθιιέ
1415 3012 1467 3065 μοι
1498 2989 1561 3054 ari.
1594 2989 1631 3053 In
1663 2987 1786 3054 πάντοτε

593 3119 658 3162 non
680 3097 876 3162 haerendum
899 3097 1036 3162 ridetur.
1060 3096 1184 3161 Locum
1208 3099 1413 3161 sanissimum
1437 3116 1504 3160 esse
1527 3102 1616 3181 puto.

640 3315 694 3379 Vs.
721 3312 796 3379 653.

729 3419 849 3505 Streps.
874 3421 919 3490 τθς
945 3418 1040 3489 ἄλλοι
1064 3418 1132 3483 ἀντὶ
1157 3419 1273 3485 τουτουὶ
1299 3423 1352 3483 τοῦ
1377 3417 1546 3497 θιιιιτθλνν;

877 3526 932 3606 πρὸ
957 3530 1010 3590 τοῦ
1034 3524 1101 3602 μέν,
1126 3522 1170 3588 ἔτ’
1194 3526 1269 3601 ἐμοῦ
1296 3524 1402 3597 sardic
1426 3523 1527 3602 ὄντος,
1551 3524 1660 3588 οὑτοσί.

730 3630 816 3696 Soet.
875 3632 995 3709 άγρεῖις
1022 3628 1052 3696 εἷ
1073 3630 1124 3695 acl
1149 3630 1266 3703 σκιιιθι.

591 3735 641 3800 De
664 3736 770 3800 vorbis
794 3736 849 3815 πρὸ
874 3742 927 3800 τοῦ
940 3774 983 3783 -
997 3736 1096 3801 οὑτοσί
1119 3757 1247 3801 omnem
1271 3736 1568 3821 interpretationem
1587 3734 1787 3821 fugientibus

591 3862 649 3905 nec
672 3841 840 3925 probiliter
862 3844 993 3907 tentatis
1015 3841 1189 3927 prudenter
1212 3843 1355 3927 disputat
1376 3840 1565 3918 vLoeuwen,
1586 3842 1639 3905 cui
1657 3860 1787 3924 prorsus

592 3949 758 4012 assentior.
794 3945 963 4012 Dubitatio
996 3948 1078 4011 mihi
1109 3955 1184 4012 usta
1213 3952 1262 4012 ast
1294 3968 1333 4012 an
1365 3946 1445 4012 forte
1476 3947 1585 4030 spuria
1614 3948 1696 4009 sint:
1727 3944 1787 4009 hoc

592 4052 704 4129 video,
740 4056 768 4116 si
803 4053 926 4130 absint,
962 4052 1045 4117 nihil
1080 4053 1262 4118 desiderari.
1299 4052 1335 4115 In
1367 4054 1561 4137 praegressis
1592 4052 1678 4114 anim
1710 4051 1786 4113 satis

592 4177 706 4221 causae
741 4164 826 4234 erat,
862 4179 919 4223 cur
951 4164 1112 4244 agrestem
1148 4165 1180 4224 et
1211 4156 1365 4223 stolidum
1396 4156 1612 4242 Strepsiadam
1643 4154 1787 4219 Socrates

591 4269 730 4328 vocarat.
764 4263 845 4343 Quia
876 4270 983 4329 tamen
1015 4272 1051 4329 ut
1083 4265 1266 4329 scribuntur
1298 4266 1386 4328 omni
1415 4283 1509 4327 sensu
1533 4261 1688 4325 destituta
1711 4263 1786 4323 sunt

590 4373 704 4431 utrum
727 4371 871 4454 genuina
895 4371 960 4432 sint
982 4389 1020 4433 an
1046 4372 1156 4454 spuria
1179 4391 1240 4435 non
1266 4373 1373 4454 potest
1396 4366 1574 4431 diiudicari.

637 4569 691 4634 Vs.
715 4569 791 4635 721.
817 4570 888 4638 vid.
913 4592 1009 4657 supra
1032 4571 1071 4636 ad
1095 4571 1232 4637 Acharn.
1257 4592 1305 4636 rs.
1333 4569 1363 4634 1.

636 4786 689 4851 Vs.
716 4785 791 4852 785.
817 4790 891 4853 ἀλλ’
916 4788 1002 4859 εὐθὺς
1027 4790 1217 4864 ἐπιλήθει
1240 4788 1278 4853 σθ
1302 4789 1336 4866 γ’
1360 4784 1432 4852 ἅττ’
1456 4786 1495 4853 άν
1519 4785 1571 4850 aul
1594 4786 1707 4868 acilas.

589 4891 663 4957 Iure
695 4895 822 4958 mireris
853 4895 992 4959 formam
1023 4915 1043 4957 s
1069 4897 1157 4960 vitae
1182 4895 1363 4960 communis
1386 4914 1447 4959 usu
1471 4900 1504 4958 et
1525 4892 1688 4958 comoedis
1710 4889 1785 4957 alie·

1619 5014 1637 5062 ι
