5125 6150
642 1091 750 1191 QUO
777 1088 1098 1179 DISORIMINB
1126 1091 1217 1180 DEI
1246 1091 1312 1179 ΕΤ
1341 1090 1580 1180 HOMINES
1610 1092 1770 1182 INTER

958 1226 1018 1314 sd
1046 1227 1469 1317 DIGNOSOANTUR.

1150 1429 1274 1472 SORIPSl'l'

1010 1582 1039 1648 J.
1064 1581 1152 1647 VAN
1176 1583 1263 1647 DER
1286 1583 1421 1649 vniat.

1121 1789 1306 1833 *ow-

659 1966 835 2053 Perlegens
859 1966 945 2031 baud
968 1967 1036 2029 sine
1059 1966 1165 2030 fructu
1189 1969 1350 2051 specimen
1374 1967 1565 2054 inaugurale
1588 1989 1618 2032 v.
1639 1968 1669 2034 d.
1694 1969 1735 2035 Κ.
1761 1970 1804 2038 Η.

610 2073 650 2138 Ε.
673 2072 713 2137 de
731 2071 831 2158 Jong,
852 2071 935 2156 quod
946 2073 1139 2155 inscriptum
1151 2078 1216 2136 eat:
1237 2074 1274 2136 de
1287 2074 1415 2154 Apuleio
1426 2074 1593 2137 Isiacorum
1604 2075 1806 2159 mysteriorum

611 2185 703 2255 uate,
735 2176 834 2241 incidi
865 2179 898 2240 in
930 2176 1039 2240 locum
1071 2176 1237 2241 Heliodori
1260 2176 1329 2255 (III.
1358 2178 1413 2258 13)
1437 2179 1476 2244 ab
1501 2186 1629 2245 auctore
1651 2183 1805 2260 citatum,

611 2291 657 2366 (p.
690 2281 747 2366 85)
781 2301 843 2366 quo
875 2282 1025 2346 dicuntur
1056 2281 1106 2345 dei
1139 2288 1170 2345 et
1203 2282 1372 2349 daemones
1403 2306 1644 2370 nonnumquam
1674 2286 1807 2353 induere

612 2407 746 2471 corpora
779 2385 988 2464 animalium,
1024 2386 1215 2471 plerumque
1250 2409 1327 2453 vero
1364 2389 1548 2454 bominum:
1582 2392 1652 2461 τοὺς
1682 2392 1737 2466 μὲν
1770 2391 1805 2466 δὴ

613 2491 772 2570 βιβύλονς
797 2491 855 2556 adv
878 2491 1059 2569 διαλύόοιεν,
1084 2494 1139 2565 τὴν
1163 2492 1194 2556 ti
1216 2499 1314 2571 σοφοῦ
1339 2500 1450 2570 γνῶσιν
1474 2496 1527 2558 ούιι
1550 2495 1588 2558 ἂν
1612 2496 1804 2576 διαφύγοιεν,

613 2598 704 2661 ύλλδ
728 2606 792 2668 τοῖς
816 2603 844 2661 τ’
868 2598 1041 2676 ὀφθαλμοῖς
1066 2596 1290 2675 curvescere
1314 2601 1418 2671 ιἰτενὲι
1441 2599 1539 2664 διόλου
1560 2599 1731 2677 βλέποντες
1752 2603 1804 2666 καὶ

613 2705 649 2767 τό
674 2702 835 2781 βλέφαρον
858 2703 892 2767 ού
915 2705 984 2766 ποτ’
1009 2702 1189 2778 ἐπιμύοντες
1211 2705 1263 2766 καὶ
1284 2706 1325 2783 τῷ
1345 2705 1522 2781 βαδίσματι
1544 2705 1646 2783 πλόον,
1666 2708 1698 2770 ού
1718 2708 1804 2771 κατὰ

614 2808 773 2882 διύστιρσιν
806 2816 868 2871 τοῖν
899 2809 999 2872 ποδοῖν
1030 2808 1096 2872 otte
1126 2808 1292 2884 μετάθεσιν
1323 2809 1475 2889 ύνυομὲνιρ
1506 2810 1595 2874 ύλλόι
1626 2810 1712 2874 aare
1736 2834 1803 2876 τινα

612 2916 711 2997 ρ’ύμνρν
740 2914 838 2992 ὀὶόριον
869 2914 921 2978 καὶ
952 2915 1044 2991 όρμδρν
1076 2914 1326 2993 ἀπαραπόδιστον
1353 2915 1522 2987 τεμνόντων
1546 2921 1669 2990 μᾶλλον
1693 2917 1727 2981 τό
1752 2942 1804 2982 τε·

611 3021 714 3101 ριόχιν
749 3021 766 3093 ἢ
804 3019 1069 3095 διαπορευομένων.
1111 3018 1265 3085 Observat
1301 3028 1410 3085 autem
1448 3024 1631 3105 speciminis
1670 3025 1805 3107 scriptor

611 3126 828 3191 Plutarchum
857 3126 942 3190 idem
975 3127 1090 3190 referre
1114 3125 1152 3189 de
1176 3141 1379 3190 mortuorum
1403 3128 1528 3191 umbris
1550 3127 1622 3206 (Qu.
1648 3126 1703 3193 (ir.
1729 3127 1802 3209 39>=

611 3235 673 3296 τῶν
706 3232 731 3295 δ’
755 3230 965 3295 ύποόανόντον
997 3232 1022 3295 oi
1048 3230 1249 3308 Πνόαγσρικσδ
1274 3232 1399 3308 λόγουσι
1424 3231 1481 3302 τόις
1506 3233 1617 3311 ψυχὰς
1641 3234 1686 3309 μδ
1710 3241 1804 3299 ποιεῖν

611 3338 704 3402 σκιὰν
738 3335 818 3410 μηδὲ
853 3336 1110 3414 σκαρδαμύττειν.
1143 3334 1204 3415 (Da
1235 3357 1295 3401 ser.
1328 3358 1417 3401 num.
1450 3337 1536 3401 vind.
1569 3337 1641 3417 22):
1677 3337 1711 3401 τό
1743 3340 1802 3410 τδρ

610 3442 726 3521 ψυχὰς
751 3449 809 3507 τῶν
832 3441 1016 3514 τεόνιιιιότοιν
1039 3443 1120 3515 μήτε
1144 3442 1235 3505 σκιὰν
1258 3451 1353 3506 ποιεῖν
1377 3444 1457 3517 μήτε
1481 3444 1739 3520 σκαρδαμύττειν.

657 3547 786 3612 Horum
809 3546 952 3612 locorum
977 3553 1067 3610 tenor
1085 3549 1118 3610 in
1138 3550 1330 3611 memoriam
1350 3553 1479 3612 revocat
1498 3548 1698 3613 festivissimi
1714 3548 1804 3614 illius

608 3655 765 3718 carminis
795 3654 894 3736 epici,
922 3651 1005 3736 quod
1028 3650 1252 3715 Mahabharaci
1277 3654 1405 3715 nomina
1429 3652 1541 3728 fertur,
1566 3654 1717 3737 episodii,
1742 3675 1804 3739 quo

607 3764 770 3833 narratur,
795 3777 858 3840 quo
883 3756 977 3820 modo
996 3754 1208 3842 Damayanti,
1229 3758 1316 3841 regis
1337 3755 1445 3820 Rbimi
1463 3756 1546 3834 filia,
1567 3758 1628 3821 sibi
1647 3761 1803 3823 maritum

609 3863 758 3949 elegerit.
789 3861 825 3924 In
856 3860 914 3926 tali
945 3860 1098 3926 electione
1130 3860 1272 3945 undique
1304 3882 1396 3946 reges
1425 3868 1457 3926 et
1487 3864 1646 3949 principes
1674 3870 1804 3947 apatre

608 3967 755 4053 puellae,
786 3986 866 4050 quaa
890 3969 1096 4031 matrimonio
1120 3966 1342 4040 destinaretur,
1369 3966 1408 4030 ad
1431 3989 1587 4053 magnum
1610 3976 1803 4034 conventum

607 4073 842 4147 invitabantur,
867 4078 905 4135 ut
927 4071 994 4135 filia
1018 4092 1057 4135 ex
1081 4092 1192 4136 eorum
1216 4092 1349 4136 numero
1372 4092 1430 4136 suo
1454 4074 1523 4156 ipsa
1546 4074 1677 4137 arbitrio
1702 4094 1803 4138 unum

608 4179 672 4242 sibi
703 4176 881 4261 sponderet.
907 4176 1006 4263 Regis
1029 4177 1140 4241 Bhimi
1162 4180 1347 4241 invitationi
1371 4177 1598 4261 responderant
1621 4200 1681 4241 non
1706 4176 1805 4241 multi

611 4292 741 4348 tantum
765 4303 873 4367 reges,
897 4282 952 4346 aad
975 4288 1128 4367 quattuor
1152 4285 1249 4346 etiam
1271 4285 1405 4345 numina
1425 4281 1539 4357 Ιαιόνο,
1559 4284 1653 4361 Aqui,
1682 4283 1804 4345 Verane

612 4398 645 4455 et
681 4390 784 4453 Yam.
817 4386 900 4453 Cum
932 4410 1007 4453 vero
1038 4388 1234 4473 Damayantt
1263 4388 1518 4451 introduceretur
1542 4390 1574 4451 in
1598 4387 1722 4464 locum,
1748 4388 1803 4452 ubi

612 4496 663 4560 dei
700 4515 775 4558 cum
810 4496 1008 4579 principibus
1044 4493 1192 4571 aderant,
1232 4512 1393 4577 nusquam
1428 4492 1604 4557 iuvenilem
1640 4496 1805 4577 conspexit

610 4602 807 4684 principem,
828 4620 923 4682 quem
941 4600 1003 4662 sibi
1022 4602 1091 4683 ipsa
1110 4601 1175 4662 iam
1197 4602 1304 4662 animo
1324 4601 1478 4663 maritum
1499 4598 1680 4676 destinarat,
1702 4601 1803 4663 immo

610 4709 753 4792 quinque
783 4707 852 4769 eius
884 4726 922 4768 ex
954 4706 1041 4768 omni
1066 4710 1155 4788 parte
1179 4702 1301 4766 similes
1325 4702 1532 4789 deprehendit
1556 4702 1711 4766 hominos.
1735 4702 1804 4782 Qua

611 4809 826 4876 similitudine
848 4812 880 4873 in
905 4829 1067 4873 summam
1091 4808 1222 4873 inducta
1247 4807 1498 4886 dubitationem,
1522 4810 1714 4873 meminerat
1737 4811 1804 4895 qui-
