5125 6150
784 782 827 848 88
1276 799 1470 849 mscnrnus.

783 971 900 1035 taverit
929 969 1054 1034 hiatum
1081 967 1195 1054 longae
1219 967 1338 1034 vocalis
1361 966 1394 1034 e't
1416 968 1541 1034 litterae
1563 972 1763 1035 consonantis
1785 970 1963 1035 admittere.

782 1076 884 1157 Quare
915 1076 1118 1142 scribendum
1146 1076 1277 1141 fortasse
1301 1096 1410 1141 censeo
1427 1076 1600 1155 ,ἑπιίνίιοιη
1624 1078 1686 1141 nisi
1708 1077 1789 1142 forte
1812 1076 1871 1142 huc
1894 1098 1965 1142 con-

781 1186 920 1260 iectura,
952 1184 987 1247 in
1010 1202 1072 1267 qua
1095 1184 1225 1247 nonita
1249 1181 1393 1247 multum
1415 1184 1531 1268 poetici
1553 1184 1667 1248 nitoris
1689 1185 1792 1248 inesse
1814 1185 1891 1248 satis
1914 1205 1964 1248 ex-

781 1288 941 1376 ploratum
965 1293 1029 1366 est,
1050 1290 1200 1353 orationis
1219 1286 1314 1353 elatio
1333 1291 1502 1374 migratur.
1528 1287 1590 1354 Sed
1609 1293 1685 1352 utut
1704 1309 1754 1353 res
1773 1308 1839 1353 sese
1858 1289 1963 1366 habet,

779 1394 956 1461 laudandus
988 1400 1035 1459 est
1066 1393 1282 1472 Schmidtius‚
1315 1395 1398 1480 quod
1427 1397 1524 1460 metri
1553 1397 1774 1483 integritatem
1796 1398 1964 1461 restituere

781 1502 916 1567 studuit.

826 1605 954 1674 Ceteras
968 1607 1167 1690 ¹mutationes
1186 1604 1385 1672 Schmidtius
1404 1611 1453 1672 tot
1471 1611 1600 1692 tumque
1620 1607 1788 1692 probandis
1808 1607 1964 1673 stabilivit

782 1716 996 1803 argumentis,
1028 1720 1065 1778 ut
1095 1734 1144 1779 res
1167 1712 1382 1798 disputatione
1405 1734 1468 1777 uon
1490 1721 1593 1800 egeat.
1617 1712 1707 1793 Quod
1731 1719 1837 1779 tamen
1861 1717 1965 1799 primo

780 1821 849 1888 loco
872 1821 910 1886 de
934 1822 1128 1906 correptione
1151 1817 1293 1906 syllabae
1316 1816 1432 1905 longae
1456 1821 1489 1882 in
1512 1818 1654 1885 clausula
1674 1822 1796 1905 positae
1815 1826 1965 1906 sequente

779 1927 882 1997 vocali
901 1930 1015 2014 agens,
1038 1926 1150 1991 deinde
1168 1926 1208 1991 ab
1227 1928 1369 1991 oratione
1388 1925 1550 2011 digressus
1570 1925 1650 1991 hanc
1670 1948 1737 1992 rem
1757 1926 1902 1992 adsocia
1926 1927 1965 1992 δι’

779 2034 922 2102 indolem
937 2032 1168 2120 depingendam
1176 2032 1316 2110 adhibet,
1330 2034 1487 2117 vitupero.
1506 2031 1628 2098 Deinde
1639 2037 1739 2098 miror
1748 2033 1964 2099 Schmidtium

782 2164 911 2209 versum
941 2139 1013 2218 ὤμοι
1043 2163 1094 2217 μοι
1118 2139 1222 2204 κοίτοιν
1245 2136 1332 2204 τάνδ’
1354 2139 1554 2219 οίνελοιίίερον,
1580 2137 1668 2221 δολίῳ
1691 2163 1726 2204 τι
1750 2139 1829 2218 μίρῳ
1853 2138 1964 2216 δοιμείς

781 2253 829 2315 ita
862 2269 929 2314 esse
961 2268 1128 2324 mensum,
1162 2253 1201 2311 ut
1234 2248 1372 2332 priorem
1403 2248 1471 2312 eius
1501 2251 1626 2332 partem
1656 2247 1746 2312 brevi
1776 2247 1900 2333 syllaba
1930 2270 1964 2311 τε

784 2355 929 2434 definiat,
959 2354 994 2419 id
1024 2354 1108 2439 quod
1138 2374 1211 2419 mea
1241 2353 1371 2438 quidem
1395 2355 1550 2418 sententia
1573 2375 1647 2419 cum
1669 2352 1796 2440 legibus
1820 2353 1968 2440 rhythmi

782 2466 915 2549 pugnat.
947 2459 1077 2525 Accedit
1103 2460 1187 2544 quod
1210 2480 1363 2524 numerus
1386 2460 1446 2525 hoc
1470 2459 1565 2525 modo
1588 2458 1681 2546 plane
1704 2459 1839 2525 tollitur.
1871 2460 1968 2544 llqui-

784 2572 856 2636 dem
885 2568 995 2646 credo,
1028 2588 1157 2633 versum
1189 2569 1235 2633 ita
1267 2588 1357 2652 posse
1389 2569 1507 2652 accipi,
1539 2575 1576 2632 ut
1599 2568 1752 2633 habeatur
1774 2570 1968 2653 compositus

789 2702 1309 2731 -------------------
1343 2694 1381 2739 ex
1408 2672 1546 2739 molosso
1569 2673 1608 2738 ad
1630 2677 1677 2739 rei
1700 2676 1894 2761 gravitatem
1918 2673 1969 2739 de

785 2781 978 2869 pingendam
1013 2785 1046 2845 et
1079 2778 1119 2845 ad
1153 2800 1190 2845 ea
1225 2801 1305 2865 quoe
1341 2784 1518 2865 sequuntur
1546 2780 1626 2846 bene
1657 2780 1870 2867 praeparanda
1897 2782 1968 2871 sine

781 2889 882 2979 dubio
911 2889 1094 2973 aptissime,
1126 2884 1301 2972 glyconeo,
1333 2886 1440 2952 ordine
1470 2885 1881 2973 anapaestico-logaoedico.
1913 2887 1969 2951 At-

786 3016 847 3083 que
884 2994 960 3058 huic
998 2993 1127 3079 quidem
1165 3013 1253 3058 meae
1292 2996 1465 3059 sententiae
1503 2993 1786 3059 commendationis
1824 2994 1970 3059 accedere
2029 3064 2034 3077 ,

786 3101 953 3168 cumulum
985 3100 1142 3185 quendam
1173 3098 1375 3184 exploratum
1406 3106 1471 3178 est,
1503 3101 1586 3185 quod
1609 3100 1774 3178 μεταβολὴ
1796 3102 1905 3182 ῥνίμοῦ
1929 3102 1970 3165 ad

786 3211 966 3274 animorum
996 3205 1256 3271 concitandornm
1287 3209 1459 3271 sententias
1489 3205 1738 3283 adumbrandes‚
1772 3208 1835 3270 nisi
1863 3205 1969 3283 fallor,

786 3312 873 3378 haud
895 3314 1003 3398 inepta
1024 3312 1083 3376 hoe
1105 3310 1173 3377 loco
1195 3310 1309 3376 elucet.
1338 3313 1390 3391 (cf.
1415 3311 1496 3377 Mar.
1522 3310 1672 3377 Victorin.
1697 3334 1728 3398 p.
1753 3311 1866 3393 2539),
1895 3334 1969 3378 cunr

786 3419 930 3485 ordinem
953 3416 1381 3504 anapaesticologaoedicum
1404 3416 1491 3498 δολίῳ
1515 3442 1550 3483 οε
1570 3417 1653 3498 μίρῳ
1674 3418 1784 3495 δομιίς
1803 3419 1971 3503 subsequa·

787 3532 841 3591 tur
871 3522 1048 3611 dactylicus
1078 3525 1241 3609 ipsiusque
1271 3523 1443 3589 Schmidtii
1474 3546 1623 3590 mensura
1653 3546 1748 3590 versu
1778 3527 1827 3596 τίς
1858 3523 1972 3587 δ’ἐπι-

787 3630 919 3709 τιίμβιος
954 3627 1035 3702 νίνος
1070 3630 1119 3694 ἐπ’
1152 3630 1234 3708 ἀνδρί
1272 3632 1338 3712 ίείῳ
1372 3630 1426 3708 ξὺν
1458 3630 1592 3708 δοοιιριίοις
1625 3631 1744 3711 ίοινχῶν
1774 3631 1971 3715 comprobari

789 3740 945 3805 videatur.
976 3734 1038 3803 Oui
1060 3758 1149 3802 meae
1172 3740 1346 3804 sententiae
1368 3742 1436 3824 ipse
1460 3737 1656 3803 Schmidtius
1679 3740 1774 3803 tacite
1797 3738 1903 3803 favere
1927 3738 1972 3802 vi·-

790 3844 883 3910 detur
905 3865 935 3929 p.
962 3839 1015 3908 77.

835 3947 1020 4016 Clausulam
1054 3951 1239 4035 systematis
1271 3948 1369 4015 talem
1401 3971 1467 4016 esse
1498 3951 1616 4035 absque
1648 3949 1743 4015 dubio
1773 3954 1910 4026 constat,
1935 3954 1972 4013 ut

789 4077 996 4123 numerorum
1027 4056 1128 4121 forma
1158 4058 1203 4121 rei
1227 4056 1465 4142 magnificentia
1487 4055 1688 4143 depingatur.
1711 4055 1863 4121 Trochaei
1885 4057 1972 4121 enim

790 4167 895 4252 primo
925 4168 957 4228 et
987 4160 1086 4227 altero
1117 4161 1186 4228 loco
1217 4165 1313 4248 positi
1341 4162 1542 4229 irrationales
1574 4169 1648 4228 sunt
1677 4162 1827 4238 habendi,
1857 4164 1904 4227 ita
1935 4169 1973 4226 ut

791 4269 882 4336 facile
913 4267 1092 4334 similitudo
1125 4289 1199 4332 cum
1231 4270 1436 4353 sequentibus
1467 4270 1624 4334 trochaeis
1651 4274 1746 4354 queat
1769 4270 1915 4354 agnosci,
1938 4268 1973 4331 id

792 4376 876 4461 quod
910 4374 1107 4441 Schmidtius
1142 4376 1318 4439 rectissime
1351 4374 1521 4441 intellexit.
1556 4375 1761 4441 Hermannus
1792 4393 1973 4439 mensuram

699 4459 705 4474 .
792 4502 903 4548 versus
930 4486 1002 4561 oro,
1034 4482 1081 4553 τίς
1114 4480 1152 4546 ἂν
1175 4481 1205 4545 ἓν
1228 4480 1342 4561 τοίχει,
1367 4484 1410 4558 μίι
1433 4479 1605 4561 περιώδυνος
1630 4486 1757 4547 secutus
1779 4501 1852 4545 cunr
1877 4479 1974 4545 dime
2014 4537 2016 4541 .

678 4589 681 4596 '
793 4593 881 4679 trum
913 4586 1133 4654 dochmiacum
1165 4590 1399 4665 constituisset,
1430 4588 1489 4653 hac
1521 4588 1631 4653 eadem
1662 4590 1781 4653 ratione
1811 4590 1844 4651 in
1875 4586 1974 4652 altera

794 4695 927 4782 syzygia
957 4694 1099 4759 ordinem
1129 4695 1248 4772 δαῖμον,
1272 4686 1304 4766 le
1327 4694 1485 4772 ίμτίτνεις
1508 4694 1626 4772 διίμοοι
1650 4694 1701 4759 καί
1725 4695 1867 4774 διΦνίοιοι
1892 4701 1974 4758 Τοιν-

793 4801 967 4865 caroasco
997 4803 1106 4866 metiri
1136 4806 1262 4868 coactus
1292 4807 1368 4866 erat.
1404 4800 1441 4865 ln
1473 4822 1535 4887 quo
1566 4821 1637 4867 mea
1667 4800 1796 4886 quidem
1819 4803 1975 4866 sententia

792 4909 967 4981 rectissime
989 4908 1144 4974 iudicavit
1168 4912 1219 4975 vir
1240 4908 1460 4987 doctissimus,
1480 4930 1554 4974 cum
1573 4908 1715 4975 ordinem
1735 4909 1972 4994 pherecrateum
2008 4911 2012 4919 '
