5125 6150
687 791 754 858 230
1187 813 1363 861 nouerca.

686 976 815 1058 χρύσεον
845 974 933 1056 ὅρμον
964 976 1054 1057 ἔχων,
1086 999 1182 1064 quem
1212 977 1325 1043 deinde
1356 979 1386 1041 ἒν
1410 977 1540 1057 μεγάρῳ
1563 979 1662 1057 δμῳαὶ
1687 980 1738 1043 xxi
1761 980 1872 1044 πάτρεμ

687 1084 787 1163 μάτηρ
818 1094 894 1150 sunt
923 1084 1112 1161 admiratae,
1143 1088 1178 1149 in
1209 1085 1392 1151 abditamne
1421 1085 1563 1170 aliquam
1593 1086 1722 1152 aedium
1750 1098 1874 1171 partem

686 1189 885 1277 penetravit?
916 1191 1069 1268 Minime,
1098 1191 1152 1256 sed
1178 1197 1359 1256 matronam
1386 1192 1466 1257 adiit
1491 1192 1586 1258 solito
1613 1191 1681 1258 loco
1706 1215 1804 1278 prope
1831 1194 1876 1256 so

685 1319 759 1363 cum
790 1299 819 1362 lv
849 1301 891 1378 τῷ
923 1299 1051 1378 μεγάρῳ
1083 1297 1263 1376 sedentem,
1295 1305 1332 1363 ut
1356 1301 1531 1384 pretiosum
1554 1297 1674 1365 monile
1697 1303 1726 1364 ci
1751 1298 1875 1363 offerret

685 1404 857 1471 emendum
872 1408 907 1485 ¹).

730 1511 836 1578 Mater
858 1520 967 1577 autem
991 1510 1128 1577 familias
1153 1512 1208 1576 ubi
1230 1510 1337 1577 locum
1362 1533 1459 1576 suum
1478 1512 1631 1589 habebat,
1647 1512 1741 1596 filiae
1759 1534 1816 1576 cur
1835 1534 1874 1576 ex

684 1638 721 1684 ea
744 1618 873 1683 aedium
892 1626 980 1703 parte
999 1624 1181 1683 arcerentur
1200 1616 1292 1682 nulla
1309 1639 1377 1682 esse
1396 1621 1505 1703 potuit
1523 1639 1627 1683 causa.
1653 1620 1702 1682 An
1723 1624 1875 1704 putamus

684 1724 905 1790 balneantibus
928 1724 1099 1790 iuvenibus
1119 1726 1302 1789 innocenter
1321 1744 1375 1789 aas
1393 1745 1522 1809 operam
1542 1730 1703 1811 praestare
1723 1727 1874 1808 potuisse,

684 1853 746 1897 non
777 1832 919 1916 potuisse
949 1830 1063 1915 pudice
1092 1830 1151 1895 sub
1182 1832 1296 1894 matris
1324 1828 1425 1895 oculis
1455 1833 1540 1894 inter
1563 1851 1616 1896 eos
1639 1827 1780 1896 versari?
1803 1830 1875 1895 Non

685 1945 754 2003 tam
777 1939 869 2004 anxie
887 1959 965 2003 aeuo
988 1939 1113 2004 heroico
1135 1936 1379 2002 recludebantur
1401 1936 1540 2022 puellae.
1567 1937 1679 2022 ltaque
1702 1946 1787 2002 certa
1810 1944 1876 2001 stat

685 2047 841 2110 sententia
864 2043 902 2108 da
924 2043 1003 2109 locis
1022 2044 1078 2108 ubi
1097 2041 1238 2108 filiarum
1258 2044 1288 2107 ἐν
1307 2043 1435 2122 μεγάρῳ
1454 2043 1661 2108 educaturum
1681 2043 1734 2108 vel
1752 2042 1875 2108 relicta-

685 2172 759 2216 rum
781 2150 817 2215 fit
839 2153 978 2216 mentio:
1003 2172 1066 2216 non
1088 2154 1240 2237 ignotum
1261 2148 1392 2236 aliquod
1415 2149 1564 2215 conclave
1586 2153 1619 2214 in
1638 2149 1764 2214 aedium
1784 2171 1876 2234 pene

684 2256 819 2322 tralibus
848 2255 978 2322 latitans
1010 2256 1065 2322 sed
1093 2255 1151 2322 illa
1182 2260 1250 2341 ipsa
1274 2278 1372 2341 quarn
1394 2259 1544 2321 novimus
1567 2256 1695 2322 aedium
1717 2278 1790 2341 pars
1813 2259 1877 2342 pri·

685 2367 787 2429 maria
810 2362 1009 2451 significatur
1030 2363 1109 2429 locis
1132 2384 1211 2448 quoa
1235 2363 1433 2428 indicaturus
1456 2381 1548 2427 sum:

819 2477 900 2548 τρεῖς
922 2471 954 2534 δέ
978 2472 1032 2547 ua!
1054 2471 1111 2534 εἰσι
1136 2470 1288 2547 θύγατρες
1312 2470 1353 2533 ἑνὶ
1377 2468 1506 2549 μεγάρῳ
1530 2470 1563 2534 ἐὺ
1589 2471 1715 2547 scarp,

685 2582 761 2642 sunt
790 2577 887 2642 verba
917 2578 1168 2662 Agamemnonis
1181 2572 1217 2655 ²).
1249 2575 1296 2641 De
1328 2574 1543 2661 Hippodamia
1574 2576 1720 2641 Anchisia
1741 2573 1807 2638 filia
1831 2574 1876 2637 di·

686 2686 785 2748 citur:

821 2791 876 2864 risa
898 2788 964 2868 περὶ
990 2792 1054 2867 κῆρ’
1079 2788 1210 2869 ἐφίλησε
1233 2788 1337 2865 πατὴρ
1360 2786 1413 2851 aa}
1436 2787 1548 2851 τάτνιει
1571 2787 1672 2865 μήτηρ

822 2896 853 2960 ἐν
876 2894 1003 2975 μεγάρῳ
1018 2893 1053 2975 3),

685 3003 742 3068 ubi
758 3003 862 3087 patrie
884 3005 1006 3068 mentio
1028 3023 1068 3067 ne
1091 3001 1237 3066 dubitare
1258 3000 1387 3087 quidem
1408 3020 1602 3087 quemquam
1622 3002 1709 3065 sinit.
1734 2998 1876 3063 Rereno

684 3132 754 3176 rem
776 3113 953 3196 principem
975 3109 1157 3175 Phaeacum
1179 3112 1355 3173 immatura
1378 3129 1465 3173 mors
1488 3107 1630 3192 abripuit

955 3217 986 3280 ἐν
1009 3215 1136 3296 μεγάρῳ
1158 3217 1234 3292 μίαν
1258 3213 1319 3289 eins
1342 3215 1445 3280 παῖδα
1468 3213 1602 3278 λιτάντά
1615 3212 1652 3292 ⁴),

686 3324 839 3400 ,evanuit
861 3343 879 3387 e
902 3322 1044 3388 conclavi
1067 3343 1125 3387 suo
1149 3321 1347 3398 adolescens,
1371 3341 1473 3405 neque
1497 3318 1580 3384 filios
1603 3320 1649 3383 ibi
1668 3317 1801 3402 reliquit
1820 3322 1876 3403 qui

685 3429 786 3512 ipsius
821 3449 935 3494 nomeu
971 3429 1010 3492 ad
1045 3434 1186 3514 posteros
1220 3434 1449 3513 propagarent,
1486 3425 1542 3491 aed
1576 3425 1676 3490 filiam
1712 3425 1874 3489 unicam.’'

685 3532 801 3598 Versus
824 3555 921 3619 quam
945 3537 1072 3599 ieiunus
1095 3534 1150 3598 fiat
1172 3536 1200 3598 si
1225 3532 1361 3612 μάγειρον
1386 3532 1513 3617 aliquod
1537 3531 1614 3597 solis
1634 3530 1823 3597 mulieribus
1844 3539 1875 3595 et

686 3639 830 3726 puerulis
864 3639 1058 3707 destinatum
1094 3644 1291 3727 cogitemus,
1327 3640 1405 3724 quid
1439 3642 1555 3704 attinet
1589 3637 1736 3723 pluribus
1770 3638 1876 3703 verbis

686 3743 921 3811 demonstrare?

728 3853 839 3937 Itaque
874 3852 965 3917 facile
1000 3852 1203 3940 intellegitur
1235 3853 1312 3939 quid
1347 3855 1390 3917 sit
1426 3852 1633 3918 statuendum
1671 3852 1709 3916 de
1746 3849 1874 3916 Veneris

685 3958 855 4025 mortalem
879 3958 1021 4044 puellam
1045 3982 1078 4025 se
1102 3963 1255 4026 mentitae
1279 3960 1403 4025 verbis:

1047 4067 1155 4146 Τρῳάς
1179 4066 1307 4147 μεγάρῳ
1330 4089 1372 4141 με
1394 4064 1506 4144 τροφὸς
1530 4063 1652 4143 ’τρέφεν
1664 4067 1701 4143 ⁵).

685 4169 728 4236 lllt
758 4174 829 4236 tuta
859 4171 918 4236 bac
949 4176 1034 4238 certe
1066 4194 1084 4237 a
1114 4180 1203 4258 parta
1226 4181 1274 4238 est
1299 4175 1480 4237 coniectura
1503 4192 1632 4248 eorum,
1658 4172 1713 4255 qui
1736 4172 1769 4234 in
1792 4170 1876 4256 Aga·

687 4280 865 4344 memnonis
889 4279 994 4343 verbis

867 4385 1014 4465 ἡμέτεραί
1037 4387 1065 4448 τ’
1089 4383 1201 4465 &arxes
1226 4385 1278 4449 sei
1303 4387 1397 4461 νήπιά
1420 4382 1515 4448 τέκνα

822 4488 892 4565 ἥατ’
916 4492 956 4555 ta
982 4490 1131 4572 μεγάροις
1154 4491 1375 4568 ποτιδέγμεναι
1388 4497 1416 4570 ⁸)

686 4598 870 4661 recentioris
889 4601 960 4664 aevi
980 4597 1087 4664 dativo
1107 4596 1254 4677 μεγάροις
1275 4598 1512 4663 substituerunt
1524 4597 1722 4683 singularem
1735 4596 1875 4677 μεγάρῳ.

721 4873 745 4934 l)
763 4888 775 4919 o
792 4872 842 4923 459
858 4888 908 4936 sqq.
1117 4872 1146 4932 2)
1165 4877 1175 4919 1
1194 4872 1252 4931 1443
1273 4872 1331 4921 item
1349 4886 1382 4919 ra.
1400 4871 1457 4920 286.
1642 4873 1671 4934 3)
1688 4878 1713 4919 N
1730 4871 1779 4919 430
1796 4885 1831 4933 sq.

718 4956 746 5016 4)
763 4972 777 5011 n
795 4957 834 5005 bb.
1117 4956 1144 5018 lt)
1164 4954 1195 5004 11.
1216 4954 1300 5004 Vener.
1320 4955 1375 5003 114.
1644 4954 1670 5015 ὓ)
1688 4960 1704 5002 Β
1723 4955 1770 5003 1116
1787 4969 1823 5017 sq.
