5125 6150
1024 1361 1105 1451 Al)
1136 1360 1357 1451 HORATII
1387 1360 1546 1450 CARM.
1579 1376 1638 1465 IV,
1665 1381 1696 1454 7.
1711 1381 1769 1455 21.

1339 1583 1461 1624 scurpslr

1231 1753 1260 1818 J.
1285 1752 1314 1817 J.
1339 1749 1566 1816 HARTMAN.

1307 2053 1491 2098 -ωαοο-

940 2312 1024 2381 Cum
1048 2314 1146 2381 semel
1177 2314 1326 2381 occideris
1349 2314 1441 2380 etde
1465 2322 1496 2378 te
1518 2312 1682 2400 splendida
1703 2313 1809 2378 Minos

985 2421 1109 2487 Fecerit
1133 2423 1280 2497 arbitris,

939 2526 1028 2604 Non,
1053 2526 1230 2612 Torquate,
1253 2547 1372 2613 genus,
1398 2547 1459 2591 non
1483 2531 1514 2589 te
1534 2525 1694 2603 facundia,
1718 2547 1779 2590 non
1803 2533 1834 2591 te

984 2633 1146 2698 Restituet
1170 2636 1279 2718 pietas.

806 2739 887 2804 Nolo
905 2740 1033 2825 quidem
1055 2741 1283 2825 Aristophaneo
1302 2737 1358 2803 illo
1377 2739 1407 2802 ἕν
1424 2740 1530 2818 μακρῷ
1543 2739 1638 2818 χρόνῳ
1650 2738 1762 2807 νύκτας
1774 2738 1986 2820 διηγρύπνησα

805 2846 901 2925 ζητῶν
925 2850 991 2923 uti,
1016 2847 1069 2911 sed
1093 2846 1147 2911 diu
1172 2853 1277 2911 tamen
1302 2843 1505 2930 multumque
1529 2848 1670 2930 quaesivi
1690 2845 1808 2910 Minois
1826 2846 1987 2928 splendida

805 2953 935 3017 arbitria
954 2973 1034 3037 quoe
1054 2959 1173 3029 essent,
1194 2973 1295 3037 neque
1314 2951 1396 3036 apud
1416 2952 1522 3016 doctos
1541 2959 1802 3017 commentatores
1813 2952 1986 3038 quidquam

807 3058 1007 3124 inveniebam
1031 3058 1114 3144 quod
1138 3060 1215 3123 satis
1239 3058 1384 3144 placeret.
1409 3057 1472 3123 Hic
1494 3059 1576 3122 mihi
1598 3080 1707 3123 versus
1727 3060 1840 3125 citatos
1859 3079 1986 3123 mecum

805 3167 965 3250 reputanti
997 3168 1030 3228 in
1060 3170 1200 3229 mentem
1229 3168 1317 3230 uenit
1340 3164 1490 3250 quiddam
1514 3185 1576 3249 quo
1600 3164 1770 3230 admodum
1793 3164 1984 3251 gauderem

807 3268 1000 3356 permultos
1022 3278 1126 3335 tamen
1147 3291 1244 3335 annos
1263 3273 1430 3335 inventum
1451 3291 1559 3335 meum
1579 3272 1762 3355 premebam
1784 3278 1815 3336 et
1834 3274 1869 3335 in
1880 3271 1985 3335 lucem

806 3376 944 3461 proferre
977 3377 1124 3442 uerebor:
1150 3397 1225 3441 uam
1248 3379 1353 3443 neseio
1377 3398 1439 3463 quo
1463 3376 1557 3442 modo
1580 3379 1680 3441 risum
1706 3398 1834 3441 movere
1857 3376 1938 3441 solet
1958 3379 1985 3440 si

805 3485 876 3567 quis
909 3489 1017 3567 poetae
1049 3504 1104 3568 per
1135 3489 1182 3548 tot
1211 3482 1335 3547 saecula
1359 3482 1524 3548 doctorum
1548 3484 1695 3547 manibus
1718 3486 1834 3547 versati
1857 3504 1986 3547 versum

805 3590 1011 3651 notissimum
1046 3610 1231 3675 semperque
1265 3589 1434 3674 probatum
1471 3611 1531 3655 non
1568 3588 1671 3653 solum
1705 3597 1890 3675 corruptum
1920 3609 1987 3653 esse

807 3692 944 3758 declaret
979 3694 1032 3759 sed
1067 3699 1164 3760 etiem
1200 3695 1356 3759 medicina
1391 3718 1409 3760 a
1439 3717 1472 3760 se
1503 3703 1626 3780 reperte
1655 3698 1758 3759 sanari
1788 3703 1820 3760 et
1844 3716 1933 3779 posse
1955 3701 1988 3758 et

807 3799 918 3864 debere
946 3799 1091 3865 affirmat.
1116 3800 1255 3865 Tandem
1278 3800 1448 3886 aliquando
1471 3800 1603 3866 fiduciae
1627 3800 1748 3886 aliquid
1772 3802 1853 3864 mihi
1876 3799 1988 3864 attulit

806 3904 1004 3990 proeolsrum
1027 3905 1109 3970 illud
1133 3906 1264 3972 Luciani
1287 3906 1435 3972 Muelleri
1455 3928 1549 3992 opus,
1571 3906 1669 3990 quod,
1689 3910 1717 3970 si
1736 3915 1818 3971 reete
1836 3927 1986 3991 auguror,

807 4010 923 4077 melius
947 4014 1043 4076 etiam
1068 4033 1164 4097 quam
1188 4016 1283 4077 oet-eri
1308 4016 1376 4077 eius
1400 4013 1473 4078 libri
1497 4015 1616 4077 summi
1636 4011 1808 4098 philologi,
1828 4013 1866 4077 de
1886 4016 1988 4098 poetis

807 4118 930 4183 Latinis
960 4122 1051 4183 unioe
1082 4121 1207 4195 meriti,
1238 4118 1377 4183 servabit
1412 4121 1618 4194 memoriam,
1647 4121 1799 4182 maiorem
1822 4118 1891 4182 dico
1916 4116 1989 4184 Gar-

808 4228 933 4291 minum
952 4225 1200 4290 Horatianorum
1222 4224 1404 4289 editionem.
1430 4226 1515 4305 Quae
1534 4225 1609 4290 licet
1630 4225 1743 4289 fiducia
1763 4224 1825 4288 alio
1845 4224 1988 4288 eiusdem

807 4331 880 4394 libri
908 4332 977 4397 loeo
1007 4331 1092 4396 haud
1115 4330 1229 4395 leviter
1251 4333 1508 4408 imminueretur,
1533 4330 1620 4395 nolui
1644 4340 1748 4395 tamen
1773 4330 1894 4395 diutius
1918 4333 1990 4395 reti-

808 4455 876 4498 cere
911 4437 994 4518 quod
1025 4436 1132 4522 aliquo
1163 4451 1246 4500 certe
1278 4435 1369 4500 modo
1402 4440 1482 4501 tanti
1516 4440 1578 4502 viri
1609 4451 1738 4500 nactum
1768 4445 1849 4500 esset
1880 4458 1989 4521 sppro

808 4538 979 4603 bationem.

855 4640 1043 4709 Cuiusmodi
1067 4645 1123 4712 illa
1147 4668 1195 4711 res
1219 4648 1260 4710 sit
1280 4647 1422 4710 narrabo.
1447 4646 1483 4710 In
1506 4646 1781 4722 „Introductione”
1803 4646 1842 4711 ad
1862 4667 1988 4712 carmen

810 4755 952 4902 npsplrum
975 4757 1007 4813 et
1031 4749 1092 4815 alia
1116 4751 1219 4818 multa
1242 4750 1418 4816 utilissima
1441 4751 1478 4817 de
1501 4752 1659 4838 Torquato
1683 4752 1858 4818 Muellerus
1878 4754 1990 4819 scribit

809 4858 826 4900 e
887 4860 957 4904 eoo:
