5125 6150
1191 807 1226 855 lx

656 984 823 1077 ingentis
849 986 1017 1067 nostrae,
1043 1004 1155 1075 quam
1184 982 1277 1051 bene
1304 981 1440 1051 cuncta
1469 978 1591 1050 tenet!

608 1111 742 1184 Omnia
767 1111 955 1204 praeclare
982 1113 1070 1181 sunt
1095 1109 1245 1181 condita
1271 1110 1397 1180 menta
1422 1106 1568 1199 capaci,

658 1239 702 1310 In
729 1245 906 1333 promptu
933 1240 1025 1310 mire
1051 1238 1198 1331 singula
1224 1258 1393 1330 quaeque
1419 1235 1555 1306 iacent.

609 1368 706 1452 Quos
732 1390 806 1439 non
833 1366 897 1438 ille
924 1389 1037 1460 sagax
1063 1367 1263 1458 scriptores
1290 1368 1404 1456 atque
1432 1365 1563 1455 poetas

660 1494 843 1587 Turpibus
870 1516 892 1563 a
919 1493 1061 1564 mendis
1087 1492 1252 1564 vindicat
1277 1495 1359 1563 arte
1385 1489 1470 1561 sua!

609 1621 700 1693 Inde
721 1621 769 1692 ab
793 1620 954 1693 Homero
976 1642 1122 1708 omneS,
1145 1624 1186 1691 ut
1209 1619 1284 1689 iam
1307 1622 1433 1689 tecum
1455 1617 1598 1708 loquar,
1619 1614 1798 1708 usquead

660 1748 919 1819 Eustathium:
948 1748 1058 1819 debet
1083 1751 1234 1818 tantum
1262 1767 1355 1838 opus
1382 1766 1459 1816 esse
1487 1742 1606 1814 senis!

611 1879 664 1949 At
689 1876 805 1947 miror
829 1876 939 1946 rebus
965 1875 1109 1947 cunctis
1133 1874 1338 1966 impensius
1364 1892 1500 1943 unam:

661 2002 850 2075 Sermonis
876 2002 990 2096 lepidi
1015 2007 1095 2074 tam
1123 2001 1287 2073 iuvenile
1312 2000 1435 2071 decus.

612 2131 754 2215 Quaeso
780 2153 869 2200 num
898 2131 995 2202 senis
1021 2129 1139 2201 illudl
1167 2153 1269 2202 eram
1297 2129 1445 2222 quande
1472 2118 1568 2211 αὑτὰς
1597 2122 1739 2222 ἐμαυτοῦ

661 2251 863 2343 Δεινότατος,
889 2258 941 2329 sic
967 2279 1027 2329 me
1052 2258 1212 2329 scribere
1239 2257 1301 2328 vix
1327 2256 1493 2329 memini.

613 2383 707 2453 Aevi
733 2381 848 2454 felicis
874 2405 962 2453 nam
987 2385 1133 2477 spirant
1158 2384 1286 2457 emnia
1311 2384 1452 2473 vitam,

664 2510 770 2581 Flore
795 2511 1001 2582 iuventutis
1027 2512 1164 2604 pagina
1189 2534 1360 2604 quaeque
1387 2510 1521 2583 nitet.''

618 2634 705 2720 ,Est
731 2638 869 2708 etenim
896 2660 982 2709 vere
1007 2639 1176 2710 iuvenis''
1204 2643 1296 2710 tunc
1322 2639 1385 2711 ille
1412 2639 1571 2731 reponit,

664 2762 816 2855 Quaque
842 2764 1001 2837 antehac
1026 2765 1149 2858 viguit
1176 2788 1275 2837 nunc
1300 2788 1447 2859 quoque
1474 2769 1600 2837 mente
1627 2765 1746 2859 viget:

615 2886 727 2959 Felici
753 2890 920 2960 nondum
946 2897 1154 2985 rapuerunt
1180 2898 1351 2986 tempora
1377 2891 1601 2985 quidquam,

666 3015 764 3087 Nam
791 3040 876 3091 vere
901 3018 989 3092 felix
1015 3023 1073 3092 est
1102 3025 1328 3114 maneatque
1353 3021 1437 3093 diu!

614 3145 696 3217 Hoc
721 3147 859 3219 etenim
887 3171 961 3221 nen
987 3148 1065 3219 ulla
1092 3149 1171 3222 viro
1197 3150 1384 3242 sapient-ia
1408 3153 1601 3240 praestat,

666 3272 751 3346 Non
777 3274 946 3346 doctrina
970 3298 1096 3368 sagax,
1122 3275 1245 3348 fertile
1272 3281 1312 3347 et
1337 3276 1547 3370 ingenium:

617 3399 762 3473 Palleat
789 3402 846 3472 his
871 3403 1009 3474 etenim
1038 3404 1232 3496 quamam,
1257 3409 1396 3476 natura
1423 3404 1583 3498 benigna

668 3528 828 3600 Pulchra
854 3531 972 3624 magis
997 3531 1119 3603 multo
1145 3553 1303 3624 raraque
1328 3531 1425 3603 dona
1450 3531 1567 3602 dedit:

619 3653 764 3750 Nempe
789 3657 892 3728 dedit
917 3657 1081 3750 placidos
1108 3680 1226 3729 mores
1250 3662 1290 3729 et
1315 3659 1475 3730 amabile
1502 3663 1651 3752 pectuS,

669 3782 776 3854 Unde
802 3783 928 3855 odium
956 3784 1110 3856 mordax
1136 3788 1174 3856 et
1200 3786 1298 3857 livor
1322 3786 1443 3857 omnis
1468 3787 1591 3858 abest:

618 3910 713 3981 'lam
739 3913 832 3985 bene
856 3913 938 4006 quis
966 3913 1090 4006 potuit
1115 3913 1217 3984 duris
1243 3913 1431 4006 ignoscere
1457 3913 1585 4002 dictis,

671 4039 898 4112 innocuosve
923 4064 1088 4133 unquam
1115 4053 1194 4111 tam
1222 4041 1316 4113 bene
1341 4041 1435 4114 ferre
1461 4041 1584 4115 iocosi

621 4167 722 4239 Haec
747 4190 880 4261 corpus
907 4173 1084 4262 vegetum
1110 4172 1305 4260 praestant
1332 4171 1571 4260 mentemque
1597 4167 1807 4260 vigentem,

670 4294 995 4388 Praestabuntque
1019 4294 1102 4382 diu,
1129 4295 1169 4365 ni
1195 4295 1317 4367 malus
1344 4316 1464 4389 augur
1489 4316 1569 4387 ego.

621 4420 776 4513 Quoque
802 4423 920 4516 magis
945 4421 1066 4492 dicam
1092 4419 1257 4493 felicem:
1285 4422 1383 4493 filius
1407 4421 1463 4491 illi

672 4547 757 4634 Est,
784 4550 875 4621 artis
901 4552 1049 4620 nost-rae
1074 4548 1166 4620 iuris
1191 4571 1240 4619 an
1265 4549 1330 4621 ille
1357 4547 1475 4641 magis

620 4675 822 4749 Consultus
847 4676 997 4747 dubito:
1023 4675 1074 4747 sic
1099 4676 1322 4749 extendetur
1346 4676 1384 4746 in
1411 4697 1569 4763 aevum,

671 4804 937 4898 Mnemosynae
961 4804 1133 4874 iunctum
1160 4825 1297 4875 nomen
1324 4806 1363 4873 et
1387 4801 1480 4872 illud
1505 4802 1613 4875 erit.''
