5125 6150
689 835 755 920 362
1198 849 1364 897 numerus.

688 1016 786 1081 τοίνυν
814 1016 857 1090 μὴ
883 1011 966 1086 αὖθις
991 1011 1089 1092 ὅμοιόν
1113 1038 1143 1079 τι
1168 1017 1209 1092 τῷ
1234 1017 1387 1095 Προμηθεῖ
1408 1015 1449 1094 τῷ
1474 1015 1515 1093 τῷ
1539 1014 1712 1089 τετοιιρκιῖες
1735 1013 1886 1094 φαίνοι-

607 1122 609 1124 ’
688 1145 760 1197 μαι
785 1119 820 1183 τὸ
845 1121 921 1191 θῆλυ
943 1122 985 1199 τῷ
1005 1119 1102 1201 ἄρρενι
1121 1119 1345 1197 ἐγκαταμίξας
1364 1119 1417 1184 καὶ
1438 1120 1475 1184 δι’
1495 1118 1572 1184 αὐτὸ
1594 1120 1678 1192 δίκην
1703 1119 1883 1198 ὖτδοχιο·

688 1230 848 1303 μᾶλλον
873 1227 910 1290 δὲ
933 1228 978 1304 μὴ
1002 1226 1053 1290 καὶ
1079 1224 1160 1290 ἄλλο
1185 1249 1214 1290 τι
1239 1229 1370 1296 τοιοῦτος
1394 1226 1570 1304 Φανείνρν
1594 1225 1761 1301 ἐξαπατῶν
1785 1224 1883 1297 laur

687 1332 759 1404 τοὺς
778 1330 946 1403 ἀκούοντας
969 1332 1034 1396 καὶ
1056 1331 1133 1395 dccci
1154 1331 1302 1411 παραθεὶς
1322 1332 1428 1403 αὐτοῖς
1448 1331 1675 1408 κεκαλυμμένα
1694 1340 1734 1411 τῇ
1747 1339 1882 1411 πιμελῇ,

687 1437 814 1516 γέλωτα
846 1438 976 1515 κωμικὸν
1008 1437 1066 1502 rial
1097 1437 1261 1514 σεμνότητι
1285 1437 1459 1518 Φιλοτόφῳ.
1488 1438 1552 1502 Hic
1576 1443 1748 1524 antequam
1772 1440 1884 1522 ipsum

688 1546 781 1609 tuber
810 1566 960 1609 curamus
991 1565 1139 1610 verrucas
1163 1547 1387 1630 exstirpemus.
1420 1545 1531 1608 Primo
1557 1544 1609 1607 καὶ
1634 1546 1722 1610 κατ’
1745 1541 1830 1608 ἄλλο
1853 1568 1883 1608 τι

687 1652 806 1735 requiri
836 1653 903 1714 ism
932 1650 1088 1715 indicavit
1118 1650 1329 1728 Fritzschius;
1361 1650 1473 1714 deinde
1504 1651 1640 1716 verbum
1672 1672 1704 1736 q.
1730 1671 1757 1716 e.
1790 1647 1886 1721 icoc

687 1756 765 1841 quid
796 1757 855 1820 hoc
885 1754 953 1822 loco
984 1756 1090 1821 valeat
1120 1778 1250 1841 prorsus
1280 1779 1344 1822 non
1378 1756 1469 1822 video
1500 1764 1534 1822 et
1565 1756 1754 1835 commendo
1788 1775 1884 1833 arcu

687 1864 782 1927 tertio
803 1861 917 1946 copula
937 1867 1009 1949 post
1029 1861 1198 1935 ἅκούοντας
1216 1862 1411 1928 inducenda:
1432 1861 1567 1928 lectores
1588 1863 1748 1947 decipiens
1770 1862 1886 1926 1111111

688 1967 782 2051 adipe
815 1970 971 2048 coopertis
1006 1969 1163 2052 oppositis.
1199 1968 1311 2033 Restat
1346 1972 1454 2033 tamen
1489 1967 1574 2053 quod
1606 1971 1712 2053 magis
1745 1967 1886 2033 offendat

687 2073 833 2158 quodque
852 2072 930 2138 adeo
948 2075 1011 2158 ipsi
1030 2076 1205 2139 sentcntiae
1222 2094 1261 2139 ne
1280 2076 1389 2138 minus
1409 2079 1494 2139 recte
1513 2076 1687 2158 accipiatur
1699 2073 1884 2159 periculum

686 2178 792 2242 faeiat.
812 2180 953 2264 Apparet
973 2180 1093 2243 vitium
1113 2201 1149 2244 eo
1169 2178 1254 2264 quod
1272 2181 1339 2244 sine
1358 2177 1426 2243 nlla
1445 2178 1599 2263 probabili
1619 2198 1715 2243 causa
1727 2187 1804 2264 post
1815 2180 1886 2244 snb

686 2286 846 2350 iunctivos
876 2284 1090 2364 Φαίνομαι
1122 2290 1155 2349 et
1182 2281 1347 2363 ὑπόσχω
1371 2287 1535 2369 optativus
1558 2284 1733 2363 Φανείιιν
1759 2290 1885 2369 praeter

686 2392 940 2476 expectationem
965 2391 1110 2456 infertur.
1135 2390 1207 2456 Non
1231 2411 1305 2455 sane
1327 2392 1440 2476 ignoro
1465 2395 1659 2475 quantopere
1682 2392 1717 2454 in
1741 2391 1796 2455 his
1821 2412 1884 2455 mo

687 2496 735 2560 dis
754 2518 812 2582 pro
831 2497 963 2561 arbitrio
983 2517 1081 2581 paene
1101 2495 1288 2561 adhibendis
1307 2496 1367 2559 sibi
1387 2493 1585 2560 Graecorum
1597 2495 1884 2580 scriptoresindnl-

685 2607 799 2687 geant3
819 2622 967 2687 persaepe
985 2604 1019 2665 in
1038 2604 1179 2666 oratione
1191 2599 1323 2685 obliqua
1336 2603 1518 2684 optativum
1531 2621 1644 2685 ponere
1656 2600 1715 2664 ubi
1726 2603 1883 2666 sermonis

686 2707 800 2793 regula
824 2707 1066 2772 subiunctivum
1086 2709 1247 2792 requirere
1266 2705 1424 2783 videatur,
1445 2713 1477 2771 et
1496 2713 1616 2772 contra.
1641 2706 1763 2771 Verum
1786 2709 1882 2772 enim·

686 2834 762 2879 vero
794 2815 892 2877 etiam
923 2834 942 2877 a
973 2833 1101 2877 summa
1130 2810 1280 2877 libertate
1303 2810 1433 2877 licentia
1457 2817 1564 2877 tamen
1588 2813 1696 2877 abessa
1720 2817 1753 2877 et
1778 2816 1882 2898 potest

687 2925 718 2984 et
754 2919 861 2997 debet;
898 2940 955 2983 nec
990 2919 1166 3004 quidquam
1198 2919 1295 2983 habet
1325 2920 1540 2984 excusationis
1572 2940 1675 3003 neque
1707 2921 1740 2981 in
1777 2918 1880 2983 verbis

686 3045 789 3111 neque
814 3028 848 3089 in
871 3023 933 3091 loci
957 3030 1117 3090 structura
1139 3025 1217 3090 haec
1242 3025 1348 3090 subita
1370 3028 1403 3090 et
1425 3027 1591 3111 inopinata
1614 3023 1790 3090 modorum
1814 3045 1879 3111 por

683 3134 833 3196 mutatio.
865 3130 938 3196 Huc
969 3131 1091 3197 accedit
1119 3131 1203 3216 quod
1227 3131 1325 3196 verba
1348 3134 1506 3207 μᾶλλον
1530 3129 1585 3209 δέ,
1610 3130 1739 3214 siquid
1765 3131 1875 3207 video,

685 3239 859 3303 sententiae
889 3259 951 3302 non
974 3238 1052 3301 satis
1075 3242 1151 3300 sunt
1175 3236 1422 3302 accommodata.
1448 3237 1706 3320 Quotiescunque
1730 3256 1768 3300 ea
1793 3234 1876 3320 apud

684 3344 863 3409 Luciannm
891 3348 1077 3419 occurrunt,
1098 3379 1139 3389 -
1160 3344 1252 3425 eiquo
1271 3345 1304 3406 in
1325 3344 1466 3406 maximo
1488 3363 1548 3406 usu
1569 3346 1645 3405 sunt
1666 3377 1709 3388 —
1731 3341 1811 3405 haec
1830 3346 1877 3404 est

685 3471 796 3515 eornm
814 3456 929 3513 natura
947 3470 982 3513 ac
1002 3451 1060 3525 vis,
1082 3453 1118 3512 ut
1137 3450 1170 3511 in
1190 3449 1351 3533 prioribus
1370 3450 1474 3531 posita
1494 3454 1526 3511 et
1546 3449 1712 3511 enuntiata
1730 3467 1772 3511 ex
1791 3452 1877 3531 parte

684 3561 905 3632 retractentur,
927 3553 1131 3618 infirmentur
1154 3560 1237 3618 certe
1262 3560 1294 3616 et
1317 3557 1533 3617 attenuentur.
1558 3551 1649 3631 Quod
1672 3554 1706 3614 11
1729 3557 1876 3616 nostrum

685 3661 794 3726 locum
823 3681 885 3724 non
916 3659 1051 3744 quadrat
1059 3681 1066 3737 ;
1095 3659 1177 3723 nihil
1201 3661 1289 3723 enim
1313 3680 1352 3723 ex
1376 3660 1570 3744 praegressis
1592 3664 1730 3742 negatur
1753 3664 1812 3721 ant
1834 3678 1878 3721 re

686 3766 821 3843 fellitur;
863 3767 940 3850 quin
979 3768 1078 3829 etiam
1117 3788 1222 3828 novum
1254 3772 1455 3845 οιριιιηειιιαιιο
1486 3764 1615 3829 affertur
1649 3784 1712 3847 quo
1750 3763 1878 3827 demon·

686 3879 807 3937 stratur
836 3893 911 3937 erim
943 3874 999 3956 qui
1025 3870 1203 3957 Dialognm
1226 3878 1258 3935 et
1281 3868 1489 3938 Oomoediam
1513 3873 1546 3933 in
1570 3890 1671 3932 unum
1696 3870 1877 3935 confuderit

686 3979 871 4043 Promethei
891 3977 1032 4042 similem
1053 3997 1129 4041 esse.
1153 3976 1224 4042 Hoc
1244 3983 1281 4041 ut
1300 3983 1449 4062 appareat
1469 3983 1502 4041 et
1522 3975 1632 4041 eadem
1650 3995 1744 4059 opera
1757 3977 1877 4040 vitium

686 4087 903 4171 syntaoticum
926 4081 1068 4159 tollatur,
1089 4082 1197 4147 locum
1216 4086 1262 4147 ita
1281 4084 1418 4169 retingo:
1444 4080 1513 4147 xci
1538 4081 1744 4160 μάλιστα,
1771 4082 1806 4146 εἰ
1832 4080 1880 4145 καὶ

688 4193 759 4254 κατ’
779 4188 858 4254 ἄλλο
880 4214 909 4253 τι
929 4194 1061 4260 τοιοῦτος
1084 4187 1277 4267 Quartam
1302 4192 1324 4253 i.
1339 4211 1366 4254 e.
1387 4210 1499 4255 vereor
1517 4210 1556 4252 ne
1577 4208 1712 4273 poenam
1728 4191 1881 4253 meritam

687 4300 859 4382 accipiam,
884 4296 974 4382 idque
998 4318 1030 4359 co
1053 4295 1165 4376 maffia,
1190 4295 1218 4358 si
1241 4294 1329 4359 etiam
1354 4296 1387 4358 ιἰι
1411 4296 1476 4357 clio
1499 4317 1531 4357 re
1555 4294 1629 4357 tolia
1652 4294 1802 4375 reperior.

732 4511 769 4577 In
793 4508 920 4590 Nipriai
941 4509 1103 4593 prooemio
1127 4529 1292 4593 nunquam
1316 4528 1510 4592 concoquere
1534 4508 1626 4590 potui
1649 4505 1735 4591 quod
1757 4508 1881 4572 amicus

687 4621 850 4683 subiratus
870 4616 1011 4680 Lucieno
1031 4614 1217 4699 exprobrat:
1238 4613 1299 4677 ooo·
1319 4612 1445 4689 ὁμιλίας
1464 4611 1636 4688 μεταδίδως
1648 4608 1719 4675 οὔτε
1733 4619 1881 4683 κοινωνεῖς

689 4729 762 4786 τῶν
793 4722 935 4800 ὁμοίων
966 4719 1104 4797 λόγον.
1136 4719 1406 4805 Interpretantur:
1439 4739 1598 4783 sermones
1625 4720 1711 4781 inter
1733 4717 1881 4803 aequales

689 4836 722 4891 et
752 4828 916 4893 voluntate
948 4848 983 4891 ac
1012 4826 1156 4890 moribus
1180 4823 1312 4889 similes.
1341 4823 1425 4890 Cum
1450 4830 1556 4889 tamen
1580 4826 1635 4888 vix
1659 4822 1813 4888 credibile
1837 4826 1880 4889 vi·

688 4931 801 4996 deatur
833 4938 866 4997 in
902 4954 994 5019 prosa
1029 4934 1172 4996 oratione
1208 4952 1402 5016 quemqnam
1439 4936 1507 4996 tam
1543 4929 1655 4995 audaci
1691 4930 1879 5016 metaphora
