5125 6150
1116 855 1261 903 romnus.
1715 840 1781 906 389

640 1020 793 1098 „Nullam
812 1020 941 1085 caedem
960 1019 1044 1085 Otho
1064 1022 1183 1084 maiore
1202 1018 1327 1084 laetitia
1346 1023 1521 1105 excepisse,
1541 1020 1669 1086 nullum
1687 1031 1782 1108 caput

566 1133 659 1191 =tam
689 1125 925 1190 insatiabilibus
955 1123 1056 1189 oculis
1079 1123 1288 1208 perlustrasse
1312 1124 1439 1201 dicitur,
1464 1146 1519 1190 seu
1544 1131 1613 1189 tum
1640 1130 1784 1211 primum

585 1231 695 1296 levata
725 1233 812 1295 omni
836 1229 1055 1294 sollicitudine
1080 1250 1169 1293 mens
1194 1250 1305 1294 vacare
1329 1230 1448 1316 gaudio
1472 1236 1633 1315 coeperat,
1657 1253 1714 1296 seu
1738 1254 1783 1298 re

587 1337 727 1401 cordatio
759 1337 935 1399 maiestatis
967 1337 1001 1397 in
1031 1331 1150 1407 Galba,
1179 1336 1340 1399 amicitiae
1364 1337 1396 1399 in
1420 1334 1493 1399 Tito
1516 1335 1610 1400 Vinio
1633 1340 1783 1422 quamvis

587 1444 738 1506 inmitem
762 1443 909 1504 animum
933 1441 1076 1526 imagine
1101 1441 1187 1503 tristi
1210 1440 1413 1505 confuderat:
1446 1441 1571 1505 Pisonis
1596 1448 1633 1506 nt
1659 1445 1782 1507 inimici

587 1554 622 1612 et
644 1546 763 1612 aemuli
786 1546 879 1611 caede
903 1545 1016 1610 laetari
1039 1548 1091 1609 ius
1115 1545 1225 1629 fasque
1249 1546 1429 1610 credebat'’.

635 1653 713 1717 Post
736 1653 917 1736 coosuderot
939 1672 1001 1716 non
1024 1650 1186 1714 distinctio
1206 1653 1309 1715 maior
1329 1650 1383 1715 sed
1404 1651 1533 1737 virgula
1552 1659 1601 1717 est
1619 1654 1779 1737 ponenda;

586 1759 874 1833 coordinationem,
912 1763 949 1820 ut
982 1755 1162 1840 loquuntur
1195 1759 1419 1841 grammatici,
1455 1759 1507 1822 hio
1537 1758 1692 1823 habemus
1722 1782 1779 1845 pro

586 1864 862 1940 subordinatione,
884 1869 994 1947 estque
1015 1865 1114 1927 totius
1134 1861 1259 1925 lociaeu
1272 1863 1437 1925 recordatio
1452 1901 1493 1910 -
1506 1865 1641 1927 credebat
1653 1866 1780 1931 schema
1888 1899 1894 1911 ·

587 1970 665 2035 hoc:
699 1990 794 2044 ,‚seu,
828 1988 902 2031 cum
933 1969 967 2030 in
991 1963 1094 2030 Galba
1118 1971 1150 2031 et
1173 1965 1267 2030 Vinio
1292 1967 1448 2052 gandium
1472 1968 1673 2053 aliquatenus
1697 1977 1781 2036 certe

587 2076 805 2149 minuebatur,
831 2073 868 2137 de
891 2073 1015 2137 Pisonis
1039 2079 1142 2135 morte
1165 2071 1289 2136 laetitia
1314 2072 1408 2158 plena
1432 2075 1633 2158 perfectaque
1656 2078 1756 2142 orat'’.

633 2180 676 2243 H.
702 2179 726 2256 Ι,
753 2176 806 2243 66.
843 2178 964 2254 „Lento
996 2178 1068 2242 dein
1095 2180 1224 2263 agmine
1248 2198 1304 2261 por
1328 2177 1404 2243 fines
1427 2178 1639 2266 Allobrogum
1663 2201 1699 2245 ac
1725 2181 1781 2247 Vo-

589 2287 771 2350 contiorum
794 2283 910 2347 ductus
933 2285 1110 2357 exercitus,
1134 2285 1203 2367 ipsa
1226 2285 1382 2347 itinerum
1406 2287 1510 2368 spatia
1533 2290 1565 2349 et
1588 2289 1781 2351 stativorum

589 2392 785 2455 mutationes
810 2388 995 2453 venditante
1020 2387 1131 2463 duce”‚
1156 2386 1284 2464 (Valens
1303 2387 1364 2452 ille
1385 2395 1450 2464 est,
1471 2388 1603 2454 alterius
1623 2395 1782 2456 exercitus

590 2494 756 2560 Vitelliani
780 2494 859 2572 dux)
884 2493 1006 2571 „foedis
1024 2493 1223 2577 pactionibus
1244 2493 1397 2558 adversus
1416 2515 1609 2578 possessores
1629 2516 1782 2581 agrorum

588 2608 622 2666 et
645 2602 855 2686 magistratus
878 2601 1065 2674 civitatum,
1091 2598 1168 2672 adeo
1191 2600 1369 2676 minaciter,
1391 2604 1426 2662 nt
1446 2599 1533 2666 Luco
1554 2604 1782 2687 (municipium

588 2706 622 2771 id
641 2706 867 2770 Vocontiorum
887 2710 948 2783 est)
968 2704 1051 2768 iaces
1068 2703 1264 2781 admoverit,
1285 2704 1382 2771 donec
1394 2707 1780 2793 pecuniamitigaretur”.

634 2811 894 2897 Languidissima
913 2811 1071 2874 sententia
1090 2808 1195 2874 multo
1217 2809 1271 2874 fiet
1291 2810 1469 2896 elegantior
1488 2814 1515 2875 si
1527 2814 1573 2875 sic
1586 2812 1779 2898 distingues:

587 2917 796 2996 „venditante
829 2916 907 2980 duce
931 2915 1031 2979 ioedis
1054 2916 1272 2999 pactionibus,
1298 2915 1451 2981 adversus
1474 2938 1667 3001 possessores
1691 2939 1782 3005 agro·
1885 2931 1887 2936 ’

584 3045 661 3089 rnm
685 3028 717 3088 et
739 3024 949 3109 magistratus
972 3023 1143 3085 civitatum
1168 3020 1245 3086 adeo
1271 3023 1449 3098 minaciter,
1475 3029 1512 3087 ut
1536 3022 1622 3089 Luco
1645 3045 1672 3089 θ.
1687 3046 1716 3110 q.
1730 3024 1777 3090 s.’'

582 3129 687 3195 Foede
717 3130 934 3213 paciscebatur
964 3135 996 3192 et
1020 3126 1204 3191 venditabat
1227 3130 1330 3212 spatia
1353 3131 1506 3193 itinerum
1530 3135 1563 3194 et
1585 3133 1778 3196 stativorum

583 3237 796 3310 mutationes,
829 3241 924 3318 atque
955 3236 986 3296 in
1019 3253 1055 3297 ea
1088 3233 1317 3298 nundinatione
1342 3241 1409 3298 tam
1434 3235 1511 3299 diris
1535 3235 1685 3300 advorsus
1710 3259 1793 3330 pos·-

582 3362 718 3407 sessorcs
749 3360 902 3425 agrorum
934 3345 966 3403 et
999 3341 1209 3424 magistratus
1241 3341 1413 3403 civitatum
1445 3342 1542 3404 minis
1566 3341 1716 3406 utebatur
1739 3320 1777 3409 nt

582 3449 671 3513 Lisco
691 3469 718 3511 e.
732 3469 761 3532 q.
774 3468 799 3510 s.
821 3444 910 3524 Quod
931 3466 1014 3509 nnnc
1035 3465 1138 3509 unum
1158 3444 1344 3530 exemplum
1364 3449 1518 3529 seqnitur,
1540 3468 1556 3511 e
1578 3468 1639 3531 quo
1660 3452 1777 3534 quibus

583 3556 727 3617 adoerm
755 3552 949 3632 mapiotratoa
980 3553 1178 3614 tantummodo
1203 3572 1280 3615 usus
1304 3553 1347 3615 sit
1370 3554 1468 3616 minis
1490 3563 1637 3636 apparet,
1664 3555 1776 3621 tolera·

582 3659 660 3724 bilis
682 3665 731 3723 est
754 3658 898 3722 durities.
925 3656 1032 3721 Multo
1055 3662 1139 3721 certe
1163 3658 1323 3741 ingratius
1345 3659 1379 3719 in
1405 3656 1521 3722 tradita
1544 3658 1583 3723 ab
1604 3658 1777 3726 editoribus

581 3765 786 3829 distinctione
818 3762 901 3827 illud
924 3764 997 3825 odeo
1021 3762 1178 3825 minaciter
1202 3783 1228 3826 θ.
1243 3784 1271 3847 q.
1286 3782 1310 3826 s.
1336 3762 1595 3846 praecedentibus
1619 3768 1686 3829 sine
1709 3765 1776 3832 ullo

581 3869 733 3935 adiicitur
757 3868 896 3933 vinculo.

628 3973 653 4051 1,
680 3971 732 4039 76.
765 3972 812 4038 De
836 3975 1007 4057 provinciis
1030 3972 1304 4056 exercitibusque,
1329 3994 1409 4058 quae
1433 3974 1618 4057 apartibus
1642 3972 1776 4040 Othonis

580 4082 726 4156 stabant,
751 4086 783 4145 et
807 4079 869 4144 alia
892 4085 1062 4143 narrantur
1084 4085 1117 4143 et
1140 4079 1235 4144 haec:

628 4185 737 4263 „Idem
770 4186 896 4250 Africae
920 4186 1128 4269 obsequium,
1152 4187 1247 4249 initio
1272 4183 1467 4270 Carthagine
1489 4191 1573 4262 orto;
1598 4207 1699 4271 neque
1723 4208 1774 4252 ex·

578 4298 720 4378 spectata
757 4292 900 4376 Vipstani
937 4293 1111 4376 Aproniani
1148 4290 1345 4376 proconsulis
1381 4293 1570 4356 auctoritato
1603 4289 1772 4371 Crescens,

579 4398 717 4464 Neronis
740 4397 875 4461 libertus
899 4404 986 4475 (nem
1011 4404 1044 4462 et
1067 4397 1102 4460 hi
1126 4396 1220 4461 malis
1244 4397 1442 4481 temporibus
1466 4403 1590 4480 partem
1615 4418 1647 4463 se
1670 4402 1774 4483 reipu-

579 4505 682 4570 blicae
713 4505 857 4582 faciunt),
891 4502 1025 4587 epulum
1058 4502 1143 4587 plebi
1167 4504 1206 4567 ob
1230 4502 1390 4566 laetitiam
1413 4506 1548 4567 recentis
1571 4506 1700 4588 imperii
1723 4504 1774 4569 ob-

576 4609 714 4686 tulerat,
739 4616 772 4674 et
795 4608 931 4694 populus
954 4607 1103 4693 pleraque
1127 4611 1195 4673 sine
1220 4608 1314 4673 modo
1339 4608 1521 4672 festinavit:
1543 4607 1772 4696 Carthaginem

577 4721 700 4781 ceterae
724 4717 872 4779 civitates
896 4716 1054 4780 secutae”.

624 4819 714 4884 Nihil
749 4820 818 4885 vidi
853 4821 911 4884 hac
947 4820 1150 4884 distinctione
1182 4822 1384 4904 perversius,
1417 4840 1478 4904 qua
1510 4820 1598 4884 nobis
1630 4819 1772 4886 exhiberi

578 4926 730 4990 videntur
749 4925 829 4991 dnae
849 4947 915 5002 res,
937 4947 1017 5009 qnae
1038 4925 1196 5010 quomodo
1216 4928 1301 4990 inter
1320 4947 1353 4990 se
1365 4927 1551 4990 cohaereant
1563 4926 1770 4992 videtnemo:
