5125 6150
733 904 736 909 .
800 827 863 894 174
1006 822 1012 838 ’
1223 847 1543 896 onsnnvxrxvnconsn

796 1014 870 1096 quia
902 1011 1053 1076 deciderit
1083 1032 1179 1077 unam
1210 1015 1459 1077 controversiam
1491 1012 1704 1088 lastinianus,
1732 1013 1846 1077 habeat
1869 1016 1981 1078 autem

796 1115 818 1181 l.
844 1112 886 1182 27
918 1119 971 1181 cit.
1003 1117 1179 1202 singularia
1210 1117 1273 1182 duo
1290 1115 1323 1198 ¹),
1348 1125 1381 1183 et
1403 1120 1478 1203 quia
1501 1123 1662 1202 praeterea
1683 1116 1858 1203 Ulpianum
1871 1113 1897 1196 ²)
1916 1138 1982 1182 non

747 1284 749 1288 ,
796 1225 838 1286 sit
856 1220 1030 1287 verisimile
1050 1224 1111 1288 sibi
1130 1224 1364 1289 contradixisse.
1385 1221 1446 1290 Oui
1465 1222 1654 1309 respondeo:
1675 1226 1701 1288 si
1721 1223 1802 1288 nihil
1817 1225 1982 1309 praecipui

796 1328 911 1393 habeat
940 1328 1063 1394 noxalis
1092 1330 1238 1415 Aquilia,
1270 1329 1561 1418 nullansingnlaria
1590 1328 1628 1394 de
1657 1350 1693 1394 ea
1715 1329 1797 1394 tradi
1819 1332 1980 1414 potuisse,

796 1456 835 1501 ex
859 1434 981 1499 duabus
1004 1456 1097 1520 porro
1121 1438 1341 1501 controversiis
1360 1434 1492 1500 alteram
1513 1435 1727 1501 Iustinianum
1746 1437 1980 1519 composuisse,

796 1541 930 1607 alteram
953 1541 1129 1626 neglexisse
1144 1539 1179 1622 ³),
1204 1541 1281 1628 quid
1301 1539 1442 1606 mirum?
1466 1541 1642 1626 Ulpianum
1655 1540 1681 1622 4)
1700 1547 1808 1606 autem
1826 1542 1888 1605 sibi
1908 1562 1982 1606 con·

795 1647 980 1724 tradixisse,
1001 1647 1078 1713 adeo
1098 1650 1208 1713 mirari
1227 1668 1290 1712 non
1310 1648 1475 1724 debemus,
1496 1655 1533 1711 ut
1551 1647 1734 1712 mirandum
1753 1650 1860 1732 potius
1879 1652 1980 1724 esset,

795 1756 823 1818 si
853 1756 1047 1818 constitisset
1077 1754 1150 1818 sibi.
1182 1753 1333 1818 Dicemus
1361 1756 1464 1840 igitur
1493 1774 1549 1839 pro
1572 1753 1786 1819 conclusione:
1811 1751 1982 1821 noxalibus

796 1860 973 1924 actionibus
1009 1859 1177 1924 dominum
1210 1863 1371 1926 conveniri
1405 1881 1466 1924 non
1500 1861 1660 1944 potuisse,
1691 1862 1753 1923 nisi
1783 1880 1913 1924 servum
1946 1863 1980 1923 in

796 1969 953 2052 potestate
972 1964 1116 2042 haberet,
1137 1964 1175 2030 de
1195 1985 1293 2051 eaque
1311 1986 1344 2029 re
1364 1968 1447 2030 inter
1467 1964 1576 2030 omnes
1589 1967 1781 2043 constitisse;
1796 1967 1980 2050 quaesitum

795 2092 876 2149 esse,
908 2078 1019 2135 utrum
1049 2072 1130 2136 bona
1159 2072 1220 2137 fide
1250 2093 1409 2158 possessor
1436 2078 1543 2157 posset
1565 2073 1736 2137 conveniri.
1760 2071 1797 2135 In
1819 2074 1980 2136 actionem

796 2183 904 2243 autem
934 2198 998 2242 non
1027 2177 1114 2242 idem
1136 2181 1226 2243 venit
1248 2181 1317 2243 sive
1340 2199 1414 2243 cum
1437 2178 1565 2243 domino
1589 2181 1698 2264 agitur
1720 2180 1788 2243 sive
1810 2198 1885 2242 oum
1910 2198 1981 2262 pos

797 2303 926 2350 sessore.
957 2283 1059 2361 Nam,
1084 2286 1111 2348 si
1136 2283 1285 2349 dominus
1308 2287 1506 2361 convenitur,
1530 2284 1600 2346 huic
1621 2305 1735 2347 neeesse
1757 2290 1801 2346 eat
1822 2283 1872 2345 ise
1894 2304 1981 2345 rums

797 2392 839 2454 ad
868 2396 993 2453 octorm
1025 2389 1240 2477 transserrei),
1271 2390 1305 2454 id
1335 2397 1400 2454 est:
1433 2390 1593 2471 (menapis
1616 2392 1703 2468 da)re
1716 2388 1752 2470 ⁰),
1782 2389 1882 2454 bonae
1904 2387 1981 2454 fidei

796 2497 969 2581 possessori
1009 2495 1125 2560 sufficit
1160 2498 1390 2580 possessionem
1425 2495 1564 2572 tradere,
1600 2497 1675 2580 quia
1709 2516 1764 2559 nec
1798 2493 1980 2558 dominium

798 2601 969 2666 transferre
993 2608 1096 2686 potest
1109 2599 1143 2680 ¹),
1169 2623 1224 2667 nec
1247 2601 1340 2667 debet
1363 2608 1527 2689 propterea
1551 2602 1707 2665 necessitas
1727 2600 1755 2662 es'
1774 2600 1927 2682 impona),
1947 2605 1981 2662 st

801 2707 868 2771 bitis
900 2707 1130 2772 aestimationem
1159 2709 1286 2793 sufferet
1298 2706 1334 2789 ⁸).
1365 2708 1413 2774 Ne
1444 2709 1514 2792 quis
1543 2708 1645 2792 igitur
1674 2706 1790 2769 dixerit
1819 2708 1854 2768 in
1878 2725 1981 2769 noxae

800 2813 973 2890 deditione,
997 2815 1081 2878 siout
1103 2817 1136 2878 in
1160 2817 1322 2898 emptione
1334 2813 1370 2894 ⁰),
1386 2816 1509 2901 scotres
1534 2812 1754 2894 (mancipaverit
1769 2809 1807 2888 ¹⁰)
1826 2813 1980 2895 spectari,

796 2923 977 2986 invenirent
1006 2923 1091 2984 enim
1122 2927 1310 3005 exaequatos
1339 2941 1405 2985 sese
1428 2921 1529 2984 bonae
1552 2918 1625 2983 fidei
1647 2937 1805 3003 possessor
1826 2923 1858 2980 et
1881 2915 1982 2981 domi·

798 3048 868 3092 nus.
892 3026 1099 3092 Fructuarius
1115 3024 1153 3106 ¹¹)
1181 3047 1307 3112 quoque
1330 3048 1403 3092 cum
1429 3028 1458 3091 ei
1482 3027 1635 3112 permissa
1658 3027 1700 3090 sit
1722 3023 1877 3099 defensio,
1900 3024 1981 3086 does

799 3140 888 3197 eotssa
910 3133 1051 3197 domim
1074 3139 1200 3198 tantum
1218 3136 1345 3214 trad(et)
1362 3132 1409 3212 ¹²).
1433 3134 1504 3198 Erit
1523 3139 1631 3211 autem
1651 3130 1787 3216 defensio
1806 3130 1982 3195 fructuario

833 3412 860 3476 1)
880 3412 955 3460 ‚desse
970 3406 1120 3473 άένῳαίίοκε
1136 3424 1168 3457 ass
1186 3407 1250 3456 droit
1268 3406 1398 3456 commea?

833 3494 861 3557 2)
877 3494 904 3542 L.
921 3492 952 3543 27
970 3495 1006 3553 §³
1023 3491 1063 3540 eit.
1081 3495 1105 3539 et
1123 3490 1139 3539 1.
1159 3491 1189 3537 ll
1208 3489 1238 3537 D.
1257 3489 1316 3546 7.4;
1337 3491 1361 3537 et
1378 3488 1434 3536 item
1452 3487 1468 3535 l.
1487 3486 1518 3538 27
1537 3489 1571 3549 §8
1588 3487 1628 3536 cit.
1648 3489 1671 3536 et
1690 3486 1705 3534 l.
1726 3485 1755 3536 17
1771 3488 1806 3547 §8
1825 3488 1853 3535 D.
1871 3484 1949 3537 em.

835 3579 861 3637 3)
878 3577 987 3625 Fortasse
1004 3590 1034 3623 ne
1052 3572 1154 3636 neglexit
1172 3571 1274 3635 quidem,
1293 3571 1332 3618 sad
1350 3570 1442 3635 putavlt
1460 3571 1563 3617 sufficere
1581 3585 1601 3617 e.
1619 3570 1648 3617 21
1669 3571 1703 3630 §8
1722 3569 1747 3616 C.
1766 3569 1821 3618 aa.

833 3659 861 3722 4)
879 3656 938 3706 Vult
958 3656 1052 3720 quidem
1070 3654 1165 3711 Girard,
1184 3653 1217 3701 l.l.
1236 3669 1258 3717 p.
1276 3653 1325 3700 431
1345 3657 1393 3700 not.
1414 3653 1435 3709 l,
1453 3650 1572 3700 Iulianum
1591 3651 1646 3699 huic
1662 3652 1744 3715 culpae
1760 3649 1893 3699 immiscere
1908 3649 1984 3714 (spre-

800 3738 909 3790 es'se'esest
927 3740 947 3786 il
962 3755 997 3787 ese
1012 3738 1094 3787 mlle
1109 3752 1153 3801 que
1170 3736 1218 3784 l‘oss
1231 3739 1289 3797 pest
1306 3734 1339 3783 ἰοί
1348 3734 1419 3798 faire
1432 3738 1547 3783 tenerier
1561 3736 1586 3781 la
1600 3733 1774 3782 contradiction
1788 3731 1804 3779 rt
1818 3748 1863 3781 see
1876 3734 1985 3782 assona

797 3825 852 3886 ples
867 3820 979 3870 ausimne
995 3827 1020 3869 et
1034 3822 1086 3882 pisse
1105 3817 1211 3878 Μεθ’),
1230 3821 1256 3865 ut
1274 3817 1308 3864 sic
1326 3816 1444 3863 deterreat
1461 3814 1490 3863 ab
1506 3815 1617 3879 opinione
1635 3814 1815 3863 controversiae.
1831 3813 1906 3877 Atqui
1922 3814 1984 3864 nihil

800 3904 863 3968 agit,
881 3904 936 3967 quis
954 3902 970 3950 1.
989 3901 1019 3951 17
1038 3904 1073 3962 §3
1091 3899 1120 3948 D.
1139 3900 1205 3951 477
1221 3900 1250 3947 de
1267 3898 1315 3947 alia
1332 3913 1357 3946 re
1373 3898 1466 3946 Iuliano
1485 3898 1640 3946 denuntiatur
1656 3896 1827 3944 testimonium.

836 3988 862 4050 e)
879 3986 906 4034 1..
925 3984 956 4032 29
975 3983 1003 4031 D.
1022 3984 1077 4031 as.
1096 4010 1126 4017 -
1144 3981 1228 4044 Itaque
1245 3984 1309 4028 statu
1324 3979 1450 4028 liberaum
1464 3995 1505 4028 sua
1519 3996 1588 4028 eausa
1605 3994 1677 4028 noxae
1691 3978 1785 4026 deditur
1800 3977 1983 4040 (l.1e1).e.s;

800 4068 818 4119 l.
836 4069 851 4117 7
869 4066 904 4129 §2
924 4068 952 4114 D.
971 4067 1010 4113 40.
1021 4064 1053 4124 7).
1071 4065 1116 4112 Sed
1135 4064 1210 4111 nudae
1228 4062 1381 4127 proprietatis
1398 4062 1435 4109 vel
1453 4061 1487 4110 rei
1506 4061 1622 4124 obligatae
1640 4060 1734 4109 domino
1751 4060 1911 4123 imperantes
1930 4060 1985 4111 Cel·

800 4165 840 4199 sue
857 4149 883 4211 (1.
902 4151 917 4197 4
934 4149 969 4208 §8
989 4150 1017 4193 D.
1034 4145 1075 4195 42.
1088 4147 1113 4203 1;
1131 4143 1148 4193 1.
1167 4144 1199 4193 117
1216 4146 1245 4192 D.
1263 4144 1303 4191 48.
1314 4145 1338 4203 a)
1354 4142 1379 4192 et
1397 4143 1483 4192 Paulus
1501 4143 1529 4207 (l.
1550 4143 1579 4194 17
1597 4145 1630 4205 §l
1650 4142 1679 4192 D.
1698 4143 1721 4191 7.
1730 4143 1755 4202 4)
1770 4146 1799 4190 sst
1815 4142 1889 4191 etiam
1906 4159 1985 4192 ssess-

798 4233 913 4295 srssetsse
930 4229 1019 4277 actoris
1029 4228 1130 4291 scaled)
1148 4226 1185 4274 vel
1203 4241 1253 4274 rem
1270 4225 1363 4273 liberet.

837 4312 864 4375 t)
881 4313 907 4359 L.
927 4313 958 4358 32
977 4312 1004 4358 D.
1023 4309 1071 4357 as
1087 4308 1189 4370 (Paling.
1209 4307 1314 4356 Calliste.
1332 4307 1361 4356 fr.
1377 4304 1429 4367 67);
1448 4306 1465 4357 1.
1484 4306 1513 4353 lt
1532 4305 1561 4355 D.
1578 4307 1625 4357 9,4
1643 4305 1744 4369 (Paliug.
1763 4304 1815 4354 (lsi.
1833 4304 1864 4355 fr.
1883 4307 1950 4369 130).

836 4391 863 4454 7)
880 4393 907 4440 L.
925 4391 956 4442 77
976 4391 1011 4452 §l
1029 4388 1058 4437 D.
1078 4389 1134 4438 us.

837 4476 865 4540 8)
882 4474 908 4523 Ii.
927 4473 960 4523 28
980 4475 1006 4521 D.
1024 4473 1047 4522 e.
1057 4474 1080 4521 4.

836 4557 862 4622 9)
881 4556 916 4605 Cf.
935 4570 1019 4619 supra,
1038 4569 1088 4618 csp.
1107 4552 1150 4602 IV.

838 4639 882 4703 10)
900 4637 938 4688 Cf.
956 4637 972 4685 1.
990 4639 1007 4685 4
1024 4651 1060 4701 pr.
1079 4636 1107 4684 D.
1125 4634 1188 4683 eal
1208 4633 1308 4696 (Paling.
1331 4633 1411 4697 Papio.
1430 4631 1459 4682 lr.
1478 4633 1543 4694 333).

837 4721 880 4784 11)
899 4718 963 4768 Huic
980 4715 1065 4766 similis
1081 4719 1117 4765 est
1135 4715 1238 4765 creditor
1254 4714 1423 4779 pignoratitiae
1440 4714 1467 4775 (l.
1484 4715 1515 4762 26
1533 4715 1576 4777 56,
1594 4714 1610 4764 l.
1629 4715 1659 4763 77
1678 4730 1724 4778 pr.,
1740 4714 1756 4763 l.
1775 4715 1807 4762 ³0
1824 4716 1853 4762 D.
1874 4714 1943 4777 74).

838 4800 880 4862 12)
897 4802 917 4849 1.
943 4800 973 4852 17
989 4800 1023 4861 §l
1040 4798 1102 4859 (1.1.)
1120 4800 1148 4846 D.
1159 4798 1221 4849 DJ:
1239 4797 1347 4861 defensio
1362 4797 1408 4845 ts'ds'
1421 4796 1581 4860 permittenda
1596 4800 1633 4844 est
1648 4801 1673 4844 et
1688 4796 1709 4843 εἰ
1725 4796 1852 4845 dossum
1869 4796 1986 4849 lomseess

802 4881 886 4928 tradas
900 4881 939 4943 (ab
955 4886 1036 4930 actore
1052 4879 1171 4948 Mysaris)
1188 4884 1213 4928 st
1231 4880 1344 4929 adversas
1360 4894 1395 4927 sse
1411 4877 1537 4940 indistrie.
1555 4878 1671 4926 limandst
1689 4878 1823 4926 Mommsen
1839 4883 1910 4928 tstsss
1927 4882 1983 4942 esis,

802 4958 841 5005 ssd
858 4974 904 5009 nou
920 4976 969 5010 esse
986 4963 1011 5011 iu
1029 4960 1152 5010 Pandeetis
1169 4961 1233 5010 tsers'
1245 4982 1269 5004 =
1281 4961 1381 5026 defendi
1397 4960 1539 5021 inauditum,
1557 4959 1625 5009 docet
1641 4958 1722 5009 Duker
1738 4974 1761 5023 p.
1780 4959 1836 5008 850.
