5125 6150
823 840 889 904 432
1351 859 1472 907 assus.

819 1023 1024 1089 statuendum
1057 1023 1199 1088 ridetur:
1233 1044 1365 1108 praepos
1352 1028 1426 1089 -itio
1457 1025 1541 1110 apud
1573 1036 1713 1090 oratores
1743 1029 1879 1091 iteretur
1908 1047 2002 1092 necne
2039 1042 2041 1135 p

820 1134 947 1195 aurium
979 1146 1026 1195 est
1056 1129 1213 1194 iudicium
1238 1134 1400 1216 totiusque
1422 1130 1484 1196 loci
1507 1132 1785 1207 conformationis,
1808 1133 1897 1197 sed
1887 1155 1921 1197 m
1945 1132 2041 1197 dio
2039 1162 2041 1221 ι

821 1241 906 1302 tione
937 1258 999 1323 qua
1031 1237 1069 1301 de
1100 1258 1182 1301 nunc
1214 1240 1332 1322 agitur,
1364 1258 1437 1302 cum
1469 1237 1626 1303 formulae
1655 1243 1757 1304 instar
1786 1242 1847 1315 sit,
1871 1243 2003 1325 repetita
2039 1230 2041 1335 l

819 1347 1010 1429 praepositio
1033 1358 1080 1408 est
1105 1347 1295 1419 necessaria,
1319 1358 1414 1429 atque
1438 1347 1470 1408 in
1494 1343 1586 1408 hbri:
1610 1367 1734 1431 quoque
1760 1346 1847 1410 adast
1875 1345 1929 1411 Or.
1948 1344 2041 1409 l'll

820 1450 936 1536 §tlt
950 1452 990 1515 f.:
1014 1450 1222 1527 πίσμιο”νδ
1207 1453 1342 1526 εμαιτὸν
1362 1452 1415 1514 καί
1435 1453 1473 1515 ἕν
1492 1451 1683 1535 δημοκρατία
1703 1454 1755 1516 καί
1775 1454 1814 1515 ἕν
1833 1453 2002 1535 ὀλιγαρχία

821 1562 1003 1638 παρασχών,
1027 1556 1121 1623 Isocr.
1146 1555 1199 1621 Or.
1224 1556 1283 1620 XV
1308 1555 1400 1642 §273
1432 1556 1509 1622 οὗτοι
1531 1558 1675 1636 βεβίωκα
1691 1596 1727 1606 -
1739 1595 1769 1606 -
1788 1555 1866 1622 ἕστε
1887 1557 2002 1633 μηδένα

821 1689 872 1743 μοι
903 1665 1026 1728 πώποτε
1056 1666 1131 1740 μήτ’
1162 1669 1200 1728 ἐν
1232 1666 1404 1746 &asymis
1433 1667 1509 1739 μήτ’
1541 1667 1579 1728 ἐν
1610 1666 1801 1745 δημοκρατία
1824 1666 1897 1739 μηδ’
1920 1663 2004 1744 ὕβριν

820 1773 895 1848 μήτ’
921 1772 1042 1837 ἀδικίαν
1073 1770 1264 1849 ἐγκαλέσαι,
1288 1770 1331 1835 id.
1356 1770 1409 1836 Or.
1435 1772 1510 1837 Xl'l
1533 1775 1551 1858 ξ
1571 1773 1633 1837 50:
1660 1775 1685 1837 εί
1709 1774 1838 1845 Τεισίας
1856 1810 1888 1820 -
1902 1809 1935 1819 -
1953 1770 2002 1835 καί

820 1878 835 1941 ἰ
844 1903 859 1942 ν
890 1875 1079 1959 δημοκρατία
1110 1878 1162 1942 καί
1193 1879 1229 1941 ἐν
1260 1879 1433 1960 ὀλιγαρχία
1463 1879 1551 1956 μέγα
1584 1879 1756 1952 δυνήσεται.
1779 1879 1827 1944 Dc
1850 1878 2003 1943 Isocrateo

819 1985 934 2049 bacin
958 2006 992 2050 re
1015 2006 1093 2061 usu,
1118 1988 1174 2070 qui
1198 1987 1232 2048 ἐκ
1256 1996 1289 2050 et
1312 1987 1343 2048 iv
1367 1998 1588 2070 praeterquam
1612 1991 1646 2050 in
1668 2009 1704 2052 ea
1729 1986 1866 2051 dictione
1886 1986 1924 2050 de
1944 2006 2003 2071 qua

819 2094 946 2176 agimus
968 2113 1030 2155 non
1054 2102 1195 2177 repetere
1218 2091 1316 2169 solet,
1345 2104 1465 2157 ceteras
1496 2097 1745 2179 praepositiones
1776 2090 1840 2157 iere
1870 2094 2003 2176 repetit,

818 2197 900 2262 dixit
917 2198 1060 2263 Nabsrus
1080 2198 1235 2263 Mnemos.
1257 2197 1296 2261 N.
1309 2197 1341 2263 S.
1356 2198 1414 2262 VII
1434 2221 1463 2283 p.
1488 2199 1530 2264 73
1546 2200 1580 2279 ¹),
1600 2199 1791 2285 explicatius
1811 2218 1908 2283 quam
1926 2197 2004 2263 olim

819 2303 1005 2370 Bensolerus
1027 2308 1061 2369 in
1084 2305 1187 2370 Praei.
1212 2304 1252 2369 ad
1275 2305 1449 2371 editionem
1473 2328 1564 2371 suam
1588 2328 1618 2391 p.
1644 2325 1674 2370 v.

863 2525 916 2590 Or.
948 2525 964 2589 l
992 2524 1091 2610 §16:
1127 2525 1181 2589 δίον
1212 2520 1261 2590 οὖν
1284 2525 1388 2605 adlisa
1422 2528 1476 2600 την
1508 2525 1693 2604 θεράπαιναν
1725 2527 1779 2598 την
1803 2527 1860 2608 [είς
1885 2526 2003 2604 tropis

817 2631 1007 2714 βαδίζουσαν
1035 2632 1103 2716 καί]
1134 2631 1330 2697 διακονοῦσαν
1361 2633 1442 2707 ὑμῖν.
1475 2631 1578 2698 Verba
1609 2635 1735 2697 uncinis
1756 2632 1894 2710 inclusa,
1921 2631 2003 2698 mals

817 2742 952 2825 repetita
974 2761 1013 2804 ex
1037 2741 1054 2824 ἓ
1074 2738 1105 2816 8,
1130 2761 1203 2804 cum
1227 2739 1361 2805 Roehlio
1383 2738 1515 2805 delenda
1538 2761 1659 2805 censeo.

863 2958 916 3024 Or.
941 2958 1077 3043 1520:
1108 2958 1234 3025 Ancilla
1265 2960 1429 3040 κατηγόρει
1460 2959 1661 3040 (κατηγόρευε
1693 2962 1814 3045 optime
1846 2957 2002 3042 Cobetus,

817 3069 936 3132 iniuria
959 3076 1102 3152 spretum
1126 3088 1144 3132 a
1166 3066 1381 3149 lbalheimio)
1407 3073 1521 3147 πρῶτον
1543 3069 1599 3143 μὲν
1622 3070 1660 3139 τίς
1684 3067 1770 3142 μετὰ
1793 3068 1847 3140 την
1868 3068 2002 3144 ἐκφορὰν

815 3176 896 3257 αὐτῇ
916 3175 1040 3255 προσίοι,
1061 3174 1169 3239 ἔπειτα
1184 3177 1312 3244 --ac
1333 3177 1431 3247 ἐκείνη
1453 3177 1494 3254 τῷ
1513 3175 1610 3253 χρόνῳ
1630 3174 1764 3247 πεισθείη
1784 3177 1932 3252 (τρισί.
1946 3173 1999 3256 Χ),

816 3282 868 3345 καί
903 3281 961 3353 τίοι
996 3280 1126 3352 είσίδους
1160 3276 1202 3354 οἷς
1234 3282 1354 3361 τρίτοις
1386 3282 1553 3361 προσίοι.
1582 3279 1630 3344 lta
1662 3279 1703 3356 X,
1736 3293 1843 3364 aperte
1867 3282 1999 3356 vitiose,

816 3409 890 3453 cum
920 3409 976 3452 nec
1008 3388 1138 3458 ιίσίδοις
1170 3388 1227 3452 τινί
1250 3389 1349 3470 τρίτῳ
1373 3388 1524 3467 προσιέναι
1549 3403 1633 3451 recte
1658 3387 1783 3451 dicatur
1806 3393 1838 3450 ct
1862 3388 1999 3450 verbum

816 3515 854 3559 ex
878 3497 1020 3579 proxime
1043 3494 1300 3560 antecedentibus
1324 3494 1407 3560 male
1430 3498 1471 3559 sit
1496 3496 1680 3579 repetitum.
1712 3491 1923 3558 Coniecerunt
1947 3492 1999 3557 alii

816 3600 893 3677 alia,
924 3605 958 3665 iu
988 3602 1037 3664 his
1062 3603 1220 3684 παράσχοι
1246 3601 1469 3678 Halbertsma,
1494 3603 1590 3674 ποιοίη
1614 3600 1781 3676 ReisltiuS,
1806 3607 1919 3664 ποιοῖτο
1943 3598 1999 3665 Co·

816 3708 925 3783 betus,
945 3709 1093 3786 spaciosae
1114 3709 1248 3795 Kayser,
1270 3711 1375 3773 textui
1395 3707 1524 3772 illatum
1546 3708 1584 3771 ab
1608 3706 1835 3782 Herwerdeno,
1849 3713 1999 3787 προσιεῑτο

816 3813 1001 3890 Thalheim,
1026 3816 1110 3899 quod
1133 3815 1184 3881 vel
1202 3819 1237 3880 iu
1255 3823 1382 3880 textum
1401 3818 1519 3899 recepit
1539 3835 1651 3890 suum,
1674 3823 1708 3877 at
1727 3815 1808 3877 mihi
1827 3813 1999 3878 admodum

816 3927 959 3986 contorte
982 3921 1102 3986 dictum
1128 3922 1257 3988 videtur
1280 3925 1465 4009 („erposuit
1487 3924 1655 3997 introitus,
1681 3921 1796 4005 quibus
1819 3919 1925 3985 modis
1949 3920 1998 3984 ad·

816 4027 958 4093 ultorum
987 4029 1025 4093 ad
1057 4051 1090 4093 se
1117 4029 1281 4094 admiserit
1314 4029 1441 4109 uxor”),
1471 4031 1539 4113 ipse
1571 4030 1629 4099 τὰς
1661 4021 1856 4097 rictiovario
1881 4028 1997 4105 τρίτοις

816 4135 969 4216 πορίζοι
994 4136 1188 4220 probabilius
1213 4137 1336 4213 iudico,
1360 4140 1412 4201 cni
1436 4149 1468 4199 et
1491 4137 1578 4199 notio
1602 4132 1668 4198 doli
1696 4143 1791 4218 atque
1817 4132 1999 4199 calliditatis

815 4244 892 4306 insit
922 4247 954 4305 et
983 4245 1114 4327 propius
1146 4244 1184 4308 ad
1215 4249 1402 4328 corruptum
1426 4239 1617 4306 vocabulum
1642 4240 1777 4305 accedat.
1802 4237 2000 4305 contulerim

815 4351 979 4435 Aristoph.
1004 4350 1078 4435 qu.
1105 4350 1187 4415 759:
1220 4354 1281 4416 κιδκ
1313 4358 1371 4416 τῶν
1394 4351 1566 4429 ἀμηχάνων
1590 4348 1696 4429 πόρους
1721 4347 1897 4426 εὐμήχανος
1922 4349 2001 4427 πιρί·

852 4675 877 4736 l)
900 4675 969 4738 Quod
992 4674 1055 4723 idern
1078 4673 1170 4722 scribit:
1199 4673 1291 4722 maccio
1314 4673 1432 4738 quomodo
1458 4673 1609 4737 excipiuntur
1627 4673 1650 4729 3,
1660 4671 1705 4719 dl:
1730 4667 1754 4717 ἓν
1771 4671 1824 4727 τοίη
1841 4671 1927 4731 λόγοις
1943 4669 1958 4724 ἢ
1977 4667 2001 4716 is

817 4756 870 4811 τοῖς
892 4753 973 4816 ’ἔργοις
994 4760 1018 4804 et
1041 4755 1135 4812 lt,to:
1158 4753 1200 4803 καί
1227 4753 1251 4802 ἐν
1269 4753 1423 4819 δημοκρατίᾳ
1441 4753 1483 4801 καί
1501 4750 1525 4802 ἓν
1543 4752 1682 4816 ὀλιγαρχίᾳ
1699 4752 1764 4814 (sdd.
1784 4752 1815 4802 lb
1832 4751 1905 4816 tat),
1923 4750 2003 4800 obser·

816 4838 918 4884 vandum
936 4837 994 4886 dnos
1011 4844 1141 4901 postremos
1158 4837 1220 4885 locos
1237 4837 1270 4886 sie
1287 4838 1360 4886 etism
1378 4837 1416 4886 edi
1433 4838 1495 4902 spud
1512 4836 1644 4890 Blossium.
1660 4836 1737 4900 primo
1752 4842 1831 4883 sutem
1845 4834 2003 4895 loco(8§dl)

816 4918 914 4966 edidisse
932 4920 1030 4967 eundern
1049 4920 1073 4966 έν
1091 4921 1145 4976 τοῖς
1161 4917 1241 4981 ’ἔργοις
1259 4924 1358 4980 μᾶλλον
1375 4919 1389 4976 il
1407 4922 1460 4976 τοῖς
1479 4921 1576 4981 Mysas,
1595 4924 1658 4966 recte
1677 4934 1708 4967 m.
1719 4918 1748 4976 i..
1767 4917 1812 4966 etsi
1829 4920 1911 4965 contra
1929 4915 2003 4964 Urbi·

818 5001 879 5048 nstis
896 5001 1068 5049 anctoritatem.
