5125 6150
1107 846 1272 894 nuuriuus.
1724 825 1789 892 269

592 1009 706 1075 deinde
737 1008 880 1093 expende
911 1030 951 1073 an
975 1010 1052 1073 haec
1082 1030 1157 1075 veru
1183 1009 1279 1074 lectio
1303 1030 1370 1074 esse
1395 1009 1560 1075 videatur:
1586 1009 1789 1081 caldecote

591 1117 686 1180 αὐτὸν
718 1114 890 1197 ᾐδοῦντο
924 1115 976 1178 καὶ
1009 1115 1151 1197 νομοθέτρ
1182 1117 1314 1196 ἐχρῶντο
1346 1115 1397 1179 nai
1430 1115 1584 1196 προςάτην
1619 1114 1792 1192 ἐπεγρά-

590 1228 641 1299 φο
652 1243 695 1284 ντ
704 1242 729 1284 ο.
750 1243 775 1294 μ
784 1243 799 1283 ε
808 1220 858 1283 τά
879 1225 953 1296 γοῦν
967 1220 1076 1284 ἐκεῖνον
1089 1217 1134 1284 tes
1146 1220 1271 1297 σέβουσι
1285 1220 1335 1284 τὸν
1348 1219 1498 1298 άνάρωπον
1512 1218 1599 1284 κτὲ.”
1617 1218 1790 1284 Sciendum

586 1332 638 1390 est
671 1324 854 1390 Lionellum
885 1325 964 1390 Levi
995 1323 1078 1390 illud
1109 1328 1218 1410 ipsum
1252 1327 1303 1389 κσὶ
1337 1326 1428 1398 αὐτὸς
1462 1328 1623 1391 invenisse
1653 1327 1687 1389 in
1710 1323 1787 1390 God.

586 1429 691 1494 Vetic.
727 1429 770 1494 87
803 1438 834 1494 et
866 1429 968 1496 Palat.
995 1429 1070 1507 174,
1095 1431 1208 1496 deinde
1232 1430 1429 1496 Fritzschius
1453 1434 1509 1515 qui
1533 1452 1607 1495 cum
1631 1427 1787 1516 discipulo

584 1534 760 1600 lecobitzio
801 1533 913 1601 (lebeti
952 1539 1161 1601 correctiones
1201 1543 1329 1602 strenue
1371 1535 1451 1602 solet
1486 1539 1696 1622 impugnare,
1732 1535 1784 1599 hic

584 1645 716 1717 tamen,
742 1641 826 1725 quod
850 1639 889 1704 ad
913 1662 1074 1706 summum
1099 1645 1145 1707 rei
1169 1645 1301 1719 attinet,
1322 1641 1516 1727 significavit
1534 1661 1567 1705 se
1587 1641 1687 1705 fecere
1707 1660 1784 1704 cum

586 1745 714 1831 college
743 1745 874 1810 Batavo.
908 1746 992 1823 „Pro
1024 1748 1128 1824 μέγσν
1153 1748 1260 1824 γοῦν”,
1285 1750 1406 1831 inquit,
1432 1750 1576 1823 „correxi
1599 1747 1683 1820 μετὰ
1709 1749 1785 1821 γοῦν

585 1859 621 1916 et
651 1852 751 1916 verba
783 1856 923 1916 τοσοῦτον
947 1852 1052 1933 χράνον
1076 1852 1224 1937 supplevi
1246 1856 1359 1918 ceteris
1383 1875 1444 1917 non
1469 1855 1621 1917 mutatis:
1650 1850 1785 1928 ἐπεγρά-

584 1965 695 2035 φοντο.
720 1957 804 2031 μετά
829 1962 904 2033 γοῦν
927 1962 1081 2035 (τοσοῦτον
1104 1958 1224 2038 χρόνον)
1250 1959 1359 2023 ἐκεῖνον
1383 1956 1428 2021 ἔτι
1452 1957 1577 2034 σέβουσι
1602 1959 1653 2023 τὸν
1676 1955 1784 2031 άνάρω-

585 2085 655 2125 πον.
682 2097 723 2108 -
747 2061 789 2125 Et
822 2069 943 2126 ΜΕΤΑ
978 2063 1108 2147 quidem
1139 2066 1170 2126 in
1203 2062 1307 2127 literis
1340 2072 1487 2128 ΜΕΓΑΝ
1521 2063 1619 2127 latere
1643 2060 1782 2128 Oobetus

585 2173 675 2232 recte
705 2167 797 2231 vidit.
831 2171 922 2232 cuius
955 2175 1062 2232 tamen
1093 2172 1324 2234 coniecturam:
1349 2168 1573 2249 ἐπεγράφοντο.
1598 2169 1683 2243 μετά
1707 2170 1783 2243 γοῦν

586 2274 699 2337 ἐκεῖνον
730 2274 774 2336 ἔτι
807 2274 931 2349 σέβουσι
964 2274 1014 2337 τὸν
1045 2272 1195 2354 άνάρενπον
1222 2295 1285 2339 non
1307 2274 1470 2360 intelligo,
1497 2280 1534 2339 ut
1558 2273 1678 2358 Oedipo
1702 2292 1782 2356 opus

585 2382 629 2442 sit
653 2379 849 2463 interprete'’
870 2417 911 2426 -
934 2380 1028 2456 „hinc
1052 2387 1124 2464 post
1147 2381 1362 2460 ἐπεγράφοντο
1386 2383 1479 2465 siguo
1502 2383 1595 2465 posui
1618 2379 1781 2443 lacunae.’'

586 2483 713 2567 Nempe
744 2484 804 2548 hoc
837 2484 932 2548 hebet
963 2484 1174 2549 Fritcschius:
1208 2484 1287 2549 dum
1310 2487 1407 2549 nimis
1431 2487 1529 2549 etiam
1553 2487 1646 2548 sirnie
1671 2489 1781 2547 tuetur

584 2587 721 2652 traditos
755 2587 923 2652 literarum
954 2592 1076 2674 apices,
1109 2589 1244 2655 libenter
1275 2611 1311 2654 ec
1342 2610 1434 2675 saepe
1465 2593 1573 2652 minus
1604 2590 1781 2653 necessario

585 2693 752 2757 contendit
781 2691 928 2757 lacunam
959 2697 993 2757 in
1024 2699 1116 2758 textu
1147 2693 1339 2759 delitescere.
1371 2694 1529 2780 Equidem
1560 2694 1694 2758 concedo
1717 2713 1780 2756 non

584 2797 754 2863 commode
785 2821 877 2883 posse
906 2800 1049 2886 intelligi
1078 2801 1111 2864 id
1143 2800 1227 2885 quod
1259 2803 1421 2886 rescripsit
1444 2798 1599 2876 (lebetum
1624 2800 1678 2866 sed
1702 2799 1779 2864 licet

584 2903 729 2988 Oedipus
764 2925 827 2969 non
862 2909 941 2981 sim,
974 2905 1066 2969 credo
1099 2910 1205 2970 tamen
1234 2926 1286 2969 me
1318 2907 1437 2970 nodum
1461 2906 1583 2971 solvere
1609 2927 1709 2990 posse.
1734 2904 1780 2969 Ut

583 3012 754 3094 perspicue
780 3011 877 3074 verba
906 3009 1000 3088 fiant,
1025 3014 1129 3076 susim
1154 3014 1307 3077 conticere
1332 3009 1489 3077 Oobetum
1513 3011 1617 3077 delere
1642 3009 1781 3076 voluisse

582 3115 682 3178 verbe
717 3112 761 3179 ἔτι
798 3114 959 3205 eldeum,
976 3116 1031 3181 sed
1065 3118 1124 3182 hoc
1157 3138 1232 3181 casu
1268 3118 1407 3202 quodem
1439 3117 1588 3182 adnotare
1625 3117 1779 3202 neglexit.

582 3218 715 3284 Scilicet
739 3227 910 3306 postquem
933 3224 1017 3297 μετά
1042 3225 1076 3286 in
1100 3222 1205 3299 μάγον
1229 3224 1326 3301 abiit,
1355 3231 1427 3308 post
1450 3223 1665 3304 ἐπεγράφοντο
1687 3221 1780 3307 plene

582 3328 827 3410 interpunctum
850 3327 912 3391 fuit
935 3335 967 3392 et
991 3329 1125 3392 verbum
1150 3327 1257 3392 deesse
1280 3329 1457 3406 videbatur,
1483 3328 1594 3394 deinde
1615 3348 1780 3414 perperam

582 3430 771 3515 suppletum
802 3431 865 3495 fuit
896 3431 940 3496 ἔτι
970 3434 1105 3508 σέβουσι.
1138 3432 1208 3498 Ηοο
1239 3435 1351 3499 scribit
1382 3435 1541 3500 Lucienus
1566 3434 1626 3500 soli
1650 3433 1779 3499 Christo

582 3537 799 3621 Peregrinum
830 3539 1052 3621 posthabitum
1083 3540 1192 3603 fuisse.
1225 3538 1288 3604 Hic
1320 3543 1447 3605 etiamsi
1469 3538 1607 3605 Oobetus
1631 3543 1778 3605 animum

583 3662 648 3704 non
666 3641 861 3718 attenderit,
893 3643 986 3728 plene
1009 3665 1073 3708 non
1097 3644 1209 3709 dubito
1233 3647 1311 3729 quin
1336 3650 1420 3709 certa
1443 3648 1595 3711 correctio
1618 3649 1671 3710 sit.
1697 3643 1777 3709 Vide

582 3748 684 3810 etiem
727 3747 919 3830 particulam
962 3754 1047 3826 γοῦν,
1084 3770 1164 3834 quae
1198 3753 1231 3814 in
1266 3747 1378 3814 Cobeti
1411 3754 1569 3836 scripturo
1602 3750 1777 3815 Fritzschio

581 3854 702 3915 merito
722 3851 925 3937 displicebat,
945 3876 996 3919 mc
1017 3858 1045 3919 si
1065 3858 1205 3939 sequeris
1217 3858 1395 3920 rectissime
1409 3860 1512 3941 posite
1524 3860 1593 3921 erit.
1619 3857 1778 3942 Equidem

581 3977 687 4042 quum
714 3957 824 4021 Variae
846 3960 1000 4023 lectiones
1029 3964 1172 4046 primum
1195 3960 1361 4046 legebam,
1393 3965 1415 4026 i.
1441 3984 1467 4026 e.
1489 3965 1559 4048 ipso
1583 3984 1664 4028 enno
1690 3962 1777 4027 1854

580 4084 648 4148 quo
681 4063 844 4148 prodiere,
876 4068 910 4128 in
940 4087 1010 4130 esm
1035 4068 1248 4151 suspicionem
1270 4069 1337 4131 iem
1361 4066 1547 4145 inciderem;
1573 4067 1627 4134 sed
1650 4071 1700 4133 uti
1724 4068 1776 4147 fit,

579 4189 711 4252 semper
741 4169 854 4234 distuli
886 4173 1073 4255 scriptorem
1108 4171 1146 4236 de
1177 4192 1214 4234 ee
1245 4191 1278 4235 rc
1307 4173 1528 4257 interpellere3
1561 4180 1633 4257 post
1657 4177 1777 4240 occasio

578 4272 675 4339 calve
698 4279 757 4338 est.
1697 4269 1702 4278 ⁵

628 4492 647 4575 ς
668 4490 729 4554 24:
762 4487 836 4557 άπον
868 4491 941 4569 μηδ’
965 4493 1066 4558 αὐτῶν
1091 4518 1152 4567 τις
1177 4497 1402 4572 concalescit«
1427 4494 1587 4577 ζηλώσειεν
1610 4495 1658 4561 be.
1684 4497 1775 4562 Prae

579 4602 664 4661 stet:
691 4591 760 4668 εἷς.

626 4816 644 4899 ᾗ
665 4813 720 4891 25,
746 4813 792 4879 De
814 4784 1068 4881 Biachmcuibus
1091 4820 1137 4882 its
1159 4817 1319 4904 legimus:
1345 4820 1448 4883 ἐκεῖνον
1473 4820 1535 4898 γάρ
1559 4821 1612 4885 οὐκ
1637 4822 1774 4897 ἐμπηδῶν

583 4942 630 4983 σνν
653 4921 697 4990 εἰς
719 4920 755 4984 τὸ
778 4926 855 5002 πῦρ,
880 4924 954 4985 ἀλλ’
980 4923 1102 4987 ἐπειδάν
1126 4927 1167 4999 νη
1182 4947 1276 4988 σοον
1303 4925 1431 4999 πλησίον
1456 4926 1653 5006 πνραςάντες
1674 4930 1774 5003 άνάνη-
