5125 6150
688 839 755 917 420
1066 855 1109 901 ιιι
1133 854 1363 902 ιλιλιοιιιιιιιλ
1385 855 1521 902 rinnon.

686 1022 866 1085 Abrocoma
895 1019 1079 1083 Tithrauste
1110 1019 1314 1085 Pharnabazo
1348 1020 1465 1083 frustra
1489 1040 1564 1083 cum
1588 1021 1762 1105 Aegyptiis
1785 1018 1877 1084 bella

687 1132 763 1190 runt
779 1126 811 1204 ¹).
844 1125 966 1209 Nempe
996 1126 1107 1189 Acoris
1134 1125 1298 1202 μεγάλους
1322 1126 1446 1200 μισθοὺς
1470 1124 1639 1204 προστιθεὶς
1664 1123 1811 1199 δυνάμεις
1833 1123 1877 1200 ξ-

687 1232 773 1299 vinds
809 1230 989 1307 ἀξιολόγους
1022 1231 1151 1309 ἤθροισεν
1165 1228 1201 1309 ²).
1238 1231 1405 1315 Euagorae
1440 1236 1549 1294 autem
1586 1232 1717 1316 egregie
1752 1230 1878 1294 favebat

687 1339 802 1401 civitas
834 1333 1101 1413 Atheniensium,
1133 1339 1202 1401 eius
1231 1336 1393 1401 beneficiis
1425 1335 1588 1410 devincta;
1622 1342 1653 1400 et
1683 1356 1877 1419 quamquam

686 1445 872 1506 Artaxerxis
896 1445 990 1506 amici
1014 1441 1200 1506 dicebantur
1222 1442 1442 1517 Athenienses,
1469 1479 1511 1488 —
1535 1447 1603 1506 erat
1627 1443 1713 1505 enim
1733 1445 1877 1526 ipsorum

687 1547 883 1625 μισθοδότης,
910 1585 948 1594 -
976 1550 1267 1632 praesentissimam
1293 1555 1401 1611 tamen
1426 1567 1556 1631 operam
1580 1567 1633 1611 eos
1656 1546 1825 1632 Euagorae
1847 1553 1878 1611 et

686 1653 784 1717 huius
819 1656 912 1717 sociis
949 1655 1121 1738 Aegyptiis
1158 1651 1268 1716 tulisse
1304 1673 1378 1716 cum
1413 1650 1542 1716 aliunde
1578 1654 1729 1716 novimus
1749 1649 1774 1730 ³)
1810 1660 1878 1716 tum

687 1767 794 1823 noster
817 1756 907 1823 locus
929 1756 1111 1822 luculenter
1135 1763 1280 1822 testatur.
1306 1757 1375 1837 Quo
1399 1755 1527 1822 facilius
1550 1778 1627 1821 mox
1650 1756 1811 1821 adductus
1833 1765 1879 1821 est

685 1867 877 1929 Artaxerxes
902 1869 939 1928 ut
963 1861 1149 1927 Antalcidae
1173 1862 1497 1927 Lacedaemoniorum
1522 1864 1596 1926 duci
1620 1882 1728 1946 pacem
1756 1865 1878 1946 paranti

686 1992 798 2035 aurem
822 1969 996 2054 praeberet.

733 2076 816 2141 Nota
837 2082 913 2139 sunt
932 2076 1008 2140 haec
1028 2077 1145 2139 omnia.
1171 2074 1254 2154 Quid
1274 2096 1349 2140 vero
1369 2081 1417 2139 est
1437 2074 1521 2158 quod
1540 2076 1574 2137 in
1594 2072 1724 2138 scholiis
1744 2071 1879 2137 ridiculo

690 2203 793 2246 errore
822 2180 944 2266 legitur
974 2181 1125 2244 Amasidia
1149 2178 1287 2244 nomen?
1310 2179 1434 2263 Nempe
1458 2181 1696 2266 Aegyptiorum
1720 2181 1808 2264 regis
1831 2200 1881 2242 nc

690 2290 809 2351 tissimi
842 2307 958 2351 nomen
993 2287 1052 2350 hoc
1087 2291 1199 2350 natum
1234 2292 1282 2350 est
1314 2307 1352 2350 ex
1383 2284 1486 2349 multo
1518 2285 1700 2349 obscuriore
1730 2283 1880 2350 Αοοοίιίιι.

691 2392 761 2457 Hoc
796 2398 905 2456 antem
941 2394 1060 2455 vitium
1092 2390 1229 2456 aliorum
1253 2412 1330 2455 mox
1360 2411 1505 2456 errorum
1536 2391 1599 2454 fuit
1629 2390 1881 2464 feracissimum,

690 2518 765 2562 nam
798 2497 911 2562 exinde
945 2497 1166 2573 Psammetichi,
1201 2497 1327 2572 Xersis,
1359 2496 1450 2559 ῙιιιιιοΙ
1481 2497 1612 2559 nomina
1642 2497 1676 2558 in
1698 2493 1822 2559 scholia
1845 2492 1882 2558 ad

690 2609 835 2667 nostrum
857 2601 964 2667 locum
983 2605 1195 2687 irrepserunt,
1218 2601 1301 2667 unde
1322 2600 1415 2688 plane
1436 2607 1513 2665 sunt
1534 2599 1647 2665 aliena.
1669 2600 1762 2679 Quod
1781 2600 1883 2664 fusius

693 2729 849 2792 exponere
872 2711 963 2792 piget
987 2707 1163 2792 taedetque.

736 2926 873 2990 Eaedem
893 2946 943 2989 res
962 2928 1177 3009 respiciuntur
1196 2923 1280 2999 loco,
1302 2924 1420 3009 dequo
1441 2945 1525 2989 nuno
1545 2925 1712 2988 observare
1726 2924 1884 3008 quaedam

693 3030 807 3108 velim,
833 3052 879 3096 vs.
906 3029 972 3095 924
985 3050 1049 3114 sq:

1241 3135 1301 3200 οὐδ’
1325 3136 1363 3201 aia
1387 3138 1411 3200 εἰ
1437 3135 1516 3210 δοίης
1539 3134 1579 3212 γέ
1602 3159 1653 3212 μοι

874 3245 924 3307 τοι
948 3246 1084 3307 Πλοῦτον
1108 3244 1201 3306 αὐτὸν
1225 3242 1277 3305 nal
1302 3242 1336 3304 τὸ
1361 3242 1481 3306 Βάττου
1505 3242 1638 3321 σίλφιον.

738 3349 1043 3433 Paroemiographcs
1075 3348 1241 3432 proverbia
1272 3347 1376 3411 multo
1407 3348 1499 3432 plura
1522 3346 1687 3432 collegisse
1711 3368 1812 3431 quam
1838 3370 1886 3412 ex·

696 3457 821 3518 titerint
853 3476 945 3518 nemo
976 3476 1037 3517 non
1069 3456 1167 3518 sentit
1199 3456 1254 3537 qui
1286 3453 1344 3515 hoc
1376 3456 1454 3538 agit.
1486 3452 1569 3516 Nam
1593 3451 1758 3536 permulta
1782 3452 1885 3528 dicta,

695 3579 792 3643 quae,
825 3581 899 3623 cnm
930 3564 963 3623 in
996 3563 1135 3624 oratione
1168 3556 1295 3641 publica
1327 3557 1378 3621 vel
1410 3561 1443 3621 in
1467 3559 1618 3641 scriptore
1641 3556 1752 3641 aliquo
1775 3559 1885 3624 velia

696 3665 856 3730 comoedia
888 3669 1018 3751 egregie
1049 3665 1260 3749 placuissent,
1294 3675 1402 3749 postea
1433 3667 1517 3728 inter
1546 3663 1706 3728 litteratos
1740 3664 1886 3729 homines

695 3775 820 3855 saepius
852 3780 926 3834 sunt
955 3774 1109 3856 repetita,
1141 3775 1187 3835 ita
1217 3770 1319 3834 solent
1350 3769 1475 3834 laudari
1498 3771 1588 3853 quasi
1611 3772 1656 3845 is,
1682 3770 1767 3833 unde
1791 3770 1885 3835 ducta

695 3887 788 3953 sunt,
819 3876 1015 3941 locutionem
1040 3898 1078 3940 ex
1102 3877 1306 3960 popularium
1329 3897 1381 3940 ore
1405 3875 1586 3939 desumtam
1610 3896 1666 3938 suo
1692 3879 1784 3960 operi
1808 3880 1885 3940 insc-

694 3986 805 4047 rnerit.
832 3981 1021 4049 Cuiusmodi
1045 4003 1164 4046 errores
1189 3983 1244 4046 ubi
1268 3982 1307 4046 ad
1332 3989 1477 4046 veterum
1498 3983 1615 4064 scripta
1635 3980 1803 4064 deperdita
1821 4003 1885 4067 per·

698 4092 816 4163 tinent,
841 4090 958 4151 sentire
981 4109 1169 4172 possumus,
1194 4090 1288 4151 certis
1311 4089 1510 4170 argumentis
1534 4106 1668 4170 arguere
1691 4107 1755 4150 non
1777 4107 1884 4170 possu-

696 4215 780 4257 mus.
812 4193 933 4257 Melius
958 4215 1006 4257 res
1030 4194 1113 4257 cedit
1136 4197 1169 4256 in
1193 4192 1334 4256 dicteriis
1357 4213 1438 4276 quae
1461 4213 1499 4255 ex
1522 4191 1744 4274 Aristophanis
1768 4191 1885 4256 fabulis

695 4303 879 4363 etiamnunc
914 4300 1139 4384 superstitibus
1176 4298 1359 4363 afferuntur.
1397 4298 1479 4362 Raro
1514 4299 1600 4361 enim
1632 4295 1749 4359 accidit
1782 4304 1821 4359 ut
1852 4316 1886 4360 ne

697 4412 882 4469 contextum
914 4404 1044 4488 quidem
1076 4404 1347 4469 considerantibus
1371 4406 1448 4466 satis
1472 4401 1592 4485 liqueat
1616 4407 1728 4464 utrum
1752 4402 1793 4465 ab
1822 4406 1886 4487 ipso

695 4514 816 4576 comico
839 4510 912 4574 ficta
931 4513 972 4574 sit
993 4531 1089 4594 quam
1110 4510 1250 4595 legimus
1268 4509 1387 4574 locutio
1407 4529 1447 4573 an
1467 4510 1610 4572 antesin
1630 4527 1683 4571 ore
1702 4508 1884 4592 aequalium

731 4791 756 4847 l)
778 4791 875 4837 [socrat.
895 4787 929 4833 lv
950 4787 1031 4847 §1403
1049 4787 1078 4833 cf.
1097 4786 1164 4833 Blass
1183 4788 1231 4832 stt.
1251 4782 1430 4831 Barcdsnmkcit
1447 4781 1486 4830 11¹
1507 4798 1530 4845 p.
1548 4782 1597 4829 252
1605 4796 1655 4844 sqq.

729 4871 756 4930 2)
775 4872 843 4933 Quae
863 4869 958 4917 Diodori
978 4873 1034 4916 aunt
1051 4867 1121 4915 verba
1139 4865 1181 4916 XV
1200 4867 1232 4914 29
1250 4867 1289 4925 (de
1304 4881 1366 4913 auno
1381 4864 1459 4924 utils
1473 4862 1617 4923 scribenti⁸);
1634 4862 1673 4911 ubi
1684 4862 1818 4913 virtutium
1826 4880 1885 4927 seqq.

728 4956 756 5013 3)
774 4953 826 5001 Vid.
848 4956 904 5000 λιιι,
925 4952 985 5000 llell
1006 4951 1039 4997 lv
1059 4953 1073 4998 8
1091 4951 1143 5011 §24
1161 4949 1180 4995 V
1201 4950 1211 4996 l
1233 4951 1294 5009 §¹⁰-
