5125 6150
979 813 1023 860 nn
1046 813 1273 862 nsrsrornnnrs
1298 815 1433 862 aaaron.
1728 796 1792 862 221
1829 784 1830 788 '

611 987 645 1061 ρ’
670 983 713 1047 οὐ.
744 981 806 1046 Sed
835 982 880 1044 sic
911 979 950 1044 ab
981 986 1171 1065 argumento
1203 977 1325 1044 alienus
1348 978 1384 1043 fit
1408 1000 1528 1044 versus.
1553 980 1634 1044 Nam
1659 979 1799 1060 nepetino

611 1091 768 1155 sententia
799 1089 931 1151 minime
956 1085 1090 1171 quadrat
1112 1087 1146 1148 in
1168 1085 1253 1150 hunc
1277 1091 1480 1164 contextum3
1504 1107 1605 1172 neque
1628 1089 1800 1173 exponitur

609 1217 693 1260 nunc
725 1194 803 1279 quid
835 1195 968 1279 pecunia
1001 1194 1126 1278 assequi
1150 1191 1201 1257 vel
1224 1194 1375 1277 pecuniae
1400 1213 1459 1278 ope
1482 1194 1584 1258 vitare
1605 1191 1717 1270 beent,
1742 1191 1797 1257 sed

611 1323 708 1389 qnam
740 1303 828 1366 varia
852 1304 949 1386 agant
973 1297 1124 1363 mortales
1148 1304 1185 1362 ut
1208 1301 1343 1384 pecunia
1366 1301 1538 1383 potiantur.
1569 1297 1672 1363 Locus
1695 1301 1798 1386 igitur

611 1432 676 1474 non
706 1414 755 1474 est
785 1408 860 1472 huic
893 1407 1075 1470 enuntiato:
1110 1412 1164 1481 „tc
1193 1412 1290 1468 cutem
1314 1405 1404 1488 efficia
1427 1412 1461 1469 ut
1482 1405 1614 1468 moechus
1636 1406 1797 1488 deprecarer

611 1538 670 1580 eon
702 1515 856 1578 vellicetur
888 1513 956 1596 (sed
979 1512 1175 1590 μονχνρρίννς
1200 1511 1314 1577 solutis
1338 1533 1371 1577 ee
1394 1511 1585 1598 expediat)”.
1609 1511 1720 1597 Itaque
1737 1535 1797 1594 per

612 1621 871 1702 intereoyaticeem
904 1619 1090 1704 proferenda
1123 1620 1200 1684 haec
1231 1626 1349 1684 essent:
1383 1625 1433 1696 „et
1462 1641 1558 1682 necne
1587 1619 1718 1682 moechus
1750 1620 1796 1682 tsi
1889 1690 1891 1695 .

610 1751 701 1791 ccccc
725 1725 932 1790 vellicatur?'’
958 1763 998 1775 -
1024 1727 1085 1789 nisi
1109 1725 1177 1790 fieri
1200 1725 1233 1789 id
1258 1731 1379 1790 vetaret
1402 1723 1559 1810 particula
1581 1747 1631 1802 νε.

656 1834 812 1898 Errabant
829 1835 933 1918 igitur
952 1830 1088 1918 Bentley
1107 1838 1139 1895 et
1158 1830 1360 1896 Valckenaer.
1380 1830 1530 1917 Superest
1540 1838 1579 1895 nt
1590 1831 1796 1897 observemus

610 1943 774 2005 immerito
797 1941 830 2002 in
849 1940 1060 2023 suspicionem
1079 1937 1227 2002 incidisse
1245 1936 1414 2003 lectionem
1433 1937 1594 2002 traditam.
1618 1936 1687 2003 Non
1708 1941 1794 2003 enim

609 2045 743 2133 languet
765 2048 922 2110 ironicum
946 2043 1030 2108 illud
1054 2067 1129 2122 πον,
1153 2045 1267 2127 opiner,
1292 2044 1346 2109 sed
1370 2044 1446 2109 haec
1469 2047 1537 2109 eius
1556 2049 1604 2110 ast
1622 2047 1686 2110 vis:
1706 2045 1795 2110 etiem

609 2154 738 2216 rcoecdcc
769 2151 874 2233 opiner
903 2151 1045 2214 vellicare
1073 2151 1169 2214 colent
1197 2151 1326 2214 hemines
1348 2158 1382 2214 et
1404 2174 1509 2214 eurum
1532 2158 1726 2236 assequentur
1750 2189 1792 2201 -

610 2258 734 2325 sacculo
754 2279 812 2322 sno
831 2255 1029 2322 consulentes
1049 2256 1187 2335 scilicet,
1208 2278 1287 2335 non,
1307 2257 1390 2344 quod
1408 2255 1541 2343 allegari
1560 2257 1655 2337 solet,
1677 2264 1714 2324 ut
1734 2261 1795 2325 tori

611 2368 662 2430 ins
685 2363 845 2431 violatum
868 2363 1069 2429 ulciscantur.

658 2554 757 2619 Venio
791 2575 874 2619 nunc
908 2552 948 2618 ad
982 2552 1089 2617 locum
1124 2554 1179 2636 qui
1214 2551 1269 2615 diu
1301 2571 1353 2615 me
1384 2553 1493 2628 torsit,
1525 2557 1558 2616 et
1589 2550 1669 2618 olim
1699 2555 1792 2619 torsit

612 2660 768 2725 Weisium
799 2659 1027 2746 Kappeynium
1057 2656 1146 2722 alica.
1179 2656 1255 2722 Fuit
1278 2665 1388 2722 autem
1412 2679 1485 2723 cum
1506 2656 1599 2743 plane
1625 2662 1794 2724 assentirer

611 2767 800 2853 Kappeynio
830 2787 941 2832 versus
972 2786 1050 2851 quoe
1080 2765 1149 2829 dico
1180 2761 1272 2829 aliter
1304 2764 1463 2829 ordinanti
1479 2764 1513 2844 ¹).
1549 2765 1641 2829 Nunc
1675 2764 1792 2831 melius

612 2875 787 2958 perspicere
817 2873 899 2936 mibi
929 2872 1037 2936 videor
1065 2869 1221 2955 quomodo
1252 2872 1336 2934 inter
1365 2891 1397 2935 ee
1421 2870 1622 2945 cohaereant,
1647 2892 1703 2936 nec
1726 2873 1791 2936 iam

610 2979 721 3043 dubito
753 2982 828 3063 quin
858 2981 978 3064 integri
1008 2977 1047 3043 ad
1078 2999 1134 3042 noe
1165 2979 1384 3061 pervenerint,
1416 2979 1479 3041 nisi
1509 2976 1592 3061 quod
1622 2997 1685 3042 uno
1712 2980 1792 3044 vitio

608 3085 809 3162 laborabant,
834 3086 916 3171 quod
941 3086 1076 3150 feliciter
1099 3084 1177 3149 olim
1200 3086 1381 3169 persanavit
1404 3083 1627 3150 vHerwerdan.

653 3190 771 3257 Versus
795 3190 863 3256 dico
886 3191 951 3256 264
965 3210 1050 3276 sqq.:

1110 3298 1183 3360 Due
1205 3296 1297 3361 cheri.

746 3402 827 3468 ἔστιν
850 3403 881 3468 δὲ
905 3403 938 3475 te
963 3404 997 3468 τί
1018 3403 1070 3468 καὶ
1095 3404 1183 3469 πόθεν
1206 3402 1241 3467 τὸ
1265 3406 1402 3483 πρᾶγμα
1426 3404 1517 3482 τοῦθ’,
1541 3398 1559 3467 ὅ
1579 3409 1688 3484 Quem

1153 3508 1250 3574 Cario.

657 3616 722 3681 265
747 3614 825 3696 ἔχων
850 3617 984 3698 ἀφῖκται
1008 3617 1090 3696 δεῦρο
1191 3615 1368 3695 πρεσβύτην
1391 3618 1458 3693 τιν’,
1482 3612 1503 3679 ὦ
1528 3615 1647 3696 πονηροί
1655 3665 1664 3695 ,

745 3726 903 3801 ῥυπῶντα,
927 3721 1036 3802 κνφόν,
1058 3720 1169 3801 ἄθλιον,
1194 3722 1290 3801 ρ’νσάν,
1315 3723 1480 3800 μαδῶντα,
1504 3721 1609 3787 νωδόν·

745 3825 829 3905 οἶμαι
855 3829 903 3907 δέ,
929 3832 962 3903 νὴ
986 3829 1036 3893 τὸν
1060 3830 1189 3909 οὐρανόν,
1212 3830 1265 3893 καὶ
1290 3830 1393 3908 ψωλὸν
1416 3828 1509 3894 αὐτὸν
1531 3824 1616 3895 εἶναι.

1112 3937 1184 3999 Duc
1206 3936 1297 4000 cheri.

745 4039 767 4106 ὦ
792 4042 903 4124 χρυσὸν
926 4043 1085 4121 ἀγγείλας
1110 4043 1199 4121 ἐπῶν,
1223 4047 1287 4114 πῶς
1310 4043 1389 4122 <driu
1414 4041 1509 4108 πόλιν
1532 4039 1649 4124 Φράσον
1673 4065 1734 4119 μιν.

745 4148 845 4225 δηλοῖς
869 4149 933 4229 γὰρ
957 4151 1050 4215 αὐτὸν
1074 4150 1164 4229 σωρὸν
1188 4149 1267 4227 ἥκειν
1291 4151 1460 4231 χρημάτων
1484 4148 1608 4230 ἔχοντα.

1153 4256 1250 4321 Corio.

654 4362 720 4427 270
744 4362 954 4442 πρεσβυτικῶν
978 4362 1034 4440 seis
1057 4357 1106 4427 οὖν
1131 4365 1232 4428 κακῶν
1255 4360 1351 4441 ἔγωγ’
1374 4360 1488 4442 ἔχοντα
1513 4359 1614 4441 racd.

1109 4472 1182 4535 Duc
1205 4470 1297 4535 cheri.

744 4583 807 4654 μῶν
832 4575 928 4651 νὶξνρῖς
950 4578 1123 4656 mecanicae
1143 4576 1243 4642 ’ἔπειτ’
1256 4577 1283 4659 ²)
1307 4579 1536 4654 decubuerint

744 4683 890 4765 ἀζήμιος,
915 4685 966 4749 καὶ
990 4685 1094 4749 ταῦτά
1116 4708 1175 4762 μον
1198 4684 1372 4764 βακτηρίαν
1396 4680 1537 4765 {xersen

636 4804 829 4816 ..υ-

644 4852 669 4914 l)
688 4852 776 4900 Versus
792 4851 923 4903 268-270
942 4854 995 4914 post
1012 4851 1060 4899 263
1076 4850 1213 4901 collocabat.

640 4935 668 4996 2)
686 4934 728 4981 Sic
745 4939 807 4982 reete
827 4934 854 4991 V,
872 4934 896 4981 in
912 4940 966 4981 cett.
985 4939 1020 4980 est
1038 4930 1103 4993 iprae
1121 4948 1164 4997 pro
1181 4930 1270 4991 ἕννυτ’,
1289 4933 1413 4983 Ravenm
1432 4949 1525 4983 versum
1544 4931 1634 4983 omisit.
