5125 6150
1153 804 1294 853 uncrrus.
1749 790 1811 855 199

628 975 704 1049 tiat,
729 971 851 1036 insoliti
874 971 994 1055 aliquid
1018 970 1135 1036 habent
1158 978 1207 1047 et,
1229 975 1267 1034 ut
1283 971 1365 1034 mihi
1385 970 1513 1055 quidem
1533 971 1671 1048 videtur,
1692 974 1809 1056 inepti;

629 1101 703 1142 cum
734 1099 769 1142 ea
799 1078 888 1163 lego,
921 1098 1046 1162 semper
1076 1078 1156 1141 mihi
1188 1079 1326 1161 suspicio
1357 1079 1499 1141 nascitur
1526 1076 1563 1141 de
1586 1079 1743 1142 industria
1766 1080 1811 1143 sic

628 1187 789 1268 scripsisse
808 1183 955 1248 Tacitum
975 1190 1011 1248 ut
1030 1184 1120 1248 nobis
1140 1182 1325 1268 depingeret
1345 1183 1509 1247 bominem
1525 1186 1651 1248 omnino
1664 1185 1810 1248 hebetem

629 1292 822 1374 obtusaeque
842 1292 975 1365 mentis,
996 1297 1067 1354 tum
1088 1311 1162 1355 vero
1182 1310 1299 1374 pavore
1316 1286 1408 1373 plane
1420 1294 1646 1354 exsternatum.
1667 1288 1811 1355 Donatus

630 1396 745 1481 aliquis
777 1399 804 1460 si
835 1398 886 1461 hic
910 1402 1104 1461 annotasset:
1131 1396 1223 1472 „vide
1247 1398 1377 1470 μίμησιν
1401 1416 1474 1460 cum
1499 1396 1569 1461 odio
1592 1396 1755 1460 inductam
1778 1402 1812 1461 et

629 1503 835 1586 depravatam
869 1501 1159 1586 pronuntiatione’',
1195 1501 1342 1586 equidem
1377 1522 1439 1566 non
1473 1500 1657 1586 obloquerer
1692 1510 1735 1581 (v.
1771 1500 1811 1566 ad

629 1608 711 1672 Eun.
735 1630 782 1673 vs.
810 1609 872 1672 155
886 1615 977 1693 sqq).

672 1714 734 1779 Sed
765 1716 823 1779 boc
853 1719 977 1778 certum
1000 1720 1048 1779 est
1071 1713 1219 1778 Tacitum
1242 1713 1406 1778 interdum
1429 1713 1511 1778 illud
1534 1717 1735 1779 committere
1759 1736 1811 1800 po-

628 1820 738 1907 pulare
768 1819 918 1906 loquendi
953 1823 1070 1884 vitium
1106 1842 1167 1905 quo
1201 1820 1281 1885 duae
1316 1841 1382 1898 res,
1415 1826 1567 1906 cognatae
1597 1820 1725 1906 quidem
1757 1822 1811 1886 sed

628 1928 782 2003 diversae,
815 1927 893 1991 dum
923 1948 955 1991 se
986 1926 1083 1990 simul
1114 1909 1273 2011 loquentis
1305 1928 1406 1990 menti
1437 1925 1587 2004 offerunt,
1622 1926 1721 1991 simul
1742 1947 1810 2011 pro

628 2034 773 2098 feruntur
808 2041 840 2098 et
874 2037 907 2096 in
937 2055 1039 2096 unum
1068 2033 1308 2109 contrahuntur,
1341 2054 1403 2116 quo
1434 2033 1516 2098 facto
1546 2054 1638 2117 saepe
1673 2037 1806 2098 contort'

628 2139 748 2223 aliq'uid
778 2145 810 2203 et
839 2142 980 2203 intricati
1010 2142 1160 2203 nascitur.
1194 2139 1282 2204 Dabo
1313 2138 1397 2203 locos
1429 2142 1569 2204 maxime
1599 2140 1658 2205 hoc
1681 2143 1809 2205 nomine

627 2248 779 2330 insignes.

673 2351 714 2415 H.
740 2350 792 2427 IV,
819 2349 872 2415 38.
897 2350 996 2415 Solito
1020 2351 1142 2415 diutius
1164 2371 1278 2428 naves,
1303 2371 1382 2436 quae
1406 2350 1604 2415 frumentum
1624 2352 1809 2417 Africanum

628 2458 807 2533 advebunt,
839 2463 1022 2536 morantur3
1055 2457 1190 2542 pavidus
1221 2458 1279 2521 bac
1310 2478 1344 2522 re
1367 2455 1504 2542 populus
1528 2456 1609 2521 nihil
1631 2481 1692 2523 non
1716 2458 1811 2545 fingit

627 2564 806 2649 creditque,
830 2570 1025 2649 sparguntur
1049 2584 1192 2628 rumores
1215 2563 1302 2648 pleni
1325 2565 1471 2640 terroris,

674 2669 887 2754 „augentibus
911 2670 1030 2733 famam
1053 2667 1251 2745 Vitellianis,
1271 2671 1326 2754 qui
1345 2668 1489 2732 studium
1509 2670 1649 2754 partium
1669 2670 1809 2735 nondum

627 2783 815 2861 posuerant,
847 2795 885 2838 ne
917 2775 1093 2839 victoribus
1124 2774 1253 2859 quidem
1280 2777 1407 2860 ingrato
1430 2796 1573 2852 rumore,
1598 2797 1734 2860 quorum
1759 2799 1810 2842 cn·

627 2883 777 2967 piditates
798 2883 935 2945 externis
955 2901 1080 2965 quoque
1099 2878 1189 2944 bellis
1208 2879 1415 2965 inexplebiles
1436 2879 1525 2946 nulla
1538 2877 1686 2967 'unquam
1705 2883 1811 2948 civilis

628 2991 762 3054 victoria
786 2986 948 3051 satiavit’'.

673 3095 761 3160 Duae
792 3095 844 3158 hic
876 3100 949 3157 sunt
973 3092 1217 3177 distinguendae
1240 3095 1433 3170 sententiae,
1458 3114 1537 3178 quae
1560 3115 1643 3159 nunc
1665 3097 1711 3160 ita
1735 3102 1810 3161 sunt

625 3204 802 3287 permixtae
825 3206 862 3263 ut
885 3202 1023 3283 separari
1046 3204 1221 3284 nequeant:
1245 3222 1274 3261 c.
1299 3198 1438 3263 inbelle
1462 3199 1568 3277 civili,
1594 3203 1650 3285 qui
1674 3204 1809 3268 victores

626 3313 785 3383 existunt,
818 3326 980 3390 nunquam
1013 3308 1122 3369 satiari
1152 3310 1299 3390 possunt3
1325 3306 1351 3368 d.
1374 3309 1562 3390 praesertim
1586 3306 1623 3371 de
1646 3306 1808 3373 Flavianis

625 3414 707 3480 illud
743 3413 829 3477 valet
860 3411 1034 3475 militibus:
1067 3410 1117 3475 illi
1147 3413 1232 3476 enim
1262 3414 1402 3476 externis
1431 3410 1523 3476 bellis
1554 3432 1572 3476 a
1601 3411 1752 3479 Muciano
1777 3420 1809 3480 et

627 3522 763 3584 Antonio
789 3519 898 3582 Primo
922 3517 1055 3603 praedae
1082 3518 1251 3582 assuefacti
1274 3520 1340 3582 iem
1365 3517 1545 3583 didicerunt
1568 3516 1661 3603 plura
1683 3541 1809 3606 semper

626 3638 658 3691 et
683 3630 802 3690 maiora
825 3645 961 3710 poscere.

671 3735 752 3796 Ann.
785 3731 809 3807 l,
844 3730 895 3795 19.
929 3729 1177 3794 'tumultuantes
1208 3729 1390 3795 Pannoniae
1421 3728 1542 3796 milites
1572 3734 1607 3796 in
1630 3738 1808 3819 praesentia

623 3839 763 3924 placarit
794 3836 925 3900 Blaesus
957 3835 1102 3921 legatus:
1133 3839 1388 3921 impetraverunt
1417 3837 1456 3902 ab
1480 3858 1516 3903 eo
1539 3845 1576 3903 ut
1598 3841 1699 3923 ipsius
1722 3840 1807 3906 filius

624 3945 760 4009 Romam
786 3945 978 4019 mitteretur,
1003 3946 1059 4027 qui
1075 3942 1236 4028 postulata
1254 3964 1312 4009 sua
1331 3942 1395 4024 (vel
1415 3946 1523 4029 potius
1541 3952 1663 4030 partem
1684 3957 1807 4027 eorum)

623 4051 660 4116 ad
687 4052 871 4134 Augustum
897 4049 1065 4133 perferret:

671 4156 836 4233 „Profecto
859 4158 974 4220 iuvene
998 4155 1160 4220 modicum
1183 4158 1303 4234 otium;
1328 4156 1382 4221 sed
1405 4158 1566 4243 superbire
1588 4158 1699 4235 miles,
1723 4159 1806 4244 quod

623 4262 707 4327 filius
738 4261 839 4347 legati
869 4270 973 4326 orator
1003 4261 1150 4347 publicae
1180 4283 1292 4328 causae
1316 4266 1394 4328 satis
1421 4263 1597 4329 ostenderet
1620 4269 1806 4332 necessitate

623 4390 786 4454 expressa,
811 4388 890 4453 quae
913 4389 970 4452 per
991 4367 1181 4433 modestiam
1204 4390 1268 4433 non
1292 4369 1541 4434 obtinerentur'’.

670 4476 885 4553 Λογικώτερον,
917 4480 954 4538 ut
985 4478 1103 4560 opinor,
1128 4476 1188 4540 boc
1212 4476 1310 4541 foret:
1337 4478 1543 4553 „necessitate
1566 4478 1702 4561 exprimi
1726 4499 1805 4562 quae

623 4605 680 4667 per
711 4581 901 4646 modestiam
924 4602 985 4645 non
1011 4582 1247 4660 obtineantur'’,
1271 4604 1345 4646 nam
1369 4602 1478 4647 revera
1500 4581 1662 4646 nihildum
1685 4582 1805 4649 milites

624 4688 888 4774 „expresserunt”
922 4691 983 4752 nisi
1015 4696 1051 4751 ut
1074 4692 1201 4754 iuvenis
1224 4688 1279 4754 ille
1304 4695 1407 4752 orator
1430 4688 1575 4772 publicae
1598 4710 1709 4754 causae
1732 4692 1806 4755 mit-

622 4804 753 4861 teretur.
785 4796 845 4861 Sed
877 4797 951 4859 hinc
982 4794 1057 4858 dum
1089 4796 1271 4879 generalem
1296 4794 1456 4860 deducunt
1480 4799 1685 4862 sententiam:
1710 4797 1805 4883 „plus

623 4906 811 4968 necessitate
844 4923 939 4990 quam
964 4900 1121 4967 modestia
1143 4901 1339 4986 proficitur”,
1363 4902 1461 4968 simul
1484 4903 1543 4969 sibi
1568 4903 1694 4991 fingunt
1717 4906 1801 4991 impe·
