5125 6150
689 846 731 913 36
1150 863 1401 911 narsrornlum.

688 1053 855 1117 quaerere,
879 1052 940 1117 quo
960 1030 1086 1096 tandem
1107 1035 1197 1115 pacto
1216 1031 1312 1095 homo
1331 1031 1518 1115 peregrinus
1537 1035 1613 1109 (non
1634 1027 1705 1095 dato
1725 1031 1755 1094 ei
1777 1029 1869 1095 aditu

687 1139 727 1204 ad
749 1136 919 1224 populum)
939 1140 1105 1202 comitium
1125 1140 1243 1202 intrare
1262 1138 1419 1222 potuerit,
1441 1139 1519 1201 seire
1539 1135 1638 1201 velim
1659 1137 1741 1202 unde
1754 1158 1869 1222 praeco

687 1245 807 1310 efficere
834 1247 974 1330 potuerit
1003 1265 1075 1308 enm
1101 1246 1205 1308 civem
1228 1265 1290 1308 non
1315 1264 1399 1319 esse,
1424 1242 1507 1328 quod
1530 1264 1568 1308 ex
1592 1246 1720 1308 nomine
1743 1243 1871 1309 conclu-

687 1352 759 1416 dere
782 1373 844 1416 non
868 1354 983 1436 potuit.
1008 1350 1062 1416 Me
1085 1350 1214 1434 quidem
1238 1349 1392 1425 ciendis,
1414 1350 1870 1435 propterAmphitheinomi-

687 1461 736 1522 nis
766 1457 1050 1545 significationem,
1080 1457 1266 1519 circumcirca
1298 1456 1465 1541 (undique)
1495 1457 1585 1533 deus,
1616 1477 1690 1520 eum
1722 1480 1761 1520 an
1785 1458 1869 1521 hom

687 1588 745 1629 noa
779 1565 820 1628 ait
852 1563 1034 1629 ioculariter
1067 1566 1254 1649 interrogat.
1290 1560 1373 1625 Tum
1404 1583 1497 1639 vero,
1529 1569 1735 1649 posteaquam
1759 1570 1869 1629 contra

687 1674 953 1755 exspectationem
978 1670 1192 1755 Amphitheus
1215 1669 1248 1733 id
1272 1671 1378 1754 ipsum
1402 1689 1521 1754 negans
1544 1669 1774 1735 absurdissima
1796 1668 1870 1735 effu·

686 1781 747 1842 tire
767 1780 886 1862 coepit,
907 1799 970 1842 non
989 1779 1095 1862 potuit
1117 1796 1226 1860 praeco
1247 1777 1328 1853 (sive
1348 1780 1512 1861 prytanes)
1532 1797 1594 1840 non
1606 1777 1668 1841 sibi
1679 1776 1868 1862 persuadere

686 1886 850 1949 hominem
885 1889 941 1948 aut
975 1884 1099 1948 ebrium
1135 1903 1202 1946 esse
1232 1889 1288 1946 aut
1319 1887 1426 1946 mente
1458 1887 1588 1967 captum
1618 1889 1651 1947 et
1682 1889 1865 1967 propterea,

686 1994 820 2056 minime
850 1989 934 2076 quod
961 1992 1041 2055 civis
1065 2010 1125 2053 non
1150 1991 1208 2065 sit,
1233 1989 1271 2053 de
1292 1995 1449 2075 suggestu
1472 2009 1547 2053 aum
1571 1988 1734 2068 deturbat;
1759 1988 1867 2054 Dicae

686 2097 787 2183 opolis
818 2119 908 2173 vero,
941 2098 1057 2182 quippe
1081 2098 1136 2180 qui
1161 2116 1217 2180 pro
1242 2115 1318 2159 sano
1339 2095 1455 2159 habeat
1478 2095 1630 2171 eundem,
1654 2099 1688 2159 in
1712 2117 1776 2180 qno
1799 2095 1865 2161 solo

686 2207 728 2269 sit
758 2206 820 2288 ipsi
850 2224 920 2288 spes
951 2204 1036 2286 paois
1066 2223 1140 2266 oum
1164 2200 1419 2266 Lacedaemoniis
1442 2201 1692 2286 componendae,
1716 2223 1775 2266 suo
1798 2204 1867 2266 iure

686 2308 843 2375 exclamat
879 2306 981 2386 ὦνδρες
1016 2310 1194 2385 πρυτάνεις,
1231 2308 1364 2372 ἀδικεῖτε
1400 2308 1454 2381 τὴν
1490 2309 1663 2386 ἐκκλησίαν,
1699 2307 1751 2372 τὸν
1786 2307 1865 2387 ἄνδρ’

686 2416 862 2494 ἀπάγοντες
896 2417 960 2480 ari.
992 2413 1217 2482 (lectissimum
1248 2420 1356 2479 autem
1380 2421 1608 2501 argumentum
1632 2415 1866 2500 Amphitheam

685 2546 748 2589 non
779 2544 910 2610 negasse
941 2522 1031 2585 civem
1057 2543 1090 2586 se
1113 2542 1180 2586 ease
1204 2521 1354 2605 praebent
1377 2519 1492 2585 ultima
1515 2524 1583 2586 eius
1607 2521 1703 2586 verba
1725 2519 1784 2602 (53
1807 2525 1865 2607 sq.)

686 2629 783 2709 doadi?
807 2633 858 2695 οὐκ
882 2628 963 2708 ἔχω·
984 2631 990 2713 Ι
1011 2631 1042 2693 οὔ
1066 2629 1128 2705 γὰρ
1151 2627 1283 2691 διδόασιν
1306 2628 1331 2691 οἱ
1357 2628 1529 2705 πρυτάνεις.
1554 2627 1615 2706 Qui
1638 2629 1726 2692 enim
1750 2647 1864 2713 quaeso

685 2738 808 2802 homini
839 2739 1005 2823 peregrino
1035 2734 1230 2821 legationem
1261 2735 1395 2798 fuissent
1424 2731 1630 2818 permissuri?
1653 2733 1715 2798 Sed
1738 2737 1866 2799 omnino

685 2842 807 2930 lagatos
838 2841 981 2927 Spartam
1014 2844 1141 2905 mittere
1172 2840 1336 2917 nolebant,
1369 2844 1443 2925 quia
1466 2841 1504 2905 de
1526 2861 1600 2925 pace
1622 2861 1661 2904 ne
1683 2842 1866 2926 cogitabant

685 2949 832 3035 quidem,
855 2947 938 3012 bello
960 2955 992 3011 et
1014 2950 1077 3032 ipsi
1100 2947 1251 3011 faventes.
1277 2946 1364 3011 Haeo
1387 2967 1461 3011 vero
1482 2947 1669 3031 Amphithei
1689 2950 1863 3023 accusatio,

685 3055 768 3141 quod
800 3056 955 3120 viaticum
983 3054 1043 3118 sibi
1073 3052 1146 3118 dare
1170 3051 1310 3130 nollent,
1335 3060 1366 3117 et
1388 3054 1456 3138 ipsa
1480 3052 1614 3118 faciebat
1638 3057 1674 3118 ut
1697 3053 1860 3120 hominem

685 3164 840 3227 furiosum
865 3160 956 3246 plura
979 3160 1075 3223 verba
1098 3160 1198 3224 facere
1221 3165 1376 3225 vetarent.

730 3375 782 3440 Vs.
809 3374 861 3438 95.
894 3372 965 3453 πρὸς
990 3376 1047 3437 τῶν
1071 3374 1150 3450 θεῶν,
1175 3372 1322 3453 ἄνθρωπε,
1346 3373 1606 3452 ναύφαρκτον
1628 3372 1772 3448 βλέπεις.

685 3482 823 3546 Adnotat
855 3481 970 3546 aditor:
1005 3476 1202 3565 „Corruptus
1232 3501 1298 3544 esse
1330 3479 1458 3545 videtur
1487 3480 1539 3545 hio
1570 3501 1698 3555 versus,
1730 3481 1862 3547 fortasse

685 3591 781 3653 etiam
811 3592 992 3664 contextus;
1029 3607 1102 3650 nam
1134 3588 1195 3650 nisi
1225 3585 1354 3671 legatur
1385 3584 1416 3649 cl
1444 3586 1516 3665 πρὸς
1548 3589 1628 3664 θεῶν,
1652 3585 1789 3667 ἄνθρωπε
1811 3587 1863 3653 vel

685 3698 756 3772 πρὸς
786 3700 842 3756 τῶν
874 3695 953 3769 θεῶν,
982 3696 1012 3755 τί
1034 3691 1124 3770 οὕτω,
1149 3695 1313 3776 sequentia
1335 3699 1407 3777 apte
1430 3693 1584 3778 subiungi
1606 3699 1778 3777 nequount.
1802 3693 1862 3759 Sed

683 3802 815 3888 gravius
845 3802 942 3864 etiam
973 3798 1119 3884 displicet
1141 3798 1224 3884 quod
1248 3799 1335 3862 nocis
1358 3821 1436 3876 vox,
1461 3802 1514 3864 oui
1537 3798 1743 3865 assimulatur
1767 3801 1862 3867 Pseu-

684 3907 846 3982 dartabas,
879 3905 975 3970 deest.
999 3903 1222 3991 Intellegeram
1248 3910 1342 3976 ναῦς
1367 3907 1548 3983 σταθμὸν
1571 3905 1718 3984 daturam
1740 3908 1862 3970 accisae

684 4037 713 4078 ca
736 4015 890 4077 stationem
912 4011 1078 4093 epactana.”
1103 4011 1193 4091 Quod
1216 4011 1299 4074 mihi
1317 4010 1444 4096 quidem
1464 4033 1576 4096 parum
1598 4012 1715 4076 arridet
1733 4019 1862 4098 propter

684 4141 811 4186 versum
834 4124 1035 4203 sequentem:

886 4221 904 4299 ἦ
928 4224 993 4304 περὶ
1018 4221 1115 4300 ἄκραν
1139 4224 1291 4299 κάματον
1314 4223 1465 4289 νεώσοικον
1489 4232 1630 4304 οκοπεῑςς

683 4335 775 4400 cuius
797 4334 952 4396 sententia
973 4334 1018 4395 ita
1038 4331 1102 4395 fars
1125 4330 1235 4395 eodem
1258 4329 1384 4396 rediret.
1416 4330 1487 4395 Hoc
1511 4332 1639 4416 quidem
1662 4332 1862 4398 incommodo

684 4443 802 4505 careret
825 4437 930 4503 multo
952 4435 1054 4502 lenior
1073 4440 1211 4503 mutatio
1231 4442 1328 4509 νοῦς
1353 4435 1497 4517 ἄρκτον
1516 4438 1664 4516 βλέπεις,
1685 4441 1738 4503 oui
1757 4446 1863 4505 tamen

684 4552 806 4631 practer
829 4547 984 4609 omissum
1007 4543 1181 4609 articulum
1204 4543 1376 4630 probabilis
1396 4545 1480 4610 oculi
1498 4544 1587 4609 illius
1607 4545 1730 4610 navalis
1749 4549 1862 4632 positio

684 4651 798 4715 obstat.
831 4651 932 4731 Quare
955 4649 1049 4737 longe
1071 4657 1210 4736 praestat
1234 4651 1385 4716 traditam
1409 4650 1575 4718 lectionem
1599 4672 1741 4730 servare,
1766 4674 1862 4738 quam

685 4755 861 4822 rhaauwen
884 4759 981 4823 vertit
1004 4757 1115 4821 cultum
1135 4756 1313 4821 maritimum
1333 4758 1458 4843 (quidni
1476 4758 1650 4839 ncvclcmf)
1669 4760 1766 4825 hoba.
1792 4759 1862 4826 Non

683 4864 769 4925 enim
800 4864 894 4926 nimis
925 4864 1122 4928 incommode
1154 4869 1241 4942 (nam
1271 4863 1357 4949 pleni
1380 4870 1455 4930 sunt
1477 4864 1636 4930 similium
1658 4864 1862 4932 licentiarum

683 4970 851 5052 scriptores
882 4966 1008 5048 Graeci)
1040 4990 1057 5034 a
1087 4967 1222 5035 lectione
1245 4973 1439 5052 ναύφαρκτον
1462 4975 1495 5037 in
1518 4974 1661 5057 sequenti
1683 4993 1776 5037 vomu
1801 4975 1863 5059 pri·
