5125 6150
1112 797 1305 847 nneonrnus.
1757 781 1799 847 85

606 973 758 1034 metrum
791 986 902 1032 versus
931 967 1045 1051 primi:
1081 976 1295 1035 cto-mc
1300 1009 1430 1035 υυυυυ
1457 968 1478 1031 i.
1499 988 1525 1031 e.
1551 966 1687 1032 dimeter
1709 965 1801 1033 doch·

607 1078 747 1140 miscus.
772 1072 889 1138 Versus
912 1073 1107 1157 subsequens
1130 1092 1169 1136 ex
1193 1070 1341 1136 dochmio
1361 1078 1511 1157 sequente
1529 1074 1636 1139 iambo
1656 1082 1800 1139 constans

605 1181 706 1247 facile
740 1186 846 1266 potest
876 1180 995 1244 haberi.
1028 1177 1112 1244 Satis
1142 1183 1255 1242 notum
1287 1185 1352 1256 est,
1385 1179 1604 1244 dochmiacnm
1628 1202 1799 1246 numerum

606 1287 760 1365 extendi,
795 1289 842 1351 ita
872 1291 910 1350 ut
938 1285 1066 1350 iambus
1096 1289 1153 1349 aut
1184 1283 1364 1369 complures
1390 1286 1490 1350 iambi
1512 1286 1700 1352 adiciantur.
1723 1287 1800 1368 Quis

607 1416 676 1459 non
710 1396 837 1458 noverit
866 1412 997 1458 versum
1026 1389 1123 1476 Soph.
1156 1391 1268 1476 Antig.
1304 1389 1401 1469 1275,
1433 1392 1489 1457 ubi
1520 1391 1705 1458 dochmium
1736 1402 1800 1460 tres

607 1502 714 1566 iambi
745 1495 928 1586 excipiunt?
962 1497 1124 1562 Numerus
1150 1499 1221 1581 ipse
1251 1496 1486 1581 quodammodo
1518 1498 1719 1564 concluditur
1749 1521 1801 1566 ex·

608 1611 763 1693 sistitque
800 1603 1011 1690 tranquillum
1042 1609 1183 1668 metrum
1214 1605 1409 1689 gravitatem
1440 1625 1650 1671 numerorum
1680 1613 1800 1673 antece

609 1716 760 1780 dentium
783 1715 948 1799 mitigans.

656 1820 777 1885 Versus
808 1821 923 1885 tertius
952 1819 982 1881 is
1013 1822 1078 1894 est,
1115 1821 1152 1880 ut
1183 1817 1251 1881 eius
1281 1820 1422 1881 metrum
1453 1824 1548 1902 queat
1571 1820 1699 1904 agnosci
1722 1819 1798 1884 hoc:

613 1939 834 1997 νόν-ΜΛ,
841 1969 957 1995 υυυυυ
1004 1922 1143 1988 Perbene
1185 1925 1406 2008 unusquisque
1448 1929 1552 2008 potest
1594 1923 1799 2011 intellegere,

608 2034 782 2116 utriusque
818 2029 994 2095 dochmiaci
1028 2050 1139 2096 versus
1172 2032 1325 2094 exsistere
1360 2028 1451 2114 plane
1482 2031 1613 2097 eandem
1643 2032 1798 2113 formam;

609 2143 660 2202 est
692 2138 780 2202 enim
811 2138 914 2221 prima
937 2135 1061 2222 syllaba
1083 2134 1180 2222 longa
1202 2138 1236 2200 in
1260 2136 1339 2200 duas
1363 2135 1473 2201 breves
1497 2137 1659 2203 dissoluta.
1694 2139 1799 2225 Atque

610 2246 689 2310 haec
713 2242 843 2329 quidem
867 2263 938 2307 mea
961 2245 1117 2307 sententia
1136 2263 1172 2306 eo
1193 2241 1341 2306 firmat-ur
1358 2249 1565 2329 argumento,
1587 2243 1670 2329 qnod
1688 2245 1800 2332 rhyth-

611 2372 687 2416 mus
709 2370 810 2437 paene
833 2348 950 2413 similis
972 2351 1006 2412 in
1030 2347 1195 2413 ordinibus
1219 2348 1410 2414 dochmiacis
1433 2351 1638 2435 sequentibus
1661 2373 1723 2417 non
1744 2352 1801 2416 dii-

611 2455 690 2522 ficili
727 2457 854 2541 negotio
889 2461 995 2539 potest
1029 2457 1167 2543 agnosci.
1203 2454 1362 2540 Equidem
1393 2477 1522 2522 versum
1552 2458 1799 2543 subsequentem
1894 2520 1896 2524 ,

612 2562 796 2637 δαμνδρδννς
815 2564 844 2625 τ’
864 2562 941 2638 ἀρὰς
960 2548 1120 2640 &albiam
1143 2561 1303 2638 ἅπόδνμνς
1324 2562 1435 2634 ἄπνλΙς
1456 2564 1484 2626 τ’
1505 2561 1564 2626 ἔσει
1584 2563 1798 2643 icadiiudico,

610 2676 649 2735 nt
680 2690 757 2735 enm
779 2660 921 2734 constare
944 2689 1088 2734 censeam
1112 2689 1150 2734 ex
1174 2668 1279 2733 tribus
1303 2667 1466 2733 ordinibus
1490 2669 1700 2748 dochmiacis,
1724 2692 1798 2756 quo

610 2797 686 2840 rum
717 2777 813 2839 nnius
848 2807 1019 2852 -------
1051 2773 1181 2840 alterius
1208 2805 1409 2852 υυυυυυυυ
1434 2777 1521 2840 tertii
1548 2803 1707 2828 νννννν
1733 2797 1799 2842 me·

608 2890 702 2946 trum
732 2883 936 2947 constituam.
973 2881 1060 2946 Haec
1090 2886 1193 2946 matra
1222 2883 1269 2944 ita
1300 2901 1409 2946 censeo
1440 2901 1507 2947 asse
1538 2887 1735 2966 comparata,
1759 2889 1797 2947 nt

609 2991 737 3076 primus
768 2988 844 3054 ordo
868 2988 1071 3053 dochmiacns
1094 2987 1249 3052 habeatur
1271 2987 1311 3051 ad
1333 2987 1573 3072 praecedentem
1598 2986 1631 3062 ἐξ
1656 2987 1731 3060 alala
1754 2987 1797 3067 ὅρ-

608 3120 701 3174 μινον
733 3097 876 3181 proxime
907 3095 1072 3172 accedens,
1096 3100 1227 3180 excepto
1250 3093 1334 3179 qnod
1357 3096 1390 3158 in
1413 3097 1518 3179 priore
1541 3094 1650 3159 ordine
1672 3094 1796 3181 syllaba

609 3206 717 3290 prima
739 3209 788 3267 est
810 3202 933 3279 brevis,
957 3204 990 3265 in
1014 3203 1188 3286 posteriore
1210 3199 1317 3286 longa.

656 3307 866 3376 Gonclnditnr
896 3314 1037 3395 systema
1066 3328 1160 3373 versu
1192 3308 1403 3393 pherecrateo.
1438 3306 1487 3371 lta
1515 3308 1636 3371 areium
1659 3306 1795 3373 duarum

609 3418 833 3492 concursione,
865 3435 1001 3500 quarum
1031 3414 1131 3479 altera
1158 3416 1193 3478 in
1225 3416 1372 3479 trimetro
1402 3413 1585 3480 dochmiaco
1610 3412 1671 3480 iou
1694 3418 1794 3495 inest,

609 3522 712 3588 altera
742 3524 775 3585 in
805 3521 908 3586 fronte
929 3522 1133 3607 -pherecratei
1164 3521 1358 3605 agnoscitur,
1382 3518 1419 3583 fit
1442 3521 1568 3585 numeri
1591 3522 1677 3585 iusta
1700 3526 1733 3587 et
1755 3522 1795 3587 ad

608 3632 657 3696 rei
679 3632 875 3715 gravitatem
898 3634 972 3713 apta
995 3626 1163 3692 conclusio.

656 3733 809 3802 (letarum
840 3733 1038 3799 Schmidtius
1069 3735 1285 3798 rectissimum
1317 3733 1355 3797 de
1384 3732 1442 3797 hac
1465 3734 1593 3818 stropha
1615 3732 1692 3799 tulit
1714 3736 1794 3800 iudi·

608 3845 716 3919 cium,
748 3863 812 3907 non
840 3846 946 3906 tamen
978 3838 1181 3906 contumeliis
1211 3840 1333 3905 acerbis
1357 3840 1565 3925 persequendi
1589 3846 1678 3905 erant
1699 3844 1796 3906 inter·

607 3956 733 4035 protes,
764 3969 782 4012 e
812 3947 928 4033 quibus
951 3945 991 4013 G.
1015 3947 1218 4012 Hermannns
1241 3946 1459 4032 rhythmicam
1483 3947 1629 4032 strophae
1652 3945 1794 4013 indolem

608 4057 759 4142 quamvis
785 4055 919 4118 minime
950 4056 1117 4140 agnovisse
1149 4052 1322 4118 censendus
1352 4054 1411 4129 sit,
1435 4060 1576 4119 metrum
1600 4058 1707 4118 tamen
1730 4073 1794 4117 non

606 4165 655 4228 ita
679 4160 797 4250 falsum
818 4162 994 4225 constituit.
1020 4158 1152 4225 Ordines
1176 4162 1262 4250 enim
1287 4159 1348 4224 duo
1372 4161 1469 4244 primi

745 4268 777 4333 al
801 4266 903 4346 aazia
927 4262 948 4331 ὦ
971 4267 1084 4345 γύναι,

746 4373 945 4455 χθονοτρεφὲς
970 4370 1075 4438 ἐδανὸν

608 4502 688 4568 qnos
705 4479 798 4567 plane
810 4478 909 4545 simili
919 4479 1013 4545 modo
1025 4480 1236 4545 conformatos
1248 4500 1316 4546 esse
1327 4482 1460 4555 constat,
1479 4478 1560 4541 meri
1572 4474 1706 4540 habendi
1718 4481 1794 4540 sunt

606 4588 748 4654 dochmii
769 4607 826 4653 nec
844 4587 972 4652 iambus
992 4586 1213 4673 adiungendus
1232 4592 1289 4664 est,
1310 4586 1560 4650 utHermannus
1572 4583 1704 4659 censuit,
1718 4601 1792 4646 cum

605 4717 690 4761 unus
711 4695 836 4759 iambus
856 4693 1047 4759 dochmiacis
1067 4694 1211 4759 versibus
1231 4714 1293 4757 non
1314 4692 1492 4777 affingatur.
1513 4686 1663 4755 Ceterum
1682 4708 1793 4753 eorum

604 4804 786 4868 coniunctio
818 4804 923 4888 magis
947 4820 1044 4887 quam
1067 4803 1222 4886 separatio
1246 4799 1381 4875 arridet,
1406 4817 1479 4861 cnm
1503 4797 1715 4881 subsequatur
1738 4797 1793 4859 tri-

605 4914 710 4975 meter
728 4907 931 4974 dochmiaous
954 4906 1133 4987 δνμνθρόννς
1157 4913 1186 4972 τ’
1206 4910 1282 4987 ἀρὰς
1307 4903 1468 4984 driccam
1495 4901 1655 4979 ἀπόδημος
1679 4899 1791 4971 ἄπολίν
