5125 6150
1094 857 1262 912 sumus.
1707 846 1771 913 187

582 1047 629 1095 τις
663 1029 721 1087 τῶν
751 1031 932 1103 γεωμετρῶν
962 1021 1117 1102 χριίμενος
1142 1034 1339 1104 γεωμετρεῖν,
1365 1023 1447 1104 ἄξιος
1472 1026 1631 1097 οὖδενδς
1655 1026 1774 1104 μίνου

581 1129 619 1193 ἂν
651 1127 708 1200 είη.
739 1128 828 1194 Haec
860 1150 954 1194 sensu
978 1150 1079 1194 vacua
1103 1136 1178 1193 sunt
1203 1150 1235 1194 ee
1258 1130 1338 1194 olim
1363 1130 1552 1216 legebantur
1575 1131 1637 1196 alio
1661 1130 1774 1206 modo,

581 1254 658 1297 nam
688 1233 860 1298 scholiasta
892 1234 1074 1299 adnotavit:
1110 1236 1143 1297 ἐκ
1175 1234 1206 1298 δὲ
1238 1244 1293 1310 τῆς
1324 1241 1381 1298 τῶν
1406 1234 1595 1311 κυβευόντων
1618 1235 1774 1310 συνηθείας

583 1336 682 1412 ἔλαβε
715 1339 751 1400 τδ
783 1338 943 1408 οὖδενδς
975 1338 1115 1415 μόνον,
1141 1335 1215 1401 ὅταν
1240 1339 1306 1402 ε’κεῖ
1326 1339 1405 1419 πίση
1430 1340 1460 1403 ἕν
1483 1342 1524 1419 τῷ
1550 1340 1672 1422 παίζειν
1692 1331 1722 1403 ἓν
1741 1338 1776 1402 τδ

582 1443 744 1522 εἰιοίχιςον.
764 1442 837 1507 Non
856 1449 905 1508 est
927 1443 1103 1508 abiicienda
1123 1444 1199 1507 haec
1219 1443 1398 1520 adnotatio,
1421 1465 1495 1508 nam
1514 1447 1592 1508 satis
1612 1447 1776 1529 antiquam

582 1568 655 1611 eam
687 1568 755 1613 esse
785 1553 817 1612 et
849 1568 866 1612 e
896 1549 987 1612 bonis
1019 1548 1158 1612 fontibus
1188 1547 1334 1626 ductam,
1368 1555 1500 1633 apparet
1523 1570 1539 1613 e
1563 1554 1651 1614 sexto
1675 1548 1777 1613 lexico

582 1652 742 1729 Bekkeri,
774 1654 829 1717 ubi
862 1652 939 1718 haee
971 1653 1126 1738 leguntur
1149 1676 1179 1738 p.
1206 1652 1459 1729 413.8;”Αξιος
1484 1654 1549 1719 οὐδὲ
1573 1659 1682 1729 μόνον·
1707 1653 1776 1718 otest

583 1762 638 1821 τοῦ
662 1758 796 1828 οὖδενίς·
821 1755 866 1826 ἔςι
893 1757 922 1822 δὲ
947 1759 1011 1822 οὶτδ
1035 1765 1093 1822 τῶν
1118 1757 1219 1834 κύβων
1244 1758 1406 1836 είρημίνον.
1431 1759 1542 1844 ltaque
1566 1758 1658 1824 Plato
1682 1758 1779 1823 uerbo

582 1863 725 1949 quodam
756 1884 833 1927 usus
865 1871 912 1926 est
943 1883 982 1926 ex
1006 1861 1146 1927 talorum
1173 1867 1407 1928 tesserarumve
1430 1885 1491 1928 usu
1515 1867 1669 1948 repetito,
1695 1862 1779 1947 quod

581 1967 708 2033 librarii
739 1967 938 2054 negligentia
969 1972 1075 2053 periit.
1108 1967 1247 2034 Oobetus
1277 1973 1310 2033 in
1342 1970 1454 2033 Morem.
1484 1969 1571 2033 1860
1595 1991 1626 2054 p.
1651 1968 1717 2034 alo
1741 1968 1779 2033 de

581 2079 693 2138 nostro
723 2073 791 2138 loco
822 2092 937 2159 agens:
970 2072 1126 2150 Obscura,
1151 2076 1273 2158 inquit,
1299 2080 1329 2137 et
1353 2073 1510 2159 impedita
1532 2095 1581 2138 res
1605 2080 1670 2151 est,
1696 2073 1780 2138 unde

581 2198 637 2241 me
668 2199 731 2242 non
763 2181 893 2243 extrico.
918 2177 1065 2243 Fortasse
1090 2177 1264 2242 ridiculum
1290 2181 1395 2242 estin
1420 2177 1550 2243 Graecis
1574 2179 1780 2262 scriptoribus

581 2281 771 2367 intelligere
806 2281 890 2347 velle
925 2281 1046 2359 videri,
1087 2304 1167 2367 quae
1208 2282 1348 2349 Gobetus
1389 2305 1422 2348 se
1456 2287 1653 2371 investigare
1688 2305 1780 2369 posse

584 2387 747 2472 desperet;
773 2387 827 2452 sed
851 2390 1065 2472 suspicionem
1090 2409 1195 2452 meam
1219 2410 1282 2452 non
1307 2409 1469 2473 premam,
1493 2397 1529 2453 ut
1553 2389 1607 2453 alii
1631 2410 1780 2473 quaerere

584 2500 740 2578 pergant,
765 2496 793 2556 si
816 2496 884 2576 ipse
905 2496 1012 2557 minus
1032 2493 1142 2558 videar
1161 2500 1326 2558 assecutus
1346 2515 1413 2558 esse
1432 2494 1465 2557 id
1484 2495 1568 2578 quod
1588 2516 1701 2559 verum
1722 2501 1779 2558 est.

585 2598 685 2683 Apud
715 2598 871 2679 Photium
906 2600 1052 2664 invenio:
1090 2599 1218 2673 Μοίνης·
1249 2599 1343 2675 βόλος
1376 2603 1510 2677 φαῦλος.
1546 2600 1663 2663 Itidem
1695 2598 1780 2682 apud

586 2702 809 2788 Hesychium:
839 2703 970 2777 Μάνης·
994 2703 1178 2779 κυβευτικοῡ
1202 2703 1298 2780 βίλου
1322 2702 1433 2780 ὄνομα,
1457 2705 1595 2782 καίοίτερ
1619 2703 1778 2780 Εὔβουλος

585 2809 618 2870 ἐν
650 2807 827 2883 Κυβευταῖς
859 2810 1016 2886 ταρίςησι.
1047 2808 1196 2872 Eundem
1228 2807 1347 2873 Pollux
1378 2830 1503 2893 quoque
1534 2809 1645 2873 habet:
1679 2807 1779 2886 βίλων

585 2912 620 2976 δὲ
652 2908 793 2987 ίνίματα
825 2919 883 2976 τῶν
914 2914 1126 2991 plectendam
1149 2937 1183 2976 τε
1208 2914 1260 2977 καί
1286 2912 1454 2991 δνσβίλων,
1475 2914 1526 2992 ἐφ’
1551 2909 1592 2983 οίς
1617 2914 1651 2977 τδ
1676 2913 1782 2976 δυσκυ-

585 3017 668 3100 βεῑν,
693 3017 816 3095 Μίδας,
841 3018 971 3093 Μοίνης,
995 3017 1179 3103 multosque
1201 3018 1281 3083 alios
1305 3018 1470 3083 desumtos
1493 3039 1531 3083 ex
1554 3017 1690 3084 Eubulo
1723 3017 1782 3082 ast

584 3125 701 3207 utique
732 3121 908 3189 verisimile
939 3131 1063 3188 veteres
1093 3127 1324 3209 grammaticos
1347 3123 1432 3208 apud
1455 3123 1621 3188 Platonem
1646 3123 1780 3207 legisse:

586 3226 673 3303 ἄξιος
696 3229 779 3292 οὐδὲ
801 3230 928 3302 μοίνου
952 3228 991 3291 οίν
1010 3229 1053 3302 είη
1076 3238 1108 3293 et
1128 3228 1299 3315 diligenter
1320 3228 1494 3293 videndum
1514 3250 1593 3292 num
1613 3249 1648 3292 ea
1667 3227 1781 3304 lectio,

585 3354 668 3418 quae
700 3340 784 3397 certe
815 3336 955 3418 speeiem
986 3334 1099 3409 habet,
1131 3336 1229 3397 etiam
1260 3334 1387 3418 probari
1412 3333 1533 3398 debeat.
1567 3332 1629 3397 Sed
1652 3333 1782 3396 tandem

586 3442 696 3503 amoto
720 3458 911 3522 quaeremus
934 3441 1016 3502 seria
1040 3437 1127 3503 ludo.

634 3656 653 3739 ξ
678 3652 736 3720 17:
760 3654 883 3732 μεταξὺ
907 3660 961 3720 τοῦ
985 3656 1079 3731 λόγου
1104 3654 1336 3733 διαβοήσας
1362 3650 1446 3719 είτεν
1470 3654 1484 3717 ί
1508 3664 1673 3733 Χαρικλῆς.
1698 3654 1783 3719 Alio-

587 3781 669 3823 num
692 3759 823 3823 videtur
846 3763 1070 3846 participium
1097 3760 1156 3825 hoc
1178 3781 1273 3824 sensu
1298 3760 1447 3823 omnibus
1470 3759 1573 3825 dicere
1596 3765 1783 3824 consuetum

589 3870 656 3929 est:
681 3864 876 3942 ἀναβοήσας.

635 4084 653 4165 §
677 4080 733 4146 31.
769 4081 921 4167 Appellat
951 4082 1111 4147 Lucienus
1141 4087 1195 4157 τήν
1227 4083 1353 4155 ἑτήκοίν
1385 4105 1459 4146 τοτε
1492 4089 1550 4146 τῶν
1586 4088 1784 4160 Σωκρατικῶν

591 4186 694 4263 λίγων
714 4186 919 4265 τλατίνιςσν,
939 4188 1151 4262 Ἀκαδημείας
1173 4189 1224 4252 καί
1246 4188 1376 4254 Λυκείου
1397 4187 1555 4268 δένδρον
1574 4187 1783 4268 εὖτυχίςερον.

592 4290 705 4357 Nonne
728 4294 922 4376 requiritur:
948 4289 1131 4372 δίνδρωνί
1200 4380 1206 4391 ¹

638 4491 741 4577 §3l:
775 4495 855 4567 αὐτή
888 4491 968 4573 τάχ’
999 4492 1037 4558 δν
1068 4492 1169 4572 ίίστερ
1200 4496 1217 4568 ή
1248 4496 1278 4557 ἒν
1311 4492 1437 4573 Δωδώνη
1460 4493 1563 4570 Φηγδς
1589 4493 1622 4554 ἐκ
1646 4497 1704 4555 τῶν
1728 4494 1785 4570 ίρο

595 4598 717 4673 διίμνων
752 4599 835 4675 ίερὰν
869 4596 1069 4678 ἀπορρήξασα
1105 4600 1206 4676 Φωνήν
1241 4599 1311 4671 τοὺς
1348 4597 1505 4669 παιδικοὺς
1547 4597 1785 4678 εὐφήμησον

595 4700 719 4781 ίρωτας.
746 4704 942 4769 Praestabit:
968 4703 1214 4786 ίφιίμνησεν.

637 4913 739 4999 §331
778 4920 866 4982 τοῦτο
897 4916 924 4981 δ’
947 4919 1020 4993 ήμῒν
1052 4917 1205 5000 ιίτδιτῶν
1236 4912 1513 4993 ίντελεςίριιν
1543 4919 1660 4995 τεχνῶν
1692 4910 1785 4981 ίνεςιν
