5125 6150
939 826 1105 877 nrourerus
1127 827 1448 877 nsurcnuusssuusre.
1720 808 1784 876 153

601 994 720 1059 Parum
745 994 841 1059 refert
864 997 942 1059 scire
966 994 1042 1059 abbi
1066 997 1220 1080 coniungi
1243 994 1371 1073 αὖςνρθν
1394 1000 1427 1060 et
1449 993 1599 1073 αθθαθες,
1623 997 1719 1060 sicuti
1742 994 1786 1061 VI

603 1100 645 1165 24
670 1123 701 1185 p.
729 1098 815 1164 1093
840 1109 872 1165 et
894 1100 952 1165 VII
978 1098 1019 1165 27
1043 1122 1074 1186 p.
1101 1100 1205 1179 1102;
1237 1123 1321 1165 nunc
1349 1107 1458 1167 autem
1473 1100 1648 1166 'literarum
1671 1102 1787 1167 ductus
1912 1179 1913 1182 Ἴ

603 1210 707 1293 magis
737 1207 975 1272 commendant:
1008 1205 1070 1271 εἷσε
1101 1207 1244 1281 ἀτενὲς
1277 1206 1339 1273 εἴτε
1374 1207 1522 1287 αὔθαδες,
1548 1211 1644 1272 sicuti
1666 1207 1788 1294 legitur

603 1312 629 1376 V
655 1314 697 1379 72
728 1337 759 1400 p.
786 1314 886 1379 1020:
918 1314 932 1377 d
964 1314 990 1379 δ’
1014 1311 1048 1389 ἦν
1079 1315 1189 1389 ιὶσενῆς
1220 1314 1274 1378 καὶ
1300 1315 1403 1379 πολλοὶ
1429 1315 1459 1379 ἐν
1482 1313 1564 1394 μέρει
1588 1313 1728 1393 δεόμενός
1751 1336 1786 1377 σε

603 1420 654 1484 καὶ
679 1420 848 1497 ἆνσιβολῶν
872 1418 980 1488 ἕκαςον
1004 1419 1141 1486 διετέλει.

651 1637 694 1703 VI
725 1637 767 1703 39
800 1659 830 1724 p.
865 1637 968 1704 1127:
1005 1645 1155 1718 συγχωρῶ
1186 1639 1268 1719 αὐτῷ
1304 1638 1484 1721 νομίζειν
1514 1637 1592 1711 ὅστις
1625 1640 1786 1720 βούλεται.

605 1745 812 1832 Scripserim:
837 1743 1063 1824 θνομοὲζειν.

651 1947 692 2012 Vl
718 1948 759 2013 39
791 1971 821 2034 p.
849 1948 953 2013 1128:
987 1950 1096 2014 ἐκεῖνον
1120 1949 1176 2025 μὲν
1199 1950 1432 2023 ἀπήλασαν.
1458 1948 1580 2014 Tuetur
1602 1949 1683 2014 hanc
1704 1948 1789 2016 locu·

605 2058 725 2120 tionem
748 2053 887 2120 Cobetue
910 2078 940 2140 p.
964 2054 1038 2132 119,
1058 2055 1190 2121 laudato
1213 2054 1379 2121 Demosth.
1400 2055 1437 2120 dc
1456 2053 1570 2122 coron.
1592 2078 1621 2141 p.
1636 2054 1713 2133 271,
1726 2054 1786 2134 27;

605 2161 719 2227 malim
742 2168 849 2226 tamen
873 2161 1038 2246 equidem:
1063 2161 1390 2238 ἀπεδοκίμασαν.

650 2380 759 2446 11144
784 2405 814 2467 p.
842 2380 946 2445 1139:
972 2379 1141 2456 ἐψεύσασθε
1167 2381 1297 2453 ὑμεῖς.
1322 2379 1461 2466 Supple:
1487 2380 1574 2458 ὑμεῖς
1598 2380 1707 2463 (ἐμέ).

649 2598 691 2665 VI
715 2598 757 2664 48
787 2623 817 2685 p.
844 2599 942 2665 1149.
974 2599 1010 2665 In
1042 2621 1078 2665 ee
1109 2603 1300 2666 narrationis
1333 2606 1440 2685 perte,
1472 2601 1554 2664 circe
1584 2620 1681 2685 quam
1705 2621 1788 2665 nunc

604 2727 779 2783 versamur,
812 2710 906 2771 sicuti
938 2728 1034 2792 supra
1064 2706 1148 2784 dixi,
1180 2705 1285 2770 multa
1314 2708 1458 2793 graviter
1488 2712 1635 2790 corrupta
1658 2713 1734 2770 sunt
1757 2711 1789 2771 et

603 2833 696 2896 saepe
726 2823 866 2897 praestat
896 2814 1051 2878 abstinere
1082 2833 1195 2877 manus
1219 2834 1258 2877 ne
1281 2811 1420 2877 sanando
1444 2811 1577 2876 vulnera
1600 2809 1788 2877 insanabilia

604 2917 697 2995 fient;
734 2918 801 2982 vidi
833 2925 917 2983 certe
948 2919 1031 3003 apud
1065 2918 1227 2984 Iacobium
1258 2924 1308 2982 sat
1338 2919 1461 2982 crebras
1492 2921 1687 2984 coniecturas
1710 2939 1788 3004 quas

604 3023 730 3090 silentio
753 3028 925 3110 praeterire
948 3024 1063 3091 melius
1086 3025 1192 3091 fuerit.
1216 3023 1347 3110 Scopuli
1368 3030 1444 3089 eunt
1466 3022 1645 3090 multorum
1664 3024 1788 3090 naufra-

605 3133 669 3218 giis
706 3132 856 3208 infames,
901 3152 980 3217 quos
1020 3135 1135 3197 tacitus
1174 3131 1466 3217 praetemavigabo.
1503 3129 1538 3194 In
1569 3134 1672 3217 capite
1703 3136 1787 3196 certe

604 3236 687 3322 quod
723 3257 818 3321 supra
851 3237 1009 3314 indicavi,
1045 3259 1146 3302 unum
1181 3243 1308 3303 tantum
1344 3258 1482 3303 errorem
1513 3236 1631 3303 Iacobii
1660 3238 1786 3303 notabo.

605 3341 738 3407 Omissis
762 3346 868 3408 minus
892 3347 1093 3422 necessariis,
1118 3343 1235 3410 edidit:
1269 3344 1318 3408 tat
1344 3345 1415 3417 τοὺς
1434 3344 1559 3416 ὀθνείους
1584 3349 1785 3422 πολέμους

604 3450 656 3513 οὐκ
676 3450 718 3520 εἷς
739 3450 862 3527 μακρὰν
883 3451 1110 3528 ἐλευσομένους,
1131 3457 1260 3516 secutus
1278 3450 1399 3517 codices
1421 3472 1499 3535 quoe
1519 3472 1611 3537 saepe
1630 3451 1786 3530 diximus,

606 3575 705 3640 quum
736 3555 871 3642 vulgata
900 3555 994 3623 lectio
1025 3560 1085 3622 sit:
1118 3559 1355 3635 aesculeae.
1387 3555 1449 3623 Sed
1480 3562 1568 3623 totus
1597 3556 1684 3624 locus
1705 3561 1787 3624 mire

605 3662 780 3747 impeditus
803 3669 861 3727 est.

652 3864 694 3930 VI
719 3865 762 3929 50
786 3888 817 3952 p.
843 3866 940 3931 1155.
965 3865 1001 3931 Iu
1025 3870 1165 3933 oratioue
1187 3866 1330 3932 Menenii
1349 3867 1510 3954 Agrippas
1527 3869 1562 3933 in
1582 3867 1700 3934 Senatu
1720 3870 1787 3933 sine

607 3994 701 4037 sensu
731 3973 897 4038 scribitur:
930 3973 1120 4053 Καμπανίας
1151 3975 1182 4039 δὲ
1214 3974 1266 4038 καὶ
1297 3974 1464 4053 Τυρρηνίας
1488 3970 1546 4041 ὅσα
1570 3975 1786 4045 ἐνδοιαςῶς

608 4079 711 4154 ἡμῶν
743 4078 900 4159 ἀφειμένα
930 4079 1084 4158 διατελεῖ,
1110 4078 1151 4144 σὰ
1176 4079 1232 4158 μὶν
1254 4080 1289 4143 ἐκ
1314 4083 1366 4144 σοῦ
1389 4083 1521 4160 φανεροῦ
1545 4078 1720 4161 dotcetas,
1744 4077 1785 4143 aci

606 4183 633 4248 θ’
664 4186 790 4261 ἀφανῶς
822 4184 1104 4266 παρασκευάζεται.
1137 4184 1290 4250 Imitatur
1322 4183 1495 4271 Dionysius
1525 4182 1724 4248 Herodotum
1755 4188 1787 4248 et

606 4288 843 4376 Thucydidem,
877 4294 932 4375 qui
961 4291 1020 4356 hoc
1050 4291 1237 4357 adverbium
1267 4291 1353 4357 haud
1377 4289 1476 4356 semel
1499 4296 1710 4374 usurparunt,
1733 4287 1787 4354 sed

606 4397 736 4482 negatio
767 4396 873 4460 abesse
905 4417 967 4461 non
998 4396 1108 4463 debet:
1140 4396 1232 4482 quid·
1247 4399 1334 4462 enim
1356 4398 1477 4461 mirum
1500 4400 1565 4471 est,
1590 4393 1667 4458 dum
1690 4395 1788 4458 consi·

608 4500 695 4566 deret
725 4499 814 4586 plebs
844 4504 878 4564 in
908 4501 1019 4567 Monte
1049 4501 1161 4580 Sacro,
1192 4506 1224 4567 in
1255 4502 1316 4568 fide
1339 4500 1537 4568 vacillavisse
1559 4520 1628 4577 eos,
1652 4502 1684 4563 iu
1709 4518 1787 4583 quos

606 4609 741 4673 Romani
764 4609 905 4673 noudum
933 4618 1056 4675 certum
1080 4616 1259 4676 exercerent
1282 4612 1465 4695 imperium.
1490 4609 1625 4672 Prorsus
1644 4608 1786 4693 requiro:

605 4713 662 4779 ὅσα
683 4716 952 4787 eiectamenta
975 4720 1068 4792 tacu
1088 4714 1255 4793 ἀφειμένα.
1279 4716 1350 4781 Non
1371 4720 1529 4800 praestare
1548 4714 1684 4779 dixerim
1703 4712 1786 4798 quod

607 4820 825 4907 Kiesslingius
848 4826 999 4888 correxit:
1024 4818 1082 4886 ὅσα
1105 4823 1260 4894 cataracta
1287 4823 1358 4897 ἡμῖν
1383 4819 1572 4899 διακείμεθα.

1609 5053 1639 5102 11
