5125 6150
1066 832 1336 879 rnacauauonun.
1729 813 1793 878 291

603 1000 713 1063 vinam
736 999 805 1061 vim
827 996 915 1060 idem
939 995 1081 1060 Rhodius
1104 1002 1214 1080 poeta,
1244 1000 1369 1079 praeter
1392 995 1585 1081 dignitatem
1610 996 1703 1061 bodie
1726 1018 1796 1061 oon·

602 1110 763 1188 temptas,
789 1102 975 1188 depinxerat
999 1102 1173 1187 splendidis
1195 1102 1342 1167 versibus
1365 1102 1476 1166 eodem
1499 1100 1581 1167 libro
1608 1102 1711 1168 1098:

740 1210 773 1273 εἰι
798 1211 860 1287 γὰρ
885 1215 942 1280 τῆς
965 1206 1073 1282 basari
1097 1234 1131 1273 πε
1156 1206 1304 1272 θάλασσα
1328 1232 1363 1272 πε
1386 1209 1472 1273 νειόθι
1497 1232 1532 1272 πε
1557 1209 1638 1289 χθών

739 1318 830 1378 πῖιπα
854 1316 1059 1394 πεπείρανται
1086 1314 1187 1394 νιφόεν
1210 1317 1235 1379 θ’
1260 1313 1325 1386 ἕδος
1351 1314 1551 1392 Οὐλύμποιο·

741 1422 795 1484 καί
818 1421 860 1499 oi,
886 1417 931 1484 ὄπ’
956 1421 990 1499 ἐξ
1014 1421 1099 1501 ὀρέων
1123 1421 1229 1498 μέγαν
1253 1421 1375 1499 οὐρανὸν
1399 1422 1616 1504 crassabatur,

742 1529 819 1598 Ζεὺς
843 1529 937 1600 αὐτὸς
961 1527 1101 1605 Κρονίδης
1126 1527 1332 1608 ὑποχάζεται.

602 1632 695 1697 Hanc
719 1633 810 1698 deam
834 1635 947 1718 primis
970 1636 1076 1718 gentis
1100 1633 1263 1698 Romanae
1288 1634 1466 1718 originibus
1489 1633 1645 1710 adfuisse,
1670 1638 1799 1720 etpost

603 1738 729 1804 saecula
749 1742 888 1824 quinque
907 1741 1011 1824 ipsam
1031 1740 1092 1804 sibi
1112 1739 1232 1804 Romam
1252 1742 1432 1824 poposcisse
1452 1739 1576 1816 sedern,
1596 1741 1644 1803 ita
1663 1738 1798 1806 Ovidius

603 1866 731 1910 narrare
754 1848 879 1930 pergit:

648 1951 712 2015 251
739 1949 823 2017 Cum
846 1951 977 2016 Troiam
1001 1952 1123 2016 Aeneas
1146 1950 1243 2016 Italos
1267 1955 1409 2036 portaret
1432 1953 1465 2015 in
1490 1972 1604 2037 agros,

784 2063 832 2122 est
855 2058 913 2122 dea
936 2058 1100 2122 sacriferas
1124 2079 1223 2143 paene
1246 2065 1355 2123 secuta
1378 2064 1479 2135 rates;

740 2162 793 2227 sed
817 2163 960 2227 nondum
983 2163 1058 2227 fatis
1081 2162 1174 2227 Latio
1197 2184 1255 2227 sua
1277 2165 1411 2227 numina
1434 2165 1520 2247 posci

783 2275 924 2334 senserat
947 2269 1089 2333 adsuetis
1113 2271 1361 2353 substiteratque
1385 2267 1474 2333 loeis.

649 2374 715 2438 255
739 2375 834 2453 Post,
859 2382 897 2439 ut
918 2375 1020 2440 Roma
1043 2382 1155 2459 potens
1178 2377 1294 2459 opibus
1317 2377 1382 2440 iam
1407 2374 1532 2440 saecula
1555 2378 1696 2461 quinque

785 2481 868 2545 vidit
891 2486 924 2545 et
946 2481 1087 2546 edomito
1111 2480 1243 2546 sustulit
1268 2481 1341 2546 orbe
1366 2495 1479 2565 caput,

739 2589 890 2651 carminis
913 2586 1047 2651 Euboici
1071 2586 1179 2652 fatalia
1201 2588 1299 2652 verba
1323 2586 1466 2652 sacerdos

782 2695 912 2777 inspicit
920 2712 928 2769 ;
953 2695 1133 2777 inspectum
1157 2692 1220 2758 tale
1244 2693 1342 2756 tuisse
1366 2693 1490 2756 serunt:

739 2797 867 2875 „Mater
890 2798 995 2874 ab'est,
1020 2798 1161 2863 Matrem
1183 2799 1296 2875 iubeo,
1320 2797 1463 2862 Romane
1486 2800 1647 2883 requiras,

649 2901 715 2967 260
784 2925 858 2968 cum
881 2905 988 2967 veniet
1011 2908 1098 2967 casta
1120 2910 1169 2968 est
1191 2903 1374 2988 accipienda
1396 2903 1529 2968 manu”.

738 3009 896 3074 Obscurae
919 3012 1012 3074 sortis
1035 3014 1141 3095 patres
1165 3010 1356 3096 ambagibus
1381 3016 1503 3086 errant,

782 3137 904 3202 quaere
927 3137 1042 3201 parens
1065 3117 1165 3194 absit,
1191 3138 1295 3201 quove
1318 3117 1453 3202 petenda
1477 3115 1555 3181 loco.

736 3220 922 3288 Consulitur
946 3223 1066 3300 Paean,
1093 3222 1254 3299 „Divom”
1279 3244 1341 3307 que
1366 3224 1538 3300 „accersite
1562 3222 1725 3288 Matrem''

780 3332 904 3414 inquit,
930 3331 984 3406 „in
1008 3327 1102 3393 Idaeo
1125 3336 1174 3395 est
1195 3328 1387 3393 invenienda
1408 3327 1521 3414 iug0’'.

647 3434 712 3499 265
736 3434 916 3498 Mittuntur
938 3455 1091 3519 proceres.
1116 3435 1280 3520 Phrygiae
1305 3438 1380 3498 tunc
1404 3441 1530 3518 sceptra
1553 3436 1681 3500 tenebat

782 3539 929 3605 Attalus:
955 3542 1107 3605 Ausoniis
1130 3562 1198 3605 rem
1222 3548 1319 3626 negat
1343 3539 1399 3605 ille
1423 3543 1512 3605 viris.

735 3646 821 3711 Mira
844 3666 972 3711 canam:
998 3646 1095 3732 longo
1119 3649 1253 3710 tremuit
1276 3668 1350 3711 cum
1373 3668 1542 3712 murmure
1567 3646 1679 3726 tellus,

782 3758 815 3816 et
839 3755 884 3816 sic
907 3758 956 3817 est
979 3751 1085 3837 adytis
1110 3752 1185 3817 diva
1207 3751 1315 3816 locuta
1338 3754 1422 3816 suis:

737 3858 829 3942 „Ipsa
853 3860 920 3942 peti
943 3857 1050 3934 volui;
1076 3879 1114 3921 ne
1137 3861 1180 3921 sit
1203 3879 1311 3933 mora,
1337 3860 1432 3923 mitte
1456 3857 1633 3938 volentem

646 3961 712 4028 270
782 3964 899 4049 dignus
923 3963 1025 4028 Roma
1048 3963 1153 4040 loeus,
1179 3985 1241 4049 quo
1261 3963 1340 4028 deus
1362 3966 1465 4029 omnis
1489 3964 1572 4029 eat’'.

735 4069 794 4134 1119
816 4072 884 4135 soni
907 4077 1025 4135 terrore
1048 4088 1183 4154 pavens:
1209 4070 1467 4147 „Proficiscere’',
1491 4068 1590 4147 dixit,

782 4182 910 4253 „nostra
933 4179 1013 4240 eris:
1037 4179 1071 4240 in
1095 4176 1257 4262 Phrygios
1280 4176 1383 4240 Roma
1405 4176 1543 4240 refertur
1565 4175 1674 4240 avos”.

595 4279 687 4359 Nihil
719 4281 779 4345 hoc
804 4284 945 4345 carmine
970 4281 1120 4346 disertius
1144 4287 1202 4346 est.
1227 4281 1377 4345 Primum
1401 4282 1545 4345 subtecto
1568 4286 1601 4345 91
1623 4301 1680 4346 suo
1703 4302 1793 4347 more

595 4389 761 4452 obscurius
795 4387 871 4451 libri
906 4386 1018 4452 fatales
1053 4387 1193 4453 Matrem
1229 4390 1345 4453 arcessi
1378 4388 1499 4452 iubent.
1543 4385 1579 4450 In
1621 4407 1655 4451 re
1695 4387 1792 4451 dubia

594 4492 780 4579 Apollinem
802 4493 961 4578 Pythium
981 4494 1165 4560 adeundum
1186 4501 1314 4560 censent
1333 4493 1596 4575 Quindecimviri.
1619 4492 1705 4558 Deus
1723 4499 1791 4557 tam

594 4599 679 4665 clare
710 4602 898 4684 pronuntiat
926 4602 960 4663 in
992 4606 1100 4664 monte
1129 4600 1223 4666 Idaeo
1251 4622 1322 4665 eam
1354 4621 1421 4664 esse
1452 4598 1665 4683 quaerendam
1697 4605 1730 4664 91
1756 4601 1790 4663 in

594 4705 654 4770 hac
686 4727 719 4769 re
750 4705 909 4770 auxilium
941 4706 979 4770 ab
1011 4705 1120 4771 Attalo
1143 4728 1210 4772 esse
1234 4704 1426 4791 petendum,
1450 4710 1488 4769 ut
1511 4704 1679 4769 dubitandi
1702 4703 1791 4770 locus

595 4833 660 4876 non
691 4817 755 4876 rest
776 4820 799 4875 1.
825 4849 868 4860 -
892 4812 966 4877 Huc
997 4834 1098 4897 usque
1130 4813 1237 4876 omnia
1260 4810 1332 4875 lnce
1355 4817 1429 4875 sunt
1453 4811 1597 4876 clariora.
1622 4810 1685 4876 Sed
1708 4833 1790 4897 quae

594 4922 775 5002 sequuntur
793 4939 829 4984 ea
848 4918 994 4996 Ovidius,
1015 4924 1117 4983 cetera
1128 4918 1235 4983 omnia
1246 4918 1352 5003 magis
1363 4939 1459 5003 quam
1471 4916 1615 4983 locorum
1626 4920 1789 4983 notionem
