5125 6150
657 865 659 869 ’
766 843 787 909 2
1180 849 1356 905 ΝΑΡΔΟΣ
1381 847 1569 904 ΠΙΣΤΙΚΗ.

766 1025 828 1092 ἰδοὺ
863 1026 941 1103 γυνὴ
977 1022 1043 1099 ἥτις
1075 1021 1109 1096 ἦν
1141 1023 1171 1086 ἐν
1201 1032 1239 1103 τῇ
1271 1022 1360 1087 πόλει
1393 1022 1597 1100 οἱααρτοῦσα,
1630 1021 1681 1086 καί
1715 1022 1885 1099 ἐπιγνοῦσα
1909 1019 1955 1084 ότι

767 1132 953 1199 κατάκειται
978 1132 1007 1194 ἐν
1031 1141 1069 1210 τῇ
1094 1131 1173 1213 οἰκία
1197 1135 1249 1194 τοῦ
1272 1131 1457 1207 Φαρισαίου,
1479 1130 1636 1204 κομίσασα
1658 1128 1841 1206 αλοίβαςρον
1860 1128 1957 1205 μύρον

766 1240 819 1303 καί
852 1243 939 1307 ςᾶσα
969 1238 1064 1301 όπίσιο
1096 1240 1183 1313 παρόν
1215 1235 1283 1305 τοὺς
1310 1236 1409 1306 πόδας
1433 1237 1528 1299 αὑτοῦ
1553 1237 1704 1299 κλαίουσα
1729 1244 1791 1307 τοῖς
1815 1232 1959 1313 διίκρνσιν

767 1344 878 1426 ἤρξατο
911 1344 1038 1423 βρέχειν
1072 1342 1143 1413 τοὺς
1178 1342 1274 1412 πόδας
1307 1343 1402 1405 αὐτοῦ
1434 1342 1486 1404 καί
1517 1350 1587 1412 ταῖς
1620 1341 1710 1420 ίριξίν
1733 1349 1789 1415 τῆς
1812 1348 1957 1418 κεφαλῆς

767 1453 866 1523 αὐτῆς
890 1448 1051 1526 ἐξέμαξεν,
1083 1448 1134 1511 καί
1161 1449 1327 1525 κατεφίλει
1352 1447 1421 1518 τοὺς
1446 1446 1545 1518 πόδας
1569 1448 1662 1511 αὑτοῦ
1687 1447 1738 1510 καί
1764 1446 1891 1523 ἤλειφεν
1914 1446 1957 1526 τῷ

766 1558 860 1635 μόρῳ.
889 1555 982 1619 Haud
1005 1576 1070 1619 uno
1093 1556 1220 1618 nomine
1244 1559 1292 1617 est
1315 1552 1464 1618 notabilis
1487 1554 1564 1617 haec
1588 1552 1717 1618 traditio
1742 1559 1774 1617 et
1796 1554 1960 1637 imprimis

766 1683 819 1727 me
850 1661 1057 1726 adverterunt
1088 1659 1160 1724 Iesu
1191 1660 1288 1724 verba
1319 1659 1358 1723 ad
1388 1659 1553 1723 Simonem
1575 1659 1801 1724 Pharisaeum:
1825 1660 1958 1735 βλέπεις

767 1769 885 1839 ταύτην
917 1771 971 1838 τὴν
1002 1773 1156 1844 γυναῖκα,
1189 1764 1326 1838 είσῆλόόν
1357 1788 1409 1828 σου
1442 1765 1483 1835 είς
1517 1766 1571 1839 τὴν
1600 1766 1707 1842 οἰκίαν,
1732 1762 1805 1840 ὕδωρ
1829 1787 1879 1840 μοι
1905 1763 1958 1825 ἐπὶ

767 1874 838 1945 τοὺς
861 1872 958 1943 πόδας
983 1871 1079 1953 [οὐκ]
1104 1868 1235 1947 ἔδωκας,
1260 1866 1340 1944 αὕτη
1366 1869 1398 1934 δὲ
1422 1878 1484 1941 τοῖς
1510 1869 1651 1948 δάκρυσιν
1677 1869 1783 1948 ἔβρεξό
1806 1893 1865 1944 μου
1885 1868 1959 1939 τοὺς

768 1979 866 2050 πόδας
891 1978 942 2042 καί
967 1984 1036 2047 ταῖς
1062 1975 1152 2055 όριξὶν
1178 1977 1274 2047 αὐτῆς
1296 1974 1456 2053 ἐξέμαξεν.
1478 1976 1608 2053 φίλναοί
1628 2000 1678 2052 μοι
1705 1978 1801 2058 [οὐκ]
1825 1974 1958 2052 ἔδωκας,

767 2084 846 2159 αὕτη
880 2084 911 2148 δὲ
943 2085 1003 2161 ἀφ’
1033 2078 1065 2157 ἧς
1099 2083 1286 2154 είσιῑλόον
1316 2082 1385 2160 (sed
1417 2080 1515 2146 malo:
1540 2083 1742 2155 εἰσῆλθεν)
1766 2083 1798 2145 οὐ
1821 2081 1958 2146 διέλειπε

767 2190 992 2268 καταφιλοῦσα
1026 2211 1086 2262 μου
1120 2187 1190 2258 τοὺς
1227 2187 1335 2258 πόδας.
1370 2190 1464 2266 ἐλαίῳ
1499 2190 1553 2258 τὴν
1590 2191 1733 2265 κεφαλήν
1764 2211 1823 2264 ριοο
1859 2189 1958 2270 [οὐκ]

767 2297 920 2373 ἤλειψας,
944 2293 1024 2366 αὕτη
1050 2293 1080 2357 δὲ
1103 2291 1186 2371 μόριρ
1210 2291 1320 2372 ἤλειψό
1344 2316 1401 2367 μου
1425 2293 1494 2362 τοὺς
1519 2293 1636 2370 πόδας,
1661 2315 1735 2359 ιιιιιιι
1761 2300 1852 2359 teneo
1872 2293 1960 2378 qnod

766 2400 914 2469 contendi
944 2400 1056 2463 Μαεα.
1091 2397 1175 2462 1881
1208 2419 1238 2482 p.
1264 2397 1331 2462 283
1362 2404 1411 2463 ter
1442 2397 1617 2464 tollendam
1642 2421 1710 2464 esse
1732 2402 1958 2485 negationem,

766 2529 847 2594 quae
878 2506 979 2571 stulto
1000 2504 1205 2568 librariorum
1227 2503 1348 2568 iudicio
1373 2524 1406 2569 se
1428 2507 1462 2567 in
1486 2503 1620 2569 Sacrum
1644 2502 1794 2570 Codicem
1818 2508 1960 2570 insinua·

765 2617 859 2679 verit.
891 2611 976 2691 Quid
1007 2606 1115 2675 enim?
1139 2608 1234 2675 Certa
1258 2616 1331 2673 aunt
1357 2608 1459 2674 officia
1482 2631 1562 2694 quae
1586 2613 1773 2676 convivator
1796 2620 1959 2695 praestare

766 2720 859 2785 debet
886 2721 927 2782 iis
949 2737 1028 2801 quos
1050 2717 1206 2780 invitavit
1229 2716 1268 2780 ad
1292 2736 1439 2792 coenam;
1466 2717 1543 2781 haec
1566 2717 1656 2781 nobis
1679 2716 1854 2802 philologis
1878 2720 1959 2781 satis

765 2830 842 2890 nota
872 2828 963 2901 sunt;
1000 2822 1055 2887 sed
1085 2824 1227 2905 comperi
1258 2823 1440 2886 etiamnunc
1472 2843 1538 2887 esse
1568 2825 1652 2887 inter
1683 2821 1866 2907 theologos,
1899 2825 1958 2907 qni

765 2931 990 2997 addubitaront
1014 2948 1094 3011 quae
1116 2930 1223 2991 minus
1246 2930 1480 3013 cognovissent.
1506 2928 1635 3012 Siquis
1659 2949 1755 3011 quem
1774 2928 1893 3005 adiret,
1919 2934 1959 2992 ut

764 3035 961 3123 intelligeret
991 3054 1025 3098 se
1055 3035 1156 3098 amari
1186 3036 1219 3098 at
1248 3033 1428 3098 iucundum
1459 3034 1620 3119 hospitem
1650 3034 1775 3112 adessa,
1807 3034 1958 3100 dominus

763 3165 838 3208 eum
873 3139 980 3207 osculo
1016 3139 1210 3224 excipiebat;
1248 3161 1312 3204 non
1351 3147 1468 3205 contra.
1500 3140 1574 3204 Feci
1605 3141 1688 3225 quod
1718 3144 1810 3226 potui
1834 3147 1871 3205 ut
1894 3142 1956 3207 hoc

762 3248 935 3314 lectoribus
965 3244 1189 3331 persuaderem
1218 3246 1330 3310 dinem.
1358 3245 1445 3310 1888
1477 3269 1508 3331 p.
1535 3246 1587 3310 35.
1620 3246 1728 3311 Veluti
1760 3252 1797 3311 ut
1821 3269 1860 3312 ex
1883 3250 1956 3333 ipso

761 3354 854 3419 Novo
883 3351 1088 3416 Testamenta
1118 3349 1227 3414 locum
1257 3353 1412 3427 excitem,
1444 3355 1500 3435 qui
1531 3351 1642 3416 eodem
1673 3355 1828 3436 pertinet:
1858 3352 1955 3418 ludas

761 3457 930 3532 Iscariota,
954 3455 1073 3520 Matth.
1097 3453 1204 3518 XXVI
1230 3455 1283 3531 48,
1308 3455 1501 3520 satellitibus
1526 3455 1616 3520 ἔδακε
1642 3465 1808 3533 σκριεῖον
1833 3457 1953 3535 λόγων·

763 3560 794 3627 ὃν
827 3561 864 3625 οἰν
895 3562 1018 3640 φιλήσω
1048 3560 1141 3630 αὑτός
1167 3560 1244 3627 ἒςιν·
1270 3564 1448 3639 κρατήσατε
1474 3562 1578 3626 αὐτόν.
1611 3561 1724 3627 Fiebat
1746 3563 1806 3627 hoe
1829 3571 1956 3648 praeter

762 3674 929 3753 receptum
951 3687 1076 3731 morem
1099 3667 1208 3749 itaque
1231 3675 1357 3742 σημεῖον
1379 3673 1456 3732 erat.
1481 3667 1553 3752 lpse
1572 3667 1677 3744 Iesus,
1699 3670 1774 3752 quia
1793 3668 1889 3733 ludas
1909 3673 1956 3734 in·

763 3775 874 3839 decore
898 3772 1044 3838 osculum
1063 3774 1151 3857 prior
1168 3778 1334 3857 rapuerat,
1355 3794 1429 3837 enm
1449 3775 1590 3858 accipere
1609 3773 1787 3838 debuisset:
1810 3773 1955 3855 Ἑταῖρε,

761 3882 885 3965 iuquit,
921 3880 973 3958 ἐφ’
1004 3870 1018 3941 δ
1049 3881 1158 3957 ποίρει,
1192 3900 1249 3943 nec
1280 3879 1362 3943 forre
1392 3886 1517 3964 pot-erat
1540 3883 1761 3964 importunum
1785 3881 1953 3947 hominem

760 3985 936 4051 inciviliter
958 3983 1159 4049 familiarem.
1183 3984 1253 4049 Hoc
1273 3986 1424 4069 estquod
1443 3991 1597 4071 tanquam
1615 4009 1654 4052 ne
1673 3990 1802 4052 nomine
1821 3989 1955 4073 quidem

762 4097 874 4157 uotum
896 4088 1038 4174 appellat
1056 4110 1131 4154 eum
1151 4090 1276 4168 ἑταῖρον.
1298 4090 1381 4155 Item
1402 4090 1440 4155 de
1459 4091 1571 4157 Iacobo
1590 4092 1775 4157 Patriarcha
1794 4091 1953 4179 legimus:

763 4196 816 4262 καὶ
840 4194 1061 4274 προσεκύνησεν
1082 4194 1132 4259 ἐπί
1153 4195 1207 4267 τὴν
1227 4204 1288 4271 γῆν
1310 4193 1459 4276 ἕπτοίκις,
1479 4195 1531 4270 ἕως
1553 4203 1607 4262 τοῦ
1628 4199 1755 4275 ἐγγίσαι
1770 4201 1811 4277 τῷ
1823 4199 1955 4280 οὶδελφῷ

762 4306 868 4370 αὐτοῦ.
894 4301 953 4366 Καί
979 4300 1186 4381 προσέδραμεν
1209 4303 1310 4366 Ἠσαῦ
1332 4305 1373 4374 είς
1396 4303 1576 4379 σονοόντιρσιν
1597 4306 1680 4383 αὐτῷ
1701 4304 1753 4368 καί
1776 4307 1956 4383 περιλαβὼν

763 4411 857 4474 αὐτὸν
880 4407 1066 4486 προσέπεσεν
1091 4407 1141 4471 ε’πί
1166 4409 1218 4473 τόν
1240 4407 1398 4489 τράχηλον
1421 4412 1516 4474 αὑτοῦ
1542 4409 1593 4473 καί
1614 4410 1826 4490 κατεφίλησεν
1846 4411 1954 4478 αὐτόν.

762 4515 833 4580 Ηοο
857 4520 957 4590 recte,
984 4534 1060 4577 nam
1083 4516 1279 4579 contrarium
1302 4537 1364 4580 non
1387 4518 1495 4579 minus
1518 4516 1631 4580 fuisset
1655 4516 1830 4580 absurdum
1855 4538 1955 4601 quam

763 4623 790 4686 si
819 4622 892 4704 quis
923 4621 1011 4704 prior
1040 4617 1270 4704 Imperatorem
1293 4620 1475 4686 Romanum
1498 4621 1654 4687 voluisset
1677 4621 1814 4687 osculari
1837 4630 1869 4688 et
1893 4623 1956 4690 Do

762 4727 917 4790 mitianus
940 4724 1125 4811 Agricolam
1145 4747 1184 4790 ex
1203 4726 1369 4791 Britannia
1389 4749 1555 4793 reversum
1574 4729 1666 4794 brevi
1684 4728 1793 4793 osculo
1812 4733 1955 4814 excepit,

761 4853 824 4896 non
854 4830 1004 4916 Agricola
1034 4830 1267 4896 Domitianum.
1299 4832 1359 4897 Sed
1384 4833 1462 4917 quid
1485 4833 1632 4918 pluribus
1656 4856 1736 4919 opus
1760 4832 1827 4899 est?
1852 4834 1955 4902 Vetus

761 4936 897 5001 historia
919 4936 1013 5021 plena
1036 4942 1085 5002 est
1106 4936 1338 5022 exemplorum.
1363 4938 1519 5004 Adstabat
1541 4945 1703 5026 praeterea
1721 4939 1887 5008 lavacrum
1908 4980 1952 4992 -
