5125 6150
1104 806 1271 854 sonemus.
1714 785 1776 851 101

639 969 709 1047 „Er
731 971 819 1035 hatte
842 970 948 1035 nichts
972 992 1010 1034 ru
1033 968 1167 1035 sohaffen
1191 971 1252 1034 mit
1276 968 1336 1034 den
1359 968 1550 1056 altadeligen
1571 968 1688 1035 Manlii
1706 967 1782 1033 Tor-

591 1079 701 1161 quati,
737 1077 818 1142 anch
853 1077 959 1142 nichts
993 1079 1054 1140 mit
1085 1076 1207 1141 Nonius
1237 1076 1397 1160 Asprenas
1428 1075 1606 1161 Torquatus
1638 1074 1780 1153 (Sueten.

595 1184 680 1269 Aug.
705 1181 772 1262 43),
798 1189 949 1247 stammte
973 1180 1130 1248 vielmehr
1153 1203 1210 1247 aus
1229 1184 1317 1247 einer
1336 1181 1421 1247 alten
1441 1180 1687 1260 Ritterfamilie,
1708 1182 1783 1245 ledte
1838 1174 1843 1182 ’

591 1288 744 1371 splendid,
769 1288 882 1353 boland
905 1289 973 1354 sich
996 1288 1062 1354 also
1085 1291 1118 1352 in
1140 1295 1241 1374 gnten
1264 1287 1532 1353 Verhiltnissen.’'

636 1393 761 1474 Quibus
783 1415 842 1480 ego
862 1394 954 1459 lectis
974 1394 1190 1471 exsultabam,
1212 1395 1366 1480 putabam
1384 1397 1470 1459 enim
1488 1393 1574 1458 idem
1594 1393 1678 1480 quod
1698 1394 1780 1459 mihi

592 1499 752 1565 Muellaro
774 1503 807 1564 in
833 1507 975 1567 mentem
998 1503 1140 1577 venisse,
1165 1506 1198 1564 et
1217 1520 1345 1565 mecum
1363 1503 1480 1564 tacitus
1499 1503 1619 1585 optima
1639 1521 1779 1586 quaeque

591 1606 641 1671 illi
672 1608 822 1693 precabar
853 1610 909 1694 qui
939 1614 1011 1673 ante
1042 1629 1094 1672 me
1125 1627 1235 1672 meum
1266 1612 1322 1672 aut
1344 1608 1516 1672 invenisset
1539 1615 1595 1671 aut
1618 1613 1700 1672 certe
1724 1628 1779 1692 pu-

592 1713 669 1779 blici
700 1714 824 1778 fecisset
857 1716 945 1778 iuris.
978 1715 1020 1778 At
1049 1734 1121 1798 pars
1151 1712 1293 1778 laetitiae
1316 1713 1397 1778 mihi
1421 1713 1613 1799 eripiebatur
1634 1715 1675 1778 iis
1698 1733 1778 1798 quae

591 1820 628 1885 ad
654 1826 800 1884 nostrum
824 1842 954 1886 versum
977 1826 1127 1885 annotata
1150 1818 1315 1884 videbam:

636 1927 820 2008 „splendida
842 1926 987 1990 arbitria:
1010 1926 1095 1991 lrann
1116 1924 1217 1990 wodor
1237 1928 1288 1990 ein
1308 1925 1360 1989 fiir
1379 1924 1558 2011 Torquatus
1577 1926 1778 1991 schmeichel·

591 2032 696 2097 haftes
727 2031 854 2096 Urtheil
885 2031 938 2096 des
968 2032 1075 2097 Minos
1099 2030 1272 2108 bedenten,
1302 2030 1341 2096 da
1364 2031 1411 2095 M.
1431 2035 1465 2118 ja
1487 2032 1563 2096 eben
1586 2038 1700 2118 gesagt
1722 2031 1779 2096 hat

591 2141 653 2202 mit
676 2137 751 2202 dem
774 2135 858 2201 Tode
882 2140 926 2201 sei
950 2136 1038 2202 Alles
1062 2158 1136 2215 ans,
1161 2137 1241 2201 noch
1263 2157 1324 2224 gar
1346 2136 1462 2202 darauf
1478 2136 1580 2223 gehen
1604 2137 1674 2202 dass
1697 2137 1777 2202 nach

590 2245 715 2311 Homer
746 2243 853 2308 Minos
884 2246 934 2308 ain
964 2241 1113 2330 goldenes
1144 2242 1273 2329 Scepter
1303 2243 1392 2308 hatte
1407 2242 1442 2323 ¹),
1473 2243 1605 2308 sondern
1628 2244 1779 2309 bedentet

590 2355 700 2417 seinen
723 2351 913 2416 berrihmten
937 2348 1194 2434 Schiedsspmch.
1226 2347 1268 2413 So
1292 2349 1377 2414 stebt
1399 2350 1576 2432 splendidos
1599 2350 1645 2415 ott
1667 2371 1778 2437 ganug

590 2459 672 2523 auch
704 2457 755 2522 bei
778 2457 893 2521 Horas.
920 2455 991 2541 Vgl.
1016 2454 1072 2533 IH,
1100 2454 1151 2531 16,
1165 2454 1207 2519 25
1233 2463 1412 2537 contemptos
1433 2456 1568 2520 dominus
1590 2457 1778 2538 splendidior

593 2565 649 2627 rei.
673 2562 778 2647 Epist.
803 2561 843 2639 II,
871 2563 899 2639 1,
913 2560 978 2626 236
999 2562 1020 2626 f.
1047 2599 1089 2610 -
1113 2558 1265 2626 Gemeint
1283 2561 1353 2626 sind
1372 2562 1422 2633 die
1442 2562 1637 2627 zahlreichen
1658 2562 1775 2628 Fabeln

590 2668 647 2734 der
671 2667 802 2734 Dichter
825 2689 887 2733 von
910 2669 1099 2733 beriihmten
1123 2666 1353 2754 Belohnungen
1377 2667 1451 2733 oder
1474 2667 1617 2746 Strafen,
1642 2669 1692 2734 die
1714 2669 1776 2733 Mi·

593 2797 650 2840 nos
677 2774 785 2861 jedem
817 2775 895 2839 nach
925 2775 1086 2840 verdienst
1116 2773 1313 2861 ausgetheilt
1343 2775 1444 2841 haben
1467 2774 1567 2840 sollte.
1591 2774 1673 2840 Zum
1695 2776 1776 2841 Aus-

589 2880 692 2945 druck
724 2880 905 2966 vergleiche
935 2901 1009 2945 man
1033 2881 1115 2945 noch
1137 2880 1260 2945 Ennius
1283 2880 1358 2946 Fab.
1384 2879 1425 2946 35
1449 2880 1604 2946 iudicavit
1625 2877 1775 2946 inclitum

589 2986 751 3052 iudicium
773 2988 856 3050 inter
880 2985 951 3051 deas
975 2989 1032 3050 tris
1056 2985 1181 3071 uliquis.
1206 2985 1241 3053 Ο.
1266 2986 1291 3064 Ι,
1313 2987 1343 3065 4,
1360 2986 1400 3051 16
1424 2986 1611 3074 fabulaeque
1633 2988 1775 3053 manes.’'

636 3093 759 3173 Quibus
781 3092 856 3158 licet
878 3096 998 3179 optimc
1020 3094 1178 3158 refutetur
1201 3099 1250 3172 (ut
1270 3115 1372 3159 unum
1392 3098 1568 3174 nominem)
1588 3095 1777 3181 Kiesslingii

588 3202 770 3266 annotatio:
803 3199 892 3289 „Den
922 3199 1068 3264 beredtan
1101 3198 1294 3265 Saohwalter
1325 3199 1378 3266 des
1402 3201 1538 3266 Fornms
1561 3202 1651 3266 fiihrt·
1672 3201 1776 3267 Horas

588 3309 623 3371 in
656 3305 710 3370 das
743 3304 903 3370 feierliche
935 3302 1067 3371 Gericht
1099 3305 1177 3369 iiber
1206 3304 1257 3371 die
1288 3304 1406 3383 Toten,
1437 3310 1470 3371 in
1494 3306 1644 3373 walchem
1668 3309 1775 3374 Minos

589 3412 637 3477 als
670 3412 800 3477 Richter
830 3414 937 3477 seinan
968 3411 1196 3497 Wahlspruch,
1222 3411 1277 3477 der
1299 3412 1459 3478 natiirlich
1485 3413 1682 3500 „glinzend”
1707 3436 1776 3481 ans

589 3517 687 3583 fallen
718 3517 814 3595 wird,
847 3518 924 3583 iiber
953 3519 1010 3582 ibn
1041 3518 1209 3603 abgiebt,''
1241 3521 1311 3603 ipsa
1341 3526 1449 3585 tamen
1479 3520 1615 3586 traditae
1644 3520 1774 3586 lectioni

591 3623 728 3690 tuendae
763 3627 897 3689 minime
932 3631 1006 3689 sunt
1036 3623 1157 3689 idonea.
1195 3623 1242 3689 De
1272 3623 1342 3690 loco
1374 3623 1409 3692 0.
1442 3625 1497 3704 III,
1524 3625 1576 3704 16,
1590 3626 1633 3691 25
1664 3630 1774 3692 statim

592 3731 707 3795 dicam.
731 3729 816 3795 Illud
830 3731 1020 3818 fabulaeque
1042 3754 1140 3795 mones
1159 3730 1221 3795 huc
1241 3752 1304 3795 non
1324 3731 1415 3809 facit;
1442 3732 1544 3817 Epist.
1566 3732 1607 3811 Π,
1631 3735 1659 3811 1,
1674 3732 1739 3798 236
1752 3733 1773 3797 f.

591 3838 650 3902 ubi
672 3836 793 3922 legitur

772 3942 834 4007 Sed
858 3941 960 4007 veluti
984 3948 1118 4007 tractata
1141 3948 1249 4039 notam
1273 3942 1441 4029 labemque
1466 3948 1635 4010 remittunt

773 4049 976 4124 Atramenta,
1001 4048 1066 4114 fere
1089 4051 1258 4135 scriptores
1282 4053 1421 4116 carmine
1444 4051 1535 4118 foedo

772 4152 944 4239 Splendida
967 4153 1051 4219 facta
1072 4154 1196 4231 linunt,

589 4284 653 4327 non
686 4260 790 4325 solum
821 4259 904 4325 illud
933 4260 1093 4342 splendido
1123 4263 1265 4347 imagine
1297 4262 1478 4327 defenditur
1501 4283 1563 4347 qua
1585 4261 1776 4338 illustratur,

589 4367 646 4433 sad
677 4366 769 4452 plane
801 4369 975 4431 necessaria
1006 4387 1043 4432 ea
1073 4388 1136 4432 vox
1166 4367 1218 4432 hic
1249 4378 1314 4444 ast,
1338 4368 1496 4453 siquidem
1520 4376 1613 4452 poeta
1636 4367 1688 4431 bic
1711 4389 1778 4431 cere

589 4472 754 4558 splendida
775 4474 871 4560 sacto
904 4474 1040 4559 cogitat,
1064 4475 1085 4537 i.
1099 4494 1124 4537 e.
1152 4494 1218 4549 res,
1244 4494 1324 4558 quae
1348 4472 1549 4559 splendorem
1572 4470 1706 4537 afferunt
1729 4475 1775 4549 ei,

589 4603 608 4646 a
645 4600 708 4664 qno
743 4590 852 4665 gestae
884 4583 967 4644 sunt.
1004 4577 1128 4645 Paridis
1160 4578 1293 4664 deniqne
1324 4579 1482 4645 iudicium
1511 4579 1647 4642 inclitum
1670 4581 1776 4644 vocari

625 4841 649 4899 l)
668 4838 766 4886 Seriane
783 4837 828 4885 boc
845 4836 873 4884 rb
891 4837 971 4901 aliquo
989 4842 1175 4886 commentatore
1191 4838 1299 4885 dictum?
1321 4837 1364 4884 Vir
1386 4837 1509 4895 credibile,
1528 4839 1566 4885 sed
1582 4838 1700 4885 Muellero
1715 4839 1780 4887 affir-

590 4923 669 4973 manti
687 4921 744 4969 fides
761 4919 873 4969 hebenus.
892 4921 955 4986 Quid
973 4936 1029 4983 ergo
1048 4922 1144 4985 posthac
1161 4920 1298 4970 illustrandi
1316 4937 1384 4967 causa
1402 4926 1516 4969 annotare
1533 4920 1680 4969 vetabimuri
