5125 6150
975 834 1016 879 nn
1041 830 1269 880 snrsroramus
1293 831 1382 880 nvos.
1701 812 1764 877 447

577 997 676 1060 ιιιῖιαι
708 998 812 1061 lueres.
849 996 910 1062 Sed
940 999 1043 1061 nescio
1076 995 1233 1080 quomodo
1264 994 1442 1081 complures
1472 995 1608 1060 editores
1639 998 1673 1058 in
1704 993 1768 1058 alia

579 1106 691 1170 omnia
714 1104 800 1168 abire
825 1102 1017 1168 maluerunt.
1043 1103 1185 1183 Quorum
1210 1108 1285 1167 sunt
1309 1104 1364 1188 qui
1387 1108 1458 1189 post
1482 1101 1597 1172 ἀδικεῖς
1622 1100 1654 1166 δέ
1673 1104 1769 1164 inter·
1802 1126 1806 1131 ·

581 1216 746 1297 pungant,
778 1210 915 1275 Dindorf
942 1217 1049 1275 autem
1084 1209 1186 1274 ἀδικεῖ
1211 1210 1242 1274 δὲ
1265 1209 1459 1295 proponebat
1481 1210 1609 1295 ingenio
1634 1209 1767 1285 abusus;

581 1316 699 1383 collato
730 1319 885 1381 nimirum
917 1316 1026 1382 Plauti
1061 1316 1199 1402 quodam
1232 1314 1388 1381 versiculo
1419 1315 1526 1381 locum
1559 1314 1693 1380 absurde
1724 1315 1769 1378 sic

582 1423 869 1509 interpretabatur:
902 1424 976 1508 qnid
1005 1425 1084 1507 qnod
1112 1447 1149 1487 ne
1174 1446 1232 1505 pro
1264 1423 1377 1486 neritia
1401 1423 1517 1508 quidem
1540 1445 1619 1485 nnnc
1634 1420 1768 1503 puericie.

583 1528 730 1613 Denique
753 1528 866 1594 multis
890 1528 1011 1615 placuit
1031 1529 1230 1595 Ravennatis·
1241 1528 1338 1595 lectio
1358 1554 1398 1603 με
1419 1551 1475 1614 pro
1496 1528 1545 1606 δὲ,
1566 1549 1628 1613 qua
1645 1532 1771 1611 recepta

583 1635 681 1701 rerba
709 1635 845 1713 ,ἀδικεῖς
869 1636 932 1714 με”
957 1637 1040 1698 Iridi
1063 1635 1140 1701 olirn
1164 1636 1258 1701 dabat
1281 1635 1399 1714 Bothe,
1424 1656 1508 1700 nunc
1527 1633 1666 1699 Thomas
1689 1631 1772 1711 ,ἀδι-

588 1750 648 1814 κεῖς
672 1767 714 1819 με
737 1742 788 1808 καὶ
814 1744 905 1822 ιῦιι;”
931 1742 1048 1807 Iridem
1072 1748 1239 1829 rogantem
1263 1742 1355 1807 fecit:
1380 1742 1546 1806 etiamnunc
1569 1739 1686 1804 iniuria
1710 1740 1771 1822 offi-

586 1872 650 1913 cere
680 1872 723 1912 me
744 1849 874 1932 pernis?
904 1848 965 1914 Sed
997 1848 1111 1913 ἀδικεῖν
1142 1872 1235 1913 τινα
1258 1848 1443 1914 huiusmodi
1468 1849 1634 1913 enunciata
1658 1865 1772 1931 parum

583 1961 699 2041 aptum
722 1955 818 2033 foret,
843 1958 875 2019 in
901 1978 962 2042 quo
988 1952 1118 2035 ὑβρίζειν
1143 1957 1251 2042 potius
1274 1953 1325 2020 vel
1350 1953 1455 2019 simile
1480 1954 1613 2019 verbum
1637 1953 1772 2037 requiro-

585 2067 686 2138 retur,
719 2064 826 2146 aptius
857 2067 965 2127 autem
998 2063 1078 2127 foret
1109 2060 1153 2126 ἔτι
1185 2082 1280 2147 quam
1307 2060 1440 2126 naivire.
1466 2061 1576 2147 ltaque
1601 2057 1667 2138 „irc
1692 2057 1773 2137 ὑβρί-

585 2166 689 2250 ζεις;”
721 2188 761 2233 ex
792 2167 885 2233 Iridis
916 2189 969 2233 ore
999 2173 1220 2254 expectaretur
1244 2168 1308 2233 fere
1332 2206 1373 2216 -
1398 2171 1424 2232 si
1448 2166 1548 2232 ullam
1572 2166 1773 2251 improbandi

585 2294 714 2340 eausam
738 2275 868 2341 haberet
892 2280 999 2340 textus
1022 2273 1192 2362 vulgatus,
1216 2275 1249 2340 id
1272 2276 1355 2361 quod
1378 2296 1458 2362 nego
1482 2279 1576 2360 atque
1600 2294 1748 2359 pernego.

1162 2664 1202 2729 II.

634 2880 738 2967 Pergo
768 2883 801 2944 in
832 2881 1024 2947 defendendo
1054 2888 1145 2947 textu
1169 2882 1313 2970 vulgato.
1346 2883 1447 2962 Quem
1471 2882 1548 2948 locis
1568 2886 1773 2969 sequentibus

585 2989 751 3053 immerito
775 2989 807 3051 in
831 2988 965 3052 dubium
988 2995 1138 3053 uocatum
1163 3011 1230 3056 esse
1253 2990 1397 3053 arbitror.

633 3094 686 3158 Vs.
710 3092 775 3159 287
788 3116 854 3180 sqq.
886 3095 1076 3181 Supervenit
1108 3099 1177 3162 avis
1208 3100 1293 3182 picta
1325 3104 1356 3162 et
1387 3100 1533 3180 cristata,
1558 3097 1685 3182 qualem
1709 3119 1771 3163 non

588 3200 737 3266 tulerunt
765 3207 883 3279 terrae,
916 3203 968 3267 sed
999 3202 1166 3267 luxurians
1189 3206 1356 3290 ingenium
1380 3209 1490 3289 poetae
1514 3202 1565 3268 vel
1588 3209 1641 3269 τοῦ
1665 3228 1773 3285 nnga-

588 3311 704 3372 κικιιιῦ
728 3311 923 3395 excogitavit
930 3330 938 3386 ;
968 3311 1070 3374 iocose
1094 3312 1179 3374 enim
1203 3308 1294 3375 fictae
1317 3317 1392 3374 sunt
1416 3308 1532 3374 alitum
1554 3312 1672 3396 species
1695 3331 1775 3395 quae

588 3414 649 3479 hoe
682 3413 750 3480 loco
785 3415 1006 3480 describuntur
1042 3416 1292 3494 „novrdnenrre”
1326 3454 1368 3465 -
1404 3415 1527 3503 gallum
1561 3415 1775 3503 gallinaceum

590 3520 764 3607 significari
784 3542 860 3586 cave
881 3522 987 3587 credas
1006 3520 1251 3609 interpretibus!
1267 3529 1354 3588 -et
1374 3521 1477 3601 »ἔποψ
1496 3522 1551 3588 ille
1569 3523 1774 3590 multicolor”

590 3634 622 3693 et
642 3630 756 3692 tertius
776 3629 922 3713 quidam,
947 3630 985 3695 de
1010 3652 1071 3716 quo
1097 3632 1295 3697 Piset-aerus:
1320 3633 1458 3716 qnenodo
1482 3633 1599 3696 ῖαιιάιιιι
1622 3631 1670 3695 hic
1693 3654 1776 3696 noea·

592 3735 669 3797 ter?
693 3771 735 3783 -
760 3734 940 3821 Respondet
961 3736 1086 3823 Epope:

1199 3844 1301 3908 οὑτοσί
1308 3864 1316 3922 ;
1342 3847 1551 3924 κατωφαγᾶς.

590 3947 723 4013 Novum
754 3951 858 4033 igitur
888 3950 1131 4034 inauditumque
1164 3971 1279 4015 nomen
1313 3953 1511 4031 κατωφαγᾶς
1543 3970 1600 4034 pro
1621 3953 1736 4027 Φαγάς
1754 3949 1777 4028 ¹)

590 4053 645 4120 vel
675 4047 874 4133 κατάφαγάι
888 4057 915 4134 ²)
944 4055 1078 4142 tingitur
1101 4056 1140 4121 ad
1164 4056 1344 4143 analogiam
1369 4060 1421 4122 τοῦ
1445 4055 1641 4132 κατωβλειιά
1656 4054 1691 4134 ³),
1715 4074 1777 4138 quo

590 4163 720 4226 nomine
752 4161 977 4247 designabatur
1007 4161 1125 4228 animal
1157 4163 1335 4248 quadrupes
1368 4165 1403 4226 in
1438 4162 1608 4246 Aethiopia
1642 4160 1776 4246 degens,

591 4274 685 4349 caput
703 4289 870 4349 praegrave
893 4291 979 4349 aegre
993 4270 1125 4353 serem
1150 4269 1185 4332 id
1206 4269 1347 4332 deiectae-nr
1370 4290 1482 4350 eemper
1500 4269 1533 4330 in
1553 4274 1678 4330 ίενιιιιιιι
1699 4266 1778 4327 aliae

591 4373 754 4436 internecio
779 4374 900 4437 domeni
920 4376 1054 4455 qenerie,
1079 4375 1210 4438 ornnidrce
1231 4375 1282 4459 qni
1301 4374 1399 4438 ocnloe
1418 4373 1482 4436 eine
1500 4374 1600 4436 videre
1621 4371 1777 4457 confertim

593 4479 847 4561 expiratione.
880 4481 932 4546 Sic
964 4479 1084 4546 scilicet
1107 4481 1145 4544 de
1168 4481 1233 4545 foro
1257 4479 1362 4565 aliquo
1385 4481 1484 4544 boum
1507 4499 1622 4565 genere
1645 4474 1777 4542 fabulati

631 4724 656 4785 l)
674 4722 767 4771 eratin.
785 4723 815 4771 ir.
833 4724 891 4772 eal.

628 4804 656 4867 2)
674 4804 783 4867 Aeschyl.
802 4805 830 4853 fr.
850 4806 898 4852 352
917 4805 1011 4868 llyrtil.
1029 4820 1088 4854 com.
1107 4807 1123 4852 4
1142 4803 1254 4852 Meuand.
1272 4803 1330 4851 424.

629 4887 656 4948 8)
674 4886 753 4934 Etiam
769 4884 909 4948 καταφερής
927 4886 1070 4935 adiectivum
1087 4889 1167 4950 potest
1183 4884 1294 4934 conferri.

628 4970 656 5032 4)
675 4968 737 5017 Plio.
758 4968 789 5017 ll.
808 4969 865 5017 Nat.
885 4968 945 5017 VIll
964 4969 995 5015 32
1011 4968 1103 5018 Aelian.
1123 4966 1170 5015 Vll
1189 4970 1209 5014 b.
