5125 6150
712 1468 782 1556 llll
812 1467 992 1557 MATRE
1023 1467 1213 1558 MAGNA
1243 1466 1699 1559 PERGAMENORUM.

1145 1704 1270 1744 scmpsl'r

1060 1886 1101 1952 u.
1136 1886 1346 1952 uulnus.

1106 2191 1301 2275 Μ

651 2449 746 2514 Varie
777 2454 873 2533 atque
904 2448 1029 2512 diverso
1052 2446 1146 2512 hodie
1170 2450 1339 2533 scriptores
1360 2447 1505 2512 iudicent
1528 2445 1566 2512 de
1589 2467 1665 2533 rege
1689 2445 1799 2512 Attalo

604 2559 720 2642 primo.
746 2555 831 2634 Quos
855 2553 1065 2618 admiratione
1089 2559 1177 2618 tenet
1199 2554 1297 2618 robur
1318 2551 1460 2618 iuvenile
1483 2540 1641 2617 nascentis
1663 2573 1801 2618 crescen-

602 2665 710 2746 tisque
734 2662 852 2725 subeo
877 2661 970 2746 regni
995 2660 1198 2745 Pergameni,
1218 2662 1243 2724 ii
1267 2666 1423 2745 tanquam
1446 2658 1586 2725 alterum
1609 2658 1798 2737 Hectorem,

601 2770 723 2853 patriae
755 2765 952 2831 defensorem
983 2765 1125 2830 salutant
1155 2765 1205 2829 τὸν
1238 2774 1384 2843 Σωτῆρα,
1417 2763 1548 2831 Galatas
1579 2786 1642 2830 uuo
1673 2768 1799 2850 impetu

602 2872 825 2959 depulsantem
849 2879 895 2948 et,
921 2871 999 2935 dum
1023 2892 1120 2936 ovans
1139 2872 1252 2936 urbem
1272 2874 1389 2950 intrat,
1409 2873 1518 2956 ipsum
1537 2892 1570 2936 se
1588 2873 1682 2935 vittis
1700 2873 1800 2957 regiis

602 2986 818 3046 coronantem.
851 2976 970 3044 Contra
999 2975 1055 3042 alii
1086 2980 1181 3043 istius
1212 2977 1300 3043 modi
1329 2981 1539 3064 panegyricos
1561 2979 1716 3054 aversati,
1740 2979 1798 3041 mi·

600 3090 741 3151 nistrum
772 3090 805 3149 et
834 3084 1044 3169 pedisequum
1074 3083 1193 3170 Populi
1223 3084 1378 3162 Romani,
1416 3085 1548 3149 Prusiae
1579 3082 1798 3161 subsimssem,

601 3192 807 3258 Servatorem
829 3189 925 3254 illum
949 3198 1073 3254 vocant.
1596 3187 1600 3194 ’
1725 3239 1729 3245 .

649 3297 807 3382 Equidem
832 3298 955 3381 quoties
979 3297 1047 3360 sive
1071 3294 1181 3361 laudes
1206 3294 1309 3359 Attali
1333 3297 1450 3360 nimias
1473 3295 1569 3360 undio
1593 3297 1661 3360 sive
1679 3294 1800 3360 iudicia

603 3406 643 3470 de
667 3425 703 3469 eo
728 3406 904 3480 severiora,
930 3401 1067 3466 libenter
1091 3423 1218 3467 recurro
1249 3401 1287 3466 ad
1319 3400 1448 3488 Polybii
1479 3402 1622 3467 sobrium
1653 3400 1737 3465 illud
1766 3406 1800 3466 et

602 3532 717 3576 sanum
747 3509 786 3574 de
818 3495 894 3594 rege
925 3507 1125 3594 Pergameno
1157 3506 1303 3594 elogium
1335 3515 1402 3573 tem
1434 3507 1506 3573 odio
1535 3507 1670 3593 indigno
1701 3528 1799 3592 qnam

599 3616 696 3682 laude
729 3616 889 3680 rhetorica
922 3613 1080 3692 liberum,
1125 3614 1210 3698 quod
1245 3617 1329 3678 inter
1365 3614 1546 3699 fragmenta
1580 3612 1657 3678 libri
1691 3612 1800 3678 XVIII

599 3729 640 3803 (c.
674 3721 715 3784 41
750 3720 860 3797 Βίηᾱ.)
892 3726 1052 3799 serratur3
1087 3728 1119 3784 et
1151 3722 1341 3805 praesertim
1373 3718 1480 3805 relego
1510 3720 1608 3785 verba
1629 3723 1798 3785 verissima

600 3827 775 3911 eademque
806 3824 1044 3910 simplicissima
1067 3827 1184 3911 quibus
1207 3828 1342 3911 scriptor
1364 3823 1505 3891 Graecus
1529 3829 1676 3911 exponit,
1700 3846 1798 3909 quam

601 3932 738 3998 fideliter
772 3930 901 3996 Attalus
936 3931 1009 4011 πρὸς
1041 3933 1164 4004 πάντας
1193 3932 1265 4004 τοὺς
1295 3932 1486 4013 συμμάχους
1518 3933 1568 3997 nal
1601 3931 1712 4013 φίλους
1743 3935 1798 4006 τὴν

601 4041 708 4104 πίστιν
733 4036 915 4117 διεφύλαξε.
1801 4123 1807 4129 ,⁴

646 4144 730 4208 Num
750 4150 788 4209 nt
808 4150 927 4209 eventu
948 4166 1009 4209 non
1030 4151 1171 4210 carerent
1192 4165 1273 4229 quae
1292 4143 1368 4211 olim
1392 4143 1571 4210 Arcesilaus
1588 4144 1626 4210 de
1638 4144 1797 4232 Pergamo

600 4253 797 4315 vaticinatus
821 4255 906 4315 erut:
1852 4244 1856 4253 ’

783 4357 808 4421 εἰ
834 4354 866 4420 δὲ
890 4356 941 4420 τὸν
966 4356 999 4421 ἐκ
1024 4355 1130 4422 Διόθεν
1153 4360 1275 4435 θεμιτὸν
1301 4359 1398 4436 θνατῷ
1423 4357 1483 4423 νόον
1507 4360 1614 4438 εἰπεῖν,

828 4460 953 4528 ἔσσεται
978 4464 1118 4536 εἰσαῦτις
1142 4464 1255 4529 πολλὸν
1279 4463 1450 4543 atelbertus,

600 4570 633 4634 id
665 4591 740 4654 prae
772 4572 885 4634 ceteris
917 4568 1047 4634 Attalus
1078 4574 1202 4656 primus
1232 4571 1350 4648 effecit,
1383 4577 1449 4636 tam
1473 4571 1567 4635 rebus
1589 4570 1673 4637 bello
1695 4573 1797 4658 gestis

599 4697 698 4761 quarn
731 4674 883 4739 consiliis.
918 4674 1008 4740 Bello
1038 4678 1124 4740 enim
1155 4676 1361 4742 Macedonico
1385 4677 1606 4743 exardescente
1628 4676 1796 4743 Graeciam

599 4783 638 4846 ab
672 4782 762 4845 hoste
793 4781 982 4846 defensurus
1013 4782 1188 4867 urbemque
1218 4803 1311 4847 suam
1341 4785 1374 4847 in
1407 4790 1569 4868 posterum
1593 4790 1795 4863 servaturus,

600 4890 788 4953 societatem
808 4909 882 4954 cum
903 4888 1054 4954 Romanis
1073 4891 1147 4953 iniit
1167 4911 1229 4956 non
1250 4892 1286 4955 vi
1304 4890 1441 4976 quadam
1462 4898 1589 4958 coactus
1601 4891 1655 4958 sed
1668 4896 1795 4979 proprio
