<?xml version="1.0" encoding="UTF-8"?>
<!DOCTYPE html PUBLIC "-//W3C//DTD XHTML 1.0 Transitional//EN"
    "http://www.w3.org/TR/xhtml1/DTD/xhtml1-transitional.dtd">
<html xmlns="http://www.w3.org/1999/xhtml" xml:lang="en" lang="en">
 <head>
  <title>
</title>
<meta http-equiv="Content-Type" content="text/html;charset=utf-8" />
  <meta name='ocr-system' content='tesseract 3.04.00' />
  <meta name='ocr-capabilities' content='ocr_page ocr_carea ocr_par ocr_line ocrx_word'/>
</head>
<body>
  <div class='ocr_page' id='page_1' title='image "./mnemosyne04verdgoog_0830.png"; bbox 0 0 5125 6150; ppageno 0'>
   <div class='ocr_carea' id='block_1_1' title="bbox 1120 839 1782 907">
    <p class='ocr_par' dir='ltr' id='par_1_1' title="bbox 1120 839 1782 907">
     <span class='ocr_line' id='line_1_1' title="bbox 1120 839 1782 907; baseline -0.003 -2"><span class='ocrx_word' id='word_1_1' title='bbox 1120 859 1260 907; x_wconf 79' lang='lat' dir='ltr'>memus.</span> <span class='ocrx_word' id='word_1_2' title='bbox 1716 839 1782 904; x_wconf 81' lang='lat'>345</span> 
     </span>
    </p>
   </div>
   <div class='ocr_carea' id='block_1_2' title="bbox 590 1021 1786 1956">
    <p class='ocr_par' dir='ltr' id='par_1_2' title="bbox 591 1021 1785 1639">
     <span class='ocr_line' id='line_1_2' title="bbox 592 1021 1785 1110; baseline -0.005 -18"><span class='ocrx_word' id='word_1_3' title='bbox 592 1027 800 1106; x_wconf 87' lang='lat' dir='ltr'>minuares”).</span> <span class='ocrx_word' id='word_1_4' title='bbox 825 1025 878 1090; x_wconf 83' lang='lat' dir='ltr'>Sic</span> <span class='ocrx_word' id='word_1_5' title='bbox 901 1023 1027 1090; x_wconf 82' lang='lat' dir='ltr'>Semele</span> <span class='ocrx_word' id='word_1_6' title='bbox 1050 1029 1098 1088; x_wconf 87' lang='lat' dir='ltr'>cst</span> <span class='ocrx_word' id='word_1_7' title='bbox 1121 1023 1232 1110; x_wconf 90' lang='lat' dir='ltr'>paelex</span> <span class='ocrx_word' id='word_1_8' title='bbox 1251 1045 1313 1088; x_wconf 92' lang='lat' dir='ltr'>non</span> <span class='ocrx_word' id='word_1_9' title='bbox 1333 1023 1418 1088; x_wconf 88' lang='lat' dir='ltr'>Iovis</span> <span class='ocrx_word' id='word_1_10' title='bbox 1438 1022 1493 1088; x_wconf 91' lang='lat' dir='ltr'>scd</span> <span class='ocrx_word' id='word_1_11' title='bbox 1512 1021 1653 1088; x_wconf 91' lang='lat' dir='ltr'>Iunonis.</span> <span class='ocrx_word' id='word_1_12' title='bbox 1677 1021 1785 1087; x_wconf 82' lang='lat' dir='ltr'>Semel</span> 
     </span>
     <span class='ocr_line' id='line_1_3' title="bbox 592 1127 1785 1206; baseline -0.004 -9"><span class='ocrx_word' id='word_1_13' title='bbox 592 1133 723 1198; x_wconf 78' lang='lat' dir='ltr'><strong>Tacitus</strong></span> <span class='ocrx_word' id='word_1_14' title='bbox 753 1131 817 1196; x_wconf 89' lang='lat' dir='ltr'>alic</span> <span class='ocrx_word' id='word_1_15' title='bbox 845 1129 940 1195; x_wconf 93' lang='lat' dir='ltr'>modo</span> <span class='ocrx_word' id='word_1_16' title='bbox 965 1128 1047 1194; x_wconf 90' lang='lat' dir='ltr'>illud</span> <span class='ocrx_word' id='word_1_17' title='bbox 1071 1150 1187 1194; x_wconf 90' lang='lat' dir='ltr'>nomen</span> <span class='ocrx_word' id='word_1_18' title='bbox 1212 1128 1396 1194; x_wconf 82' lang='lat' dir='ltr'>adhibuisse</span> <span class='ocrx_word' id='word_1_19' title='bbox 1420 1127 1558 1206; x_wconf 84' lang='lat' dir='ltr'>videtur,</span> <span class='ocrx_word' id='word_1_20' title='bbox 1582 1127 1636 1194; x_wconf 91' lang='lat' dir='ltr'>sed</span> <span class='ocrx_word' id='word_1_21' title='bbox 1657 1131 1785 1193; x_wconf 89' lang='lat' dir='ltr'>tantum</span> 
     </span>
     <span class='ocr_line' id='line_1_4' title="bbox 592 1233 1785 1319; baseline -0.003 -18"><span class='ocrx_word' id='word_1_22' title='bbox 592 1239 720 1314; x_wconf 78' lang='lat' dir='ltr'>videtur,</span> <span class='ocrx_word' id='word_1_23' title='bbox 753 1257 828 1301; x_wconf 91' lang='lat' dir='ltr'>nam</span> <span class='ocrx_word' id='word_1_24' title='bbox 859 1238 886 1300; x_wconf 92' lang='lat' dir='ltr'>si</span> <span class='ocrx_word' id='word_1_25' title='bbox 916 1241 1001 1301; x_wconf 92' lang='lat' dir='ltr'>recte</span> <span class='ocrx_word' id='word_1_26' title='bbox 1032 1233 1108 1300; x_wconf 86' lang='lat' dir='ltr'>eum</span> <span class='ocrx_word' id='word_1_27' title='bbox 1130 1237 1368 1319; x_wconf 87' lang='lat' dir='ltr'>interpretaris,</span> <span class='ocrx_word' id='word_1_28' title='bbox 1393 1240 1526 1319; x_wconf 88' lang='lat' dir='ltr'>apparet</span> <span class='ocrx_word' id='word_1_29' title='bbox 1547 1234 1593 1299; x_wconf 91' lang='lat' dir='ltr'>ibi</span> <span class='ocrx_word' id='word_1_30' title='bbox 1616 1253 1742 1318; x_wconf 90' lang='lat' dir='ltr'>quoque</span> <span class='ocrx_word' id='word_1_31' title='bbox 1765 1252 1785 1297; x_wconf 91' lang='lat' dir='ltr'>a</span> 
     </span>
     <span class='ocr_line' id='line_1_5' title="bbox 592 1339 1784 1423; baseline -0.003 -15"><span class='ocrx_word' id='word_1_32' title='bbox 592 1343 687 1409; x_wconf 91' lang='lat' dir='ltr'>solito</span> <span class='ocrx_word' id='word_1_33' title='bbox 711 1364 774 1407; x_wconf 81' lang='lat' dir='ltr'>usu</span> <span class='ocrx_word' id='word_1_34' title='bbox 797 1363 873 1407; x_wconf 90' lang='lat' dir='ltr'>eum</span> <span class='ocrx_word' id='word_1_35' title='bbox 896 1363 958 1407; x_wconf 90' lang='lat' dir='ltr'>non</span> <span class='ocrx_word' id='word_1_36' title='bbox 980 1340 1135 1407; x_wconf 84' lang='lat' dir='ltr'>recedere.</span> <span class='ocrx_word' id='word_1_37' title='bbox 1159 1340 1218 1405; x_wconf 81' lang='lat' dir='ltr'>Est</span> <span class='ocrx_word' id='word_1_38' title='bbox 1240 1339 1330 1405; x_wconf 90' lang='lat' dir='ltr'>locus</span> <span class='ocrx_word' id='word_1_39' title='bbox 1348 1341 1405 1404; x_wconf 93' lang='lat' dir='ltr'>ubi</span> <span class='ocrx_word' id='word_1_40' title='bbox 1424 1339 1463 1405; x_wconf 91' lang='lat' dir='ltr'>de</span> <span class='ocrx_word' id='word_1_41' title='bbox 1483 1339 1590 1406; x_wconf 80' lang='lat' dir='ltr'>Seiani</span> <span class='ocrx_word' id='word_1_42' title='bbox 1609 1339 1784 1423; x_wconf 86' lang='lat' dir='ltr'>Liviaeque</span> 
     </span>
     <span class='ocr_line' id='line_1_6' title="bbox 591 1445 1784 1536; baseline -0.003 -23"><span class='ocrx_word' id='word_1_43' title='bbox 591 1452 701 1536; x_wconf 81' lang='lat' dir='ltr'>egitur</span> <span class='ocrx_word' id='word_1_44' title='bbox 723 1450 861 1533; x_wconf 89' lang='lat' dir='ltr'>nuptiis:</span> <span class='ocrx_word' id='word_1_45' title='bbox 887 1446 1009 1524; x_wconf 91' lang='lat' dir='ltr'>„Pellit</span> <span class='ocrx_word' id='word_1_46' title='bbox 1032 1447 1127 1513; x_wconf 90' lang='lat' dir='ltr'>domo</span> <span class='ocrx_word' id='word_1_47' title='bbox 1151 1445 1286 1512; x_wconf 81' lang='lat' dir='ltr'>Seianus</span> <span class='ocrx_word' id='word_1_48' title='bbox 1305 1467 1439 1512; x_wconf 84' lang='lat' dir='ltr'>uxorem</span> <span class='ocrx_word' id='word_1_49' title='bbox 1459 1447 1643 1532; x_wconf 78' lang='lat' dir='ltr'>Apicatam,</span> <span class='ocrx_word' id='word_1_50' title='bbox 1663 1467 1701 1510; x_wconf 89' lang='lat' dir='ltr'>ex</span> <span class='ocrx_word' id='word_1_51' title='bbox 1721 1466 1784 1530; x_wconf 91' lang='lat' dir='ltr'>qua</span> 
     </span>
     <span class='ocr_line' id='line_1_7' title="bbox 592 1550 1489 1639; baseline 0.001 -22"><span class='ocrx_word' id='word_1_52' title='bbox 592 1560 656 1619; x_wconf 90' lang='lat' dir='ltr'>tres</span> <span class='ocrx_word' id='word_1_53' title='bbox 678 1552 796 1618; x_wconf 90' lang='lat' dir='ltr'>liberos</span> <span class='ocrx_word' id='word_1_54' title='bbox 819 1559 993 1639; x_wconf 79' lang='lat' dir='ltr'>genuerat,</span> <span class='ocrx_word' id='word_1_55' title='bbox 1017 1573 1056 1618; x_wconf 90' lang='lat' dir='ltr'>ue</span> <span class='ocrx_word' id='word_1_56' title='bbox 1079 1551 1195 1637; x_wconf 88' lang='lat' dir='ltr'>paelici</span> <span class='ocrx_word' id='word_1_57' title='bbox 1218 1550 1489 1636; x_wconf 87' lang='lat' dir='ltr'>suspectaretur”.</span> 
     </span>
    </p>

    <p class='ocr_par' dir='ltr' id='par_1_3' title="bbox 590 1653 1786 1956">
     <span class='ocr_line' id='line_1_8' title="bbox 635 1653 1786 1743; baseline -0.003 -20"><span class='ocrx_word' id='word_1_58' title='bbox 635 1661 657 1724; x_wconf 87' lang='lat' dir='ltr'>i.</span> <span class='ocrx_word' id='word_1_59' title='bbox 672 1680 698 1724; x_wconf 90' lang='lat' dir='ltr'>s.</span> <span class='ocrx_word' id='word_1_60' title='bbox 713 1656 786 1723; x_wconf 74' lang='lat' dir='ltr'>&#39;non</span> <span class='ocrx_word' id='word_1_61' title='bbox 812 1679 872 1736; x_wconf 94' lang='lat' dir='ltr'>„ne</span> <span class='ocrx_word' id='word_1_62' title='bbox 895 1657 1005 1735; x_wconf 83' lang='lat' dir='ltr'>Livia,</span> <span class='ocrx_word' id='word_1_63' title='bbox 1031 1657 1139 1723; x_wconf 78' lang='lat' dir='ltr'>Seiani</span> <span class='ocrx_word' id='word_1_64' title='bbox 1160 1656 1271 1743; x_wconf 78' lang='lat' dir='ltr'>paelex</span> <span class='ocrx_word' id='word_1_65' title='bbox 1292 1662 1345 1736; x_wconf 93' lang='lat'>(=</span> <span class='ocrx_word' id='word_1_66' title='bbox 1357 1655 1515 1742; x_wconf 88' lang='lat' dir='ltr'>adultera)</span> <span class='ocrx_word' id='word_1_67' title='bbox 1535 1653 1786 1721; x_wconf 84' lang='lat' dir='ltr'>aemulationem</span> 
     </span>
     <span class='ocr_line' id='line_1_9' title="bbox 590 1762 1785 1848; baseline -0.001 -19"><span class='ocrx_word' id='word_1_68' title='bbox 590 1768 694 1831; x_wconf 87' lang='lat' dir='ltr'>iustae</span> <span class='ocrx_word' id='word_1_69' title='bbox 716 1766 825 1829; x_wconf 89' lang='lat' dir='ltr'>uxoris</span> <span class='ocrx_word' id='word_1_70' title='bbox 848 1763 1041 1841; x_wconf 73' lang='lat' dir='ltr'>metueret&#39;,</span> <span class='ocrx_word' id='word_1_71' title='bbox 1065 1763 1120 1829; x_wconf 94' lang='lat' dir='ltr'>sed</span> <span class='ocrx_word' id='word_1_72' title='bbox 1145 1785 1205 1841; x_wconf 91' lang='lat' dir='ltr'>„ne</span> <span class='ocrx_word' id='word_1_73' title='bbox 1227 1766 1296 1848; x_wconf 90' lang='lat' dir='ltr'>ipsc</span> <span class='ocrx_word' id='word_1_74' title='bbox 1316 1762 1451 1829; x_wconf 81' lang='lat' dir='ltr'>Seianus</span> <span class='ocrx_word' id='word_1_75' title='bbox 1469 1767 1599 1848; x_wconf 89' lang='lat' dir='ltr'>propter</span> <span class='ocrx_word' id='word_1_76' title='bbox 1616 1763 1785 1847; x_wconf 79' lang='lat' dir='ltr'>Apicatam</span> 
     </span>
     <span class='ocr_line' id='line_1_10' title="bbox 592 1867 1274 1956; baseline -0.007 -20"><span class='ocrx_word' id='word_1_77' title='bbox 592 1870 707 1956; x_wconf 89' lang='lat' dir='ltr'>paelici</span> <span class='ocrx_word' id='word_1_78' title='bbox 731 1867 856 1950; x_wconf 81' lang='lat' dir='ltr'>(rivali)</span> <span class='ocrx_word' id='word_1_79' title='bbox 879 1869 943 1933; x_wconf 66' lang='lat' dir='ltr'>dua</span> <span class='ocrx_word' id='word_1_80' title='bbox 967 1875 1134 1953; x_wconf 90' lang='lat' dir='ltr'>suspectus</span> <span class='ocrx_word' id='word_1_81' title='bbox 1158 1868 1274 1934; x_wconf 89' lang='lat' dir='ltr'>essst’&#39;.</span> 
     </span>
    </p>
   </div>
   <div class='ocr_carea' id='block_1_3' title="bbox 591 1971 1786 2485">
    <p class='ocr_par' dir='ltr' id='par_1_4' title="bbox 591 1971 1786 2485">
     <span class='ocr_line' id='line_1_11' title="bbox 637 1971 1786 2058; baseline -0.001 -19"><span class='ocrx_word' id='word_1_82' title='bbox 637 1976 719 2041; x_wconf 89' lang='lat' dir='ltr'>Anu.</span> <span class='ocrx_word' id='word_1_83' title='bbox 744 1974 797 2052; x_wconf 86' lang='lat' dir='ltr'>IV,</span> <span class='ocrx_word' id='word_1_84' title='bbox 823 1974 876 2039; x_wconf 88' lang='grc'>30.</span> <span class='ocrx_word' id='word_1_85' title='bbox 908 1974 1013 2040; x_wconf 90' lang='lat' dir='ltr'>Locus</span> <span class='ocrx_word' id='word_1_86' title='bbox 1046 1979 1095 2039; x_wconf 92' lang='lat' dir='ltr'>est</span> <span class='ocrx_word' id='word_1_87' title='bbox 1125 1973 1164 2038; x_wconf 91' lang='lat' dir='ltr'>de</span> <span class='ocrx_word' id='word_1_88' title='bbox 1194 1973 1289 2040; x_wconf 90' lang='lat' dir='ltr'>Vibio</span> <span class='ocrx_word' id='word_1_89' title='bbox 1313 1973 1446 2051; x_wconf 79' lang='lat' dir='ltr'>Sereno,</span> <span class='ocrx_word' id='word_1_90' title='bbox 1477 1994 1574 2058; x_wconf 89' lang='lat' dir='ltr'>quem</span> <span class='ocrx_word' id='word_1_91' title='bbox 1597 1993 1676 2039; x_wconf 89' lang='lat' dir='ltr'>suns</span> <span class='ocrx_word' id='word_1_92' title='bbox 1698 1971 1786 2039; x_wconf 88' lang='lat' dir='ltr'>filius</span> 
     </span>
     <span class='ocr_line' id='line_1_12' title="bbox 591 2079 1786 2165; baseline -0.002 -18"><span class='ocrx_word' id='word_1_93' title='bbox 591 2088 733 2160; x_wconf 86' lang='lat' dir='ltr'>accusat;</span> <span class='ocrx_word' id='word_1_94' title='bbox 758 2084 803 2158; x_wconf 87' lang='lat' dir='ltr'>is,</span> <span class='ocrx_word' id='word_1_95' title='bbox 828 2103 903 2146; x_wconf 93' lang='lat' dir='ltr'>cum</span> <span class='ocrx_word' id='word_1_96' title='bbox 928 2082 1069 2165; x_wconf 82' lang='lat' dir='ltr'>quaestio</span> <span class='ocrx_word' id='word_1_97' title='bbox 1093 2079 1131 2145; x_wconf 91' lang='lat' dir='ltr'>de</span> <span class='ocrx_word' id='word_1_98' title='bbox 1155 2082 1256 2145; x_wconf 85' lang='lat' dir='ltr'>servis</span> <span class='ocrx_word' id='word_1_99' title='bbox 1280 2080 1391 2145; x_wconf 89' lang='lat' dir='ltr'>habita</span> <span class='ocrx_word' id='word_1_100' title='bbox 1414 2079 1549 2151; x_wconf 84' lang='lat' dir='ltr'>adversa¹</span> <span class='ocrx_word' id='word_1_101' title='bbox 1570 2081 1631 2144; x_wconf 89' lang='lat' dir='ltr'>sibi</span> <span class='ocrx_word' id='word_1_102' title='bbox 1653 2079 1786 2157; x_wconf 85' lang='lat' dir='ltr'>fuisset,</span> 
     </span>
     <span class='ocr_line' id='line_1_13' title="bbox 591 2185 1785 2272; baseline -0.002 -20"><span class='ocrx_word' id='word_1_103' title='bbox 591 2191 673 2252; x_wconf 90' lang='lat' dir='ltr'>iram</span> <span class='ocrx_word' id='word_1_104' title='bbox 693 2186 954 2272; x_wconf 68' lang='lat' dir='ltr'>uulgi&#39;mstuens</span> <span class='ocrx_word' id='word_1_105' title='bbox 973 2185 1136 2271; x_wconf 81' lang='lat' dir='ltr'>profugit,</span> <span class='ocrx_word' id='word_1_106' title='bbox 1157 2185 1211 2250; x_wconf 91' lang='lat' dir='ltr'>sed</span> <span class='ocrx_word' id='word_1_107' title='bbox 1231 2206 1250 2250; x_wconf 88' lang='lat' dir='ltr'>a</span> <span class='ocrx_word' id='word_1_108' title='bbox 1268 2185 1395 2251; x_wconf 76' lang='lat' dir='ltr'>Tiberio</span> <span class='ocrx_word' id='word_1_109' title='bbox 1415 2186 1591 2252; x_wconf 85' lang='lat' dir='ltr'>retrahitur</span> <span class='ocrx_word' id='word_1_110' title='bbox 1610 2191 1642 2250; x_wconf 91' lang='lat' dir='ltr'>et</span> <span class='ocrx_word' id='word_1_111' title='bbox 1654 2186 1785 2270; x_wconf 82' lang='lat' dir='ltr'>exsequi</span> 
     </span>
     <span class='ocr_line' id='line_1_14' title="bbox 592 2290 1783 2378; baseline -0.003 -20"><span class='ocrx_word' id='word_1_112' title='bbox 592 2295 828 2358; x_wconf 80' lang='lat' dir='ltr'>accusationem</span> <span class='ocrx_word' id='word_1_113' title='bbox 859 2294 996 2378; x_wconf 84' lang='lat' dir='ltr'>cogitur.</span> <span class='ocrx_word' id='word_1_114' title='bbox 1027 2291 1112 2356; x_wconf 91' lang='lat' dir='ltr'>Nam</span> <span class='ocrx_word' id='word_1_115' title='bbox 1142 2296 1237 2356; x_wconf 85' lang='lat' dir='ltr'>vetus</span> <span class='ocrx_word' id='word_1_116' title='bbox 1259 2297 1329 2356; x_wconf 88' lang='lat' dir='ltr'>erat</span> <span class='ocrx_word' id='word_1_117' title='bbox 1351 2290 1472 2356; x_wconf 87' lang='lat' dir='ltr'>Tiberii</span> <span class='ocrx_word' id='word_1_118' title='bbox 1496 2293 1530 2355; x_wconf 92' lang='lat' dir='ltr'>in</span> <span class='ocrx_word' id='word_1_119' title='bbox 1554 2312 1646 2357; x_wconf 91' lang='lat' dir='ltr'>reum</span> <span class='ocrx_word' id='word_1_120' title='bbox 1671 2290 1783 2357; x_wconf 91' lang='lat' dir='ltr'>odium</span> 
     </span>
     <span class='ocr_line' id='line_1_15' title="bbox 591 2395 1394 2485; baseline -0.002 -22"><span class='ocrx_word' id='word_1_121' title='bbox 591 2405 721 2485; x_wconf 90' lang='lat' dir='ltr'>propter</span> <span class='ocrx_word' id='word_1_122' title='bbox 745 2397 900 2483; x_wconf 89' lang='lat' dir='ltr'>quasdam</span> <span class='ocrx_word' id='word_1_123' title='bbox 923 2398 962 2462; x_wconf 89' lang='lat' dir='ltr'>ab</span> <span class='ocrx_word' id='word_1_124' title='bbox 985 2395 1043 2462; x_wconf 90' lang='lat' dir='ltr'>illo</span> <span class='ocrx_word' id='word_1_125' title='bbox 1067 2395 1267 2481; x_wconf 89' lang='lat' dir='ltr'>petulantius</span> <span class='ocrx_word' id='word_1_126' title='bbox 1292 2395 1394 2462; x_wconf 88' lang='lat' dir='ltr'>dicta:</span> 
     </span>
    </p>
   </div>
   <div class='ocr_carea' id='block_1_4' title="bbox 593 2502 1788 3858">
    <p class='ocr_par' dir='ltr' id='par_1_5' title="bbox 593 2502 1785 2697">
     <span class='ocr_line' id='line_1_16' title="bbox 639 2502 1783 2588; baseline -0.002 -19"><span class='ocrx_word' id='word_1_127' title='bbox 639 2525 697 2581; x_wconf 89' lang='lat' dir='ltr'>„ea</span> <span class='ocrx_word' id='word_1_128' title='bbox 727 2503 843 2571; x_wconf 79' lang='lat' dir='ltr'>Caesar</span> <span class='ocrx_word' id='word_1_129' title='bbox 873 2508 944 2569; x_wconf 93' lang='lat' dir='ltr'>octo</span> <span class='ocrx_word' id='word_1_130' title='bbox 976 2508 1048 2588; x_wconf 90' lang='lat' dir='ltr'>post</span> <span class='ocrx_word' id='word_1_131' title='bbox 1078 2524 1176 2569; x_wconf 90' lang='lat' dir='ltr'>annos</span> <span class='ocrx_word' id='word_1_132' title='bbox 1207 2502 1352 2581; x_wconf 89' lang='lat' dir='ltr'>rettulit,</span> <span class='ocrx_word' id='word_1_133' title='bbox 1376 2503 1520 2568; x_wconf 88' lang='lat' dir='ltr'>medium</span> <span class='ocrx_word' id='word_1_134' title='bbox 1544 2509 1672 2588; x_wconf 90' lang='lat' dir='ltr'>tempus</span> <span class='ocrx_word' id='word_1_135' title='bbox 1695 2505 1783 2568; x_wconf 87' lang='lat' dir='ltr'>varie</span> 
     </span>
     <span class='ocr_line' id='line_1_17' title="bbox 593 2607 1785 2697; baseline -0.003 -21"><span class='ocrx_word' id='word_1_136' title='bbox 593 2631 749 2697; x_wconf 88' lang='lat' dir='ltr'>arguens,</span> <span class='ocrx_word' id='word_1_137' title='bbox 768 2611 895 2674; x_wconf 88' lang='lat' dir='ltr'>etiamsi</span> <span class='ocrx_word' id='word_1_138' title='bbox 906 2614 1067 2674; x_wconf 89' lang='lat' dir='ltr'>tormenta</span> <span class='ocrx_word' id='word_1_139' title='bbox 1078 2610 1257 2694; x_wconf 83' lang='lat' dir='ltr'>pervicacia</span> <span class='ocrx_word' id='word_1_140' title='bbox 1269 2629 1438 2674; x_wconf 82' lang='lat' dir='ltr'>servorum</span> <span class='ocrx_word' id='word_1_141' title='bbox 1450 2614 1561 2674; x_wconf 88' lang='lat' dir='ltr'>contra</span> <span class='ocrx_word' id='word_1_142' title='bbox 1572 2607 1785 2674; x_wconf 85' lang='lat' dir='ltr'>evenissent”.</span> 
     </span>
    </p>

    <p class='ocr_par' dir='ltr' id='par_1_6' title="bbox 593 2714 1786 3523">
     <span class='ocr_line' id='line_1_18' title="bbox 640 2714 1785 2801; baseline -0.003 -20"><span class='ocrx_word' id='word_1_143' title='bbox 640 2717 751 2782; x_wconf 89' lang='lat' dir='ltr'>Primo</span> <span class='ocrx_word' id='word_1_144' title='bbox 770 2722 901 2801; x_wconf 89' lang='lat' dir='ltr'>aspectu</span> <span class='ocrx_word' id='word_1_145' title='bbox 924 2714 1043 2779; x_wconf 70' lang='lat' dir='ltr'>etiamsi</span> <span class='ocrx_word' id='word_1_146' title='bbox 1066 2715 1231 2780; x_wconf 71' lang='lat' dir='ltr'>mactarent</span> <span class='ocrx_word' id='word_1_147' title='bbox 1254 2714 1307 2779; x_wconf 91' lang='lat' dir='ltr'>hic</span> <span class='ocrx_word' id='word_1_148' title='bbox 1326 2717 1469 2799; x_wconf 89' lang='lat' dir='ltr'>positum</span> <span class='ocrx_word' id='word_1_149' title='bbox 1488 2714 1592 2780; x_wconf 83' lang='lat' dir='ltr'>videri</span> <span class='ocrx_word' id='word_1_150' title='bbox 1610 2717 1710 2799; x_wconf 89' lang='lat' dir='ltr'>possit</span> <span class='ocrx_word' id='word_1_151' title='bbox 1729 2734 1785 2799; x_wconf 89' lang='lat' dir='ltr'>pro</span> 
     </span>
     <span class='ocr_line' id='line_1_19' title="bbox 594 2818 1786 2908; baseline -0.002 -22"><span class='ocrx_word' id='word_1_152' title='bbox 594 2845 768 2908; x_wconf 78' lang='lat' dir='ltr'>quamquam</span> <span class='ocrx_word' id='word_1_153' title='bbox 792 2829 959 2898; x_wconf 77' lang='lat' dir='ltr'>evenerant,</span> <span class='ocrx_word' id='word_1_154' title='bbox 983 2820 1037 2887; x_wconf 89' lang='lat' dir='ltr'>sed</span> <span class='ocrx_word' id='word_1_155' title='bbox 1060 2842 1122 2887; x_wconf 92' lang='lat' dir='ltr'>nou</span> <span class='ocrx_word' id='word_1_156' title='bbox 1146 2841 1184 2886; x_wconf 89' lang='lat' dir='ltr'>ex</span> <span class='ocrx_word' id='word_1_157' title='bbox 1208 2818 1312 2885; x_wconf 79' lang='lat' dir='ltr'>Taciti</span> <span class='ocrx_word' id='word_1_158' title='bbox 1335 2840 1450 2886; x_wconf 82' lang='lat' dir='ltr'>verum</span> <span class='ocrx_word' id='word_1_159' title='bbox 1473 2842 1513 2885; x_wconf 85' lang='lat' dir='ltr'>ex</span> <span class='ocrx_word' id='word_1_160' title='bbox 1535 2819 1656 2886; x_wconf 79' lang='lat' dir='ltr'>Tiberii</span> <span class='ocrx_word' id='word_1_161' title='bbox 1679 2824 1786 2884; x_wconf 90' lang='lat' dir='ltr'>mente</span> 
     </span>
     <span class='ocr_line' id='line_1_20' title="bbox 593 2925 1784 3013; baseline -0.001 -20"><span class='ocrx_word' id='word_1_162' title='bbox 593 2949 630 2993; x_wconf 90' lang='lat' dir='ltr'>ea</span> <span class='ocrx_word' id='word_1_163' title='bbox 652 2927 805 2993; x_wconf 87' lang='lat' dir='ltr'>vocabula</span> <span class='ocrx_word' id='word_1_164' title='bbox 830 2930 936 3013; x_wconf 90' lang='lat' dir='ltr'>posita</span> <span class='ocrx_word' id='word_1_165' title='bbox 958 2933 1049 3006; x_wconf 91' lang='lat' dir='ltr'>suut;</span> <span class='ocrx_word' id='word_1_166' title='bbox 1069 2929 1098 2992; x_wconf 90' lang='lat' dir='ltr'>is</span> <span class='ocrx_word' id='word_1_167' title='bbox 1118 2929 1204 2991; x_wconf 90' lang='lat' dir='ltr'>enim</span> <span class='ocrx_word' id='word_1_168' title='bbox 1223 2928 1269 2991; x_wconf 93' lang='lat' dir='ltr'>sic</span> <span class='ocrx_word' id='word_1_169' title='bbox 1289 2926 1456 3011; x_wconf 90' lang='lat' dir='ltr'>disputans</span> <span class='ocrx_word' id='word_1_170' title='bbox 1474 2932 1524 2991; x_wconf 85' lang='lat' dir='ltr'>est</span> <span class='ocrx_word' id='word_1_171' title='bbox 1539 2925 1784 3013; x_wconf 88' lang='lat' dir='ltr'>intelligendus:</span> 
     </span>
     <span class='ocr_line' id='line_1_21' title="bbox 594 3031 1785 3118; baseline 0.001 -22"><span class='ocrx_word' id='word_1_172' title='bbox 594 3033 749 3118; x_wconf 75' lang='lat' dir='ltr'>„quamuis</span> <span class='ocrx_word' id='word_1_173' title='bbox 777 3035 956 3118; x_wconf 81' lang='lat' dir='ltr'>peruicacia</span> <span class='ocrx_word' id='word_1_174' title='bbox 979 3052 1146 3099; x_wconf 82' lang='lat' dir='ltr'>servorum</span> <span class='ocrx_word' id='word_1_175' title='bbox 1169 3037 1329 3097; x_wconf 91' lang='lat' dir='ltr'>tormenta</span> <span class='ocrx_word' id='word_1_176' title='bbox 1352 3037 1463 3098; x_wconf 85' lang='lat' dir='ltr'>contra</span> <span class='ocrx_word' id='word_1_177' title='bbox 1485 3031 1653 3115; x_wconf 67' lang='lat' dir='ltr'>retaciat,</span> <span class='ocrx_word' id='word_1_178' title='bbox 1677 3037 1785 3099; x_wconf 87' lang='lat' dir='ltr'>tamen</span> 
     </span>
     <span class='ocr_line' id='line_1_22' title="bbox 594 3136 1784 3218; baseline -0.002 -14"><span class='ocrx_word' id='word_1_179' title='bbox 594 3139 792 3205; x_wconf 92' lang='lat' dir='ltr'>damnandus</span> <span class='ocrx_word' id='word_1_180' title='bbox 822 3139 959 3205; x_wconf 81' lang='lat' dir='ltr'>Serenus</span> <span class='ocrx_word' id='word_1_181' title='bbox 991 3144 1055 3216; x_wconf 89' lang='lat' dir='ltr'>est,</span> <span class='ocrx_word' id='word_1_182' title='bbox 1080 3158 1155 3203; x_wconf 92' lang='lat' dir='ltr'>nam</span> <span class='ocrx_word' id='word_1_183' title='bbox 1178 3144 1251 3203; x_wconf 88' lang='lat' dir='ltr'>ante</span> <span class='ocrx_word' id='word_1_184' title='bbox 1277 3145 1347 3204; x_wconf 92' lang='lat' dir='ltr'>octo</span> <span class='ocrx_word' id='word_1_185' title='bbox 1371 3158 1469 3203; x_wconf 90' lang='lat' dir='ltr'>anuos</span> <span class='ocrx_word' id='word_1_186' title='bbox 1492 3136 1662 3218; x_wconf 81' lang='lat' dir='ltr'>maledixit</span> <span class='ocrx_word' id='word_1_187' title='bbox 1685 3139 1784 3216; x_wconf 92' lang='lat' dir='ltr'>mihi,</span> 
     </span>
     <span class='ocr_line' id='line_1_23' title="bbox 593 3243 1784 3331; baseline -0.003 -19"><span class='ocrx_word' id='word_1_188' title='bbox 593 3251 625 3312; x_wconf 87' lang='lat' dir='ltr'>et</span> <span class='ocrx_word' id='word_1_189' title='bbox 658 3252 767 3331; x_wconf 80' lang='lat' dir='ltr'>postca</span> <span class='ocrx_word' id='word_1_190' title='bbox 796 3266 922 3329; x_wconf 90' lang='lat' dir='ltr'>quoquc</span> <span class='ocrx_word' id='word_1_191' title='bbox 952 3264 1055 3309; x_wconf 88' lang='lat' dir='ltr'>unum</span> <span class='ocrx_word' id='word_1_192' title='bbox 1078 3251 1110 3309; x_wconf 91' lang='lat' dir='ltr'>et</span> <span class='ocrx_word' id='word_1_193' title='bbox 1134 3243 1275 3310; x_wconf 91' lang='lat' dir='ltr'>alterum</span> <span class='ocrx_word' id='word_1_194' title='bbox 1299 3244 1373 3308; x_wconf 87' lang='lat' dir='ltr'>fecit</span> <span class='ocrx_word' id='word_1_195' title='bbox 1397 3243 1481 3328; x_wconf 91' lang='lat' dir='ltr'>quod</span> <span class='ocrx_word' id='word_1_196' title='bbox 1504 3244 1586 3308; x_wconf 92' lang='lat' dir='ltr'>mihi</span> <span class='ocrx_word' id='word_1_197' title='bbox 1608 3243 1784 3309; x_wconf 87' lang='lat' dir='ltr'>molestum</span> 
     </span>
     <span class='ocr_line' id='line_1_24' title="bbox 594 3347 1784 3436; baseline -0.003 -19"><span class='ocrx_word' id='word_1_198' title='bbox 594 3351 707 3417; x_wconf 71' lang='lat' dir='ltr'>esset&#39;,</span> <span class='ocrx_word' id='word_1_199' title='bbox 741 3350 896 3415; x_wconf 79' lang='lat' dir='ltr'>Fabulam</span> <span class='ocrx_word' id='word_1_200' title='bbox 927 3371 1003 3436; x_wconf 91' lang='lat' dir='ltr'>ergo</span> <span class='ocrx_word' id='word_1_201' title='bbox 1036 3350 1074 3415; x_wconf 91' lang='lat' dir='ltr'>de</span> <span class='ocrx_word' id='word_1_202' title='bbox 1103 3348 1179 3435; x_wconf 91' lang='lat' dir='ltr'>lupo</span> <span class='ocrx_word' id='word_1_203' title='bbox 1207 3356 1239 3414; x_wconf 91' lang='lat' dir='ltr'>st</span> <span class='ocrx_word' id='word_1_204' title='bbox 1261 3369 1345 3435; x_wconf 88' lang='lat' dir='ltr'>agno</span> <span class='ocrx_word' id='word_1_205' title='bbox 1370 3349 1461 3414; x_wconf 92' lang='lat' dir='ltr'>uobis</span> <span class='ocrx_word' id='word_1_206' title='bbox 1484 3347 1604 3414; x_wconf 73' lang='lat' dir='ltr'>liberii</span> <span class='ocrx_word' id='word_1_207' title='bbox 1625 3350 1727 3415; x_wconf 89' lang='lat' dir='ltr'>oratio</span> <span class='ocrx_word' id='word_1_208' title='bbox 1749 3351 1784 3414; x_wconf 93' lang='lat' dir='ltr'>in</span> 
     </span>
     <span class='ocr_line' id='line_1_25' title="bbox 596 3463 866 3523; baseline -0.007 -1"><span class='ocrx_word' id='word_1_209' title='bbox 596 3463 739 3523; x_wconf 84' lang='lat' dir='ltr'>mentem</span> <span class='ocrx_word' id='word_1_210' title='bbox 763 3463 866 3523; x_wconf 85' lang='lat' dir='ltr'>vocat.</span> 
     </span>
    </p>

    <p class='ocr_par' dir='ltr' id='par_1_7' title="bbox 597 3551 1788 3858">
     <span class='ocr_line' id='line_1_26' title="bbox 642 3551 1787 3640; baseline -0.002 -12"><span class='ocrx_word' id='word_1_211' title='bbox 642 3565 724 3628; x_wconf 62' lang='lat' dir='ltr'>trun.</span> <span class='ocrx_word' id='word_1_212' title='bbox 747 3561 800 3640; x_wconf 85' lang='lat' dir='ltr'>IV,</span> <span class='ocrx_word' id='word_1_213' title='bbox 827 3561 880 3626; x_wconf 83' lang='grc'>34.</span> <span class='ocrx_word' id='word_1_214' title='bbox 904 3551 1092 3628; x_wconf 82' lang='lat' dir='ltr'>Cremutius</span> <span class='ocrx_word' id='word_1_215' title='bbox 1115 3561 1237 3629; x_wconf 81' lang='lat' dir='ltr'>Gordus</span> <span class='ocrx_word' id='word_1_216' title='bbox 1261 3567 1299 3627; x_wconf 91' lang='lat' dir='ltr'>ut</span> <span class='ocrx_word' id='word_1_217' title='bbox 1323 3562 1520 3627; x_wconf 88' lang='lat' dir='ltr'>demonstret</span> <span class='ocrx_word' id='word_1_218' title='bbox 1543 3583 1576 3627; x_wconf 89' lang='lat' dir='ltr'>se</span> <span class='ocrx_word' id='word_1_219' title='bbox 1599 3561 1681 3627; x_wconf 91' lang='lat' dir='ltr'>nihil</span> <span class='ocrx_word' id='word_1_220' title='bbox 1700 3584 1787 3629; x_wconf 91' lang='lat' dir='ltr'>com-</span> 
     </span>
     <span class='ocr_line' id='line_1_27' title="bbox 597 3667 1788 3753; baseline 0 -20"><span class='ocrx_word' id='word_1_221' title='bbox 597 3671 725 3733; x_wconf 67' lang='lat' dir='ltr'>maisss</span> <span class='ocrx_word' id='word_1_222' title='bbox 760 3668 846 3753; x_wconf 91' lang='lat' dir='ltr'>quod</span> <span class='ocrx_word' id='word_1_223' title='bbox 881 3668 1020 3732; x_wconf 90' lang='lat' dir='ltr'>Brutum</span> <span class='ocrx_word' id='word_1_224' title='bbox 1055 3674 1087 3733; x_wconf 92' lang='lat' dir='ltr'>et</span> <span class='ocrx_word' id='word_1_225' title='bbox 1118 3667 1266 3735; x_wconf 86' lang='lat' dir='ltr'>Cassium</span> <span class='ocrx_word' id='word_1_226' title='bbox 1301 3667 1500 3747; x_wconf 82' lang='lat' dir='ltr'>laudaverit,</span> <span class='ocrx_word' id='word_1_227' title='bbox 1536 3677 1568 3735; x_wconf 92' lang='lat' dir='ltr'>ct</span> <span class='ocrx_word' id='word_1_228' title='bbox 1603 3667 1667 3735; x_wconf 92' lang='lat' dir='ltr'>alia</span> <span class='ocrx_word' id='word_1_229' title='bbox 1698 3669 1788 3734; x_wconf 82' lang='lat' dir='ltr'>affert</span> 
     </span>
     <span class='ocr_line' id='line_1_28' title="bbox 597 3771 899 3858; baseline -0.013 -18"><span class='ocrx_word' id='word_1_230' title='bbox 597 3771 746 3858; x_wconf 77' lang='lat' dir='ltr'>exempla</span> <span class='ocrx_word' id='word_1_231' title='bbox 769 3781 801 3838; x_wconf 91' lang='lat' dir='ltr'>et</span> <span class='ocrx_word' id='word_1_232' title='bbox 822 3774 899 3838; x_wconf 90' lang='lat' dir='ltr'>hoc:</span> 
     </span>
    </p>
   </div>
   <div class='ocr_carea' id='block_1_5' title="bbox 645 3868 1903 3963">
    <p class='ocr_par' dir='ltr' id='par_1_8' title="bbox 645 3868 1903 3963">
     <span class='ocr_line' id='line_1_29' title="bbox 645 3868 1903 3963; baseline 0 -22"><span class='ocrx_word' id='word_1_233' title='bbox 645 3877 760 3955; x_wconf 83' lang='lat' dir='ltr'>„Titus</span> <span class='ocrx_word' id='word_1_234' title='bbox 783 3878 914 3955; x_wconf 85' lang='lat' dir='ltr'>Livius,</span> <span class='ocrx_word' id='word_1_235' title='bbox 939 3877 1138 3963; x_wconf 88' lang='lat' dir='ltr'>eloquentiae</span> <span class='ocrx_word' id='word_1_236' title='bbox 1161 3898 1196 3942; x_wconf 93' lang='lat' dir='ltr'>ac</span> <span class='ocrx_word' id='word_1_237' title='bbox 1218 3877 1293 3943; x_wconf 91' lang='lat' dir='ltr'>fidei</span> <span class='ocrx_word' id='word_1_238' title='bbox 1316 3877 1497 3963; x_wconf 89' lang='lat' dir='ltr'>praeclarus</span> <span class='ocrx_word' id='word_1_239' title='bbox 1517 3878 1553 3944; x_wconf 88' lang='lat' dir='ltr'>in</span> <span class='ocrx_word' id='word_1_240' title='bbox 1576 3880 1707 3963; x_wconf 87' lang='lat' dir='ltr'>primis,</span> <span class='ocrx_word' id='word_1_241' title='bbox 1729 3876 1786 3944; x_wconf 88' lang='lat' dir='ltr'>On.</span> <span class='ocrx_word' id='word_1_242' title='bbox 1899 3868 1903 3875; x_wconf 81' lang='grc'><strong>’</strong></span> 
     </span>
    </p>
   </div>
   <div class='ocr_carea' id='block_1_6' title="bbox 596 3983 1790 5026">
    <p class='ocr_par' dir='ltr' id='par_1_9' title="bbox 596 3983 1790 5026">
     <span class='ocr_line' id='line_1_30' title="bbox 597 3983 1787 4070; baseline 0 -21"><span class='ocrx_word' id='word_1_243' title='bbox 597 3986 791 4070; x_wconf 88' lang='lat' dir='ltr'>Pompeium</span> <span class='ocrx_word' id='word_1_244' title='bbox 819 3984 937 4049; x_wconf 89' lang='lat' dir='ltr'>talibus</span> <span class='ocrx_word' id='word_1_245' title='bbox 968 3983 1117 4049; x_wconf 89' lang='lat' dir='ltr'>laudibus</span> <span class='ocrx_word' id='word_1_246' title='bbox 1147 3983 1281 4063; x_wconf 90' lang='lat' dir='ltr'>extulit,</span> <span class='ocrx_word' id='word_1_247' title='bbox 1306 3990 1345 4049; x_wconf 89' lang='lat' dir='ltr'>ut</span> <span class='ocrx_word' id='word_1_248' title='bbox 1368 3985 1603 4070; x_wconf 89' lang='lat' dir='ltr'>Pompeianum</span> <span class='ocrx_word' id='word_1_249' title='bbox 1627 4004 1701 4049; x_wconf 92' lang='lat' dir='ltr'>eum</span> <span class='ocrx_word' id='word_1_250' title='bbox 1726 3984 1787 4049; x_wconf 82' lang='lat' dir='ltr'>Au·</span> 
     </span>
     <span class='ocr_line' id='line_1_31' title="bbox 596 4089 1594 4178; baseline -0.001 -22"><span class='ocrx_word' id='word_1_251' title='bbox 596 4097 715 4178; x_wconf 87' lang='lat' dir='ltr'>gustus</span> <span class='ocrx_word' id='word_1_252' title='bbox 739 4089 931 4175; x_wconf 88' lang='lat' dir='ltr'>appellaret:</span> <span class='ocrx_word' id='word_1_253' title='bbox 956 4111 1057 4175; x_wconf 93' lang='lat' dir='ltr'>neque</span> <span class='ocrx_word' id='word_1_254' title='bbox 1080 4090 1114 4154; x_wconf 88' lang='lat' dir='ltr'>id</span> <span class='ocrx_word' id='word_1_255' title='bbox 1137 4093 1300 4156; x_wconf 88' lang='lat' dir='ltr'>amicitiae</span> <span class='ocrx_word' id='word_1_256' title='bbox 1324 4112 1434 4157; x_wconf 91' lang='lat' dir='ltr'>eorum</span> <span class='ocrx_word' id='word_1_257' title='bbox 1458 4090 1594 4156; x_wconf 82' lang='lat' dir='ltr'>offecit’&#39;.</span> 
     </span>
     <span class='ocr_line' id='line_1_32' title="bbox 643 4195 1787 4281; baseline -0.001 -20"><span class='ocrx_word' id='word_1_258' title='bbox 643 4198 839 4281; x_wconf 90' lang='lat' dir='ltr'>Plerumque</span> <span class='ocrx_word' id='word_1_259' title='bbox 868 4195 925 4262; x_wconf 90' lang='lat' dir='ltr'>illo</span> <span class='ocrx_word' id='word_1_260' title='bbox 956 4196 1111 4262; x_wconf 82' lang='lat' dir='ltr'>vocabulo</span> <span class='ocrx_word' id='word_1_261' title='bbox 1131 4199 1215 4279; x_wconf 73' lang='lat' dir='ltr'>fider</span> <span class='ocrx_word' id='word_1_262' title='bbox 1245 4204 1359 4262; x_wconf 91' lang='lat' dir='ltr'>notum</span> <span class='ocrx_word' id='word_1_263' title='bbox 1375 4196 1486 4262; x_wconf 26' lang='lat' dir='ltr'>,illum</span> <span class='ocrx_word' id='word_1_264' title='bbox 1516 4196 1603 4261; x_wconf 82' lang='lat' dir='ltr'>Livii</span> <span class='ocrx_word' id='word_1_265' title='bbox 1631 4198 1787 4260; x_wconf 80' lang='lat' dir='ltr'>candorem</span> 
     </span>
     <span class='ocr_line' id='line_1_33' title="bbox 597 4301 1787 4387; baseline -0.001 -19"><span class='ocrx_word' id='word_1_266' title='bbox 597 4303 723 4369; x_wconf 89' lang='lat' dir='ltr'>laudari</span> <span class='ocrx_word' id='word_1_267' title='bbox 753 4305 816 4368; x_wconf 81' lang='lat' dir='ltr'>viri</span> <span class='ocrx_word' id='word_1_268' title='bbox 846 4302 931 4368; x_wconf 91' lang='lat' dir='ltr'>docti</span> <span class='ocrx_word' id='word_1_269' title='bbox 960 4308 1092 4387; x_wconf 89' lang='lat' dir='ltr'>putant;</span> <span class='ocrx_word' id='word_1_270' title='bbox 1117 4303 1172 4367; x_wconf 87' lang='lat' dir='ltr'>sed</span> <span class='ocrx_word' id='word_1_271' title='bbox 1194 4301 1253 4367; x_wconf 89' lang='lat' dir='ltr'>illa</span> <span class='ocrx_word' id='word_1_272' title='bbox 1276 4302 1407 4387; x_wconf 91' lang='lat' dir='ltr'>quidem</span> <span class='ocrx_word' id='word_1_273' title='bbox 1430 4303 1527 4366; x_wconf 80' lang='lat' dir='ltr'>cirtae</span> <span class='ocrx_word' id='word_1_274' title='bbox 1550 4302 1627 4387; x_wconf 92' lang='lat' dir='ltr'>quid</span> <span class='ocrx_word' id='word_1_275' title='bbox 1649 4303 1701 4367; x_wconf 87' lang='lat' dir='ltr'>hic</span> <span class='ocrx_word' id='word_1_276' title='bbox 1724 4303 1787 4368; x_wconf 86' lang='lat' dir='ltr'>sibi</span> 
     </span>
     <span class='ocr_line' id='line_1_34' title="bbox 599 4407 1788 4495; baseline -0.004 -18"><span class='ocrx_word' id='word_1_277' title='bbox 599 4408 693 4477; x_wconf 81' lang='lat' dir='ltr'>vult?</span> <span class='ocrx_word' id='word_1_278' title='bbox 725 4409 891 4489; x_wconf 82' lang='lat' dir='ltr'>Quomodo</span> <span class='ocrx_word' id='word_1_279' title='bbox 922 4409 996 4473; x_wconf 89' lang='lat' dir='ltr'>inde</span> <span class='ocrx_word' id='word_1_280' title='bbox 1026 4407 1212 4475; x_wconf 80' lang='lat' dir='ltr'>Cremutius</span> <span class='ocrx_word' id='word_1_281' title='bbox 1236 4412 1464 4495; x_wconf 89' lang='lat' dir='ltr'>argumentum</span> <span class='ocrx_word' id='word_1_282' title='bbox 1487 4414 1595 4493; x_wconf 88' lang='lat' dir='ltr'>petere</span> <span class='ocrx_word' id='word_1_283' title='bbox 1618 4413 1725 4494; x_wconf 88' lang='lat' dir='ltr'>potest</span> <span class='ocrx_word' id='word_1_284' title='bbox 1748 4407 1788 4474; x_wconf 89' lang='lat' dir='ltr'>ad</span> 
     </span>
     <span class='ocr_line' id='line_1_35' title="bbox 597 4511 1790 4599; baseline -0.005 -16"><span class='ocrx_word' id='word_1_285' title='bbox 597 4518 695 4583; x_wconf 85' lang='lat' dir='ltr'>verba</span> <span class='ocrx_word' id='word_1_286' title='bbox 725 4536 784 4581; x_wconf 91' lang='lat' dir='ltr'>sua</span> <span class='ocrx_word' id='word_1_287' title='bbox 814 4520 980 4599; x_wconf 89' lang='lat' dir='ltr'>tamquam</span> <span class='ocrx_word' id='word_1_288' title='bbox 1004 4517 1142 4579; x_wconf 90' lang='lat' dir='ltr'>innocua</span> <span class='ocrx_word' id='word_1_289' title='bbox 1164 4511 1380 4580; x_wconf 82' lang='lat' dir='ltr'>defendenda?</span> <span class='ocrx_word' id='word_1_290' title='bbox 1404 4515 1495 4579; x_wconf 79' lang='lat' dir='ltr'>Fidee</span> <span class='ocrx_word' id='word_1_291' title='bbox 1518 4513 1714 4599; x_wconf 89' lang='lat' dir='ltr'>intelligitur</span> <span class='ocrx_word' id='word_1_292' title='bbox 1737 4514 1790 4578; x_wconf 93' lang='lat' dir='ltr'>hic</span> 
     </span>
     <span class='ocr_line' id='line_1_36' title="bbox 599 4618 1789 4707; baseline -0.004 -19"><span class='ocrx_word' id='word_1_293' title='bbox 599 4624 677 4688; x_wconf 88' lang='lat' dir='ltr'>fides</span> <span class='ocrx_word' id='word_1_294' title='bbox 707 4642 784 4707; x_wconf 89' lang='lat' dir='ltr'>erga</span> <span class='ocrx_word' id='word_1_295' title='bbox 815 4623 993 4707; x_wconf 88' lang='lat' dir='ltr'>principem</span> <span class='ocrx_word' id='word_1_296' title='bbox 1026 4628 1058 4685; x_wconf 93' lang='lat' dir='ltr'>et</span> <span class='ocrx_word' id='word_1_297' title='bbox 1088 4622 1217 4686; x_wconf 91' lang='lat' dir='ltr'>omniuo</span> <span class='ocrx_word' id='word_1_298' title='bbox 1250 4640 1327 4706; x_wconf 89' lang='lat' dir='ltr'>erga</span> <span class='ocrx_word' id='word_1_299' title='bbox 1358 4620 1429 4691; x_wconf 80' lang='grc' dir='ltr'>τοὺς</span> <span class='ocrx_word' id='word_1_300' title='bbox 1460 4621 1491 4684; x_wconf 82' lang='grc' dir='ltr'>ἕν</span> <span class='ocrx_word' id='word_1_301' title='bbox 1515 4620 1598 4686; x_wconf 76' lang='grc' dir='ltr'>τέλει</span> <span class='ocrx_word' id='word_1_302' title='bbox 1621 4618 1789 4698; x_wconf 70' lang='grc' dir='ltr'>βεβῶταςτ</span> 
     </span>
     <span class='ocr_line' id='line_1_37' title="bbox 598 4724 1790 4813; baseline -0.004 -18"><span class='ocrx_word' id='word_1_303' title='bbox 598 4736 647 4795; x_wconf 89' lang='lat' dir='ltr'>est</span> <span class='ocrx_word' id='word_1_304' title='bbox 666 4730 736 4793; x_wconf 91' lang='lat' dir='ltr'>eius</span> <span class='ocrx_word' id='word_1_305' title='bbox 755 4730 863 4812; x_wconf 91' lang='lat' dir='ltr'>quiin</span> <span class='ocrx_word' id='word_1_306' title='bbox 883 4728 1043 4811; x_wconf 88' lang='lat' dir='ltr'>praesenti</span> <span class='ocrx_word' id='word_1_307' title='bbox 1062 4747 1170 4791; x_wconf 89' lang='lat' dir='ltr'>rerum</span> <span class='ocrx_word' id='word_1_308' title='bbox 1188 4725 1371 4792; x_wconf 88' lang='lat' dir='ltr'>condicione</span> <span class='ocrx_word' id='word_1_309' title='bbox 1383 4731 1416 4791; x_wconf 89' lang='lat' dir='ltr'>et</span> <span class='ocrx_word' id='word_1_310' title='bbox 1427 4728 1586 4813; x_wconf 89' lang='lat' dir='ltr'>praesenti</span> <span class='ocrx_word' id='word_1_311' title='bbox 1596 4724 1790 4811; x_wconf 89' lang='lat' dir='ltr'>reipublicae</span> 
     </span>
     <span class='ocr_line' id='line_1_38' title="bbox 600 4832 1790 4919; baseline -0.003 -18"><span class='ocrx_word' id='word_1_312' title='bbox 600 4840 688 4902; x_wconf 88' lang='lat' dir='ltr'>statu</span> <span class='ocrx_word' id='word_1_313' title='bbox 711 4835 883 4919; x_wconf 90' lang='lat' dir='ltr'>acquiescit</span> <span class='ocrx_word' id='word_1_314' title='bbox 908 4839 940 4898; x_wconf 90' lang='lat' dir='ltr'>et</span> <span class='ocrx_word' id='word_1_315' title='bbox 964 4833 1003 4898; x_wconf 87' lang='lat' dir='ltr'>ds</span> <span class='ocrx_word' id='word_1_316' title='bbox 1025 4834 1117 4898; x_wconf 82' lang='lat' dir='ltr'>novis</span> <span class='ocrx_word' id='word_1_317' title='bbox 1137 4833 1232 4897; x_wconf 86' lang='lat' dir='ltr'>rebus</span> <span class='ocrx_word' id='word_1_318' title='bbox 1251 4853 1291 4897; x_wconf 91' lang='lat' dir='ltr'>ne</span> <span class='ocrx_word' id='word_1_319' title='bbox 1310 4835 1450 4899; x_wconf 88' lang='lat' dir='ltr'>somniat</span> <span class='ocrx_word' id='word_1_320' title='bbox 1470 4832 1611 4918; x_wconf 89' lang='lat' dir='ltr'>quidem.</span> <span class='ocrx_word' id='word_1_321' title='bbox 1634 4832 1694 4899; x_wconf 76' lang='lat' dir='ltr'>Est</span> <span class='ocrx_word' id='word_1_322' title='bbox 1713 4852 1790 4918; x_wconf 90' lang='lat' dir='ltr'>ergo</span> 
     </span>
     <span class='ocr_line' id='line_1_39' title="bbox 602 4936 1790 5026; baseline -0.001 -21"><span class='ocrx_word' id='word_1_323' title='bbox 602 4940 689 5026; x_wconf 92' lang='lat' dir='ltr'>quod</span> <span class='ocrx_word' id='word_1_324' title='bbox 717 4938 918 5025; x_wconf 87' lang='lat' dir='ltr'>Francogalli</span> <span class='ocrx_word' id='word_1_325' title='bbox 949 4938 1122 5026; x_wconf 77' lang='lat' dir='ltr'>„loyaute”</span> <span class='ocrx_word' id='word_1_326' title='bbox 1154 4936 1326 5025; x_wconf 89' lang='lat' dir='ltr'>appellant.</span> <span class='ocrx_word' id='word_1_327' title='bbox 1359 4936 1445 5004; x_wconf 78' lang='lat' dir='ltr'>Talis</span> <span class='ocrx_word' id='word_1_328' title='bbox 1475 4940 1537 5004; x_wconf 86' lang='lat' dir='ltr'>fuit</span> <span class='ocrx_word' id='word_1_329' title='bbox 1559 4938 1673 5004; x_wconf 86' lang='lat' dir='ltr'>Livius</span> <span class='ocrx_word' id='word_1_330' title='bbox 1696 4943 1729 5004; x_wconf 92' lang='lat' dir='ltr'>et</span> <span class='ocrx_word' id='word_1_331' title='bbox 1750 4938 1790 5004; x_wconf 90' lang='lat' dir='ltr'>ob</span> 
     </span>
    </p>
   </div>
   <div class='ocr_carea' id='block_1_7' title="bbox 0 0 2576 6148">
    <p class='ocr_par' dir='ltr' id='par_1_10' title="bbox 0 0 2576 6148">
     <span class='ocr_line' id='line_1_40' title="bbox 0 0 2576 6148; baseline 0 0"><span class='ocrx_word' id='word_1_332' title='bbox 0 0 2576 6148; x_wconf 95' lang='lat' dir='ltr'> </span> 
     </span>
    </p>
   </div>
  </div>
 </body>
</html>
