<?xml version="1.0" encoding="UTF-8"?>
<!DOCTYPE html PUBLIC "-//W3C//DTD XHTML 1.0 Transitional//EN"
    "http://www.w3.org/TR/xhtml1/DTD/xhtml1-transitional.dtd">
<html xmlns="http://www.w3.org/1999/xhtml" xml:lang="en" lang="en">
 <head>
  <title>
</title>
<meta http-equiv="Content-Type" content="text/html;charset=utf-8" />
  <meta name='ocr-system' content='tesseract 3.04.00' />
  <meta name='ocr-capabilities' content='ocr_page ocr_carea ocr_par ocr_line ocrx_word'/>
</head>
<body>
  <div class='ocr_page' id='page_1' title='image "./mnemosyne04verdgoog_0084.png"; bbox 0 0 5125 6150; ppageno 0'>
   <div class='ocr_carea' id='block_1_1' title="bbox 1100 734 1792 829">
    <p class='ocr_par' dir='ltr' id='par_1_1' title="bbox 1100 734 1792 829">
     <span class='ocr_line' id='line_1_1' title="bbox 1100 734 1792 829; baseline -0.003 -2"><span class='ocrx_word' id='word_1_1' title='bbox 1100 780 1309 829; x_wconf 76' lang='lat' dir='ltr'><strong>annornmns.</strong></span> <span class='ocrx_word' id='word_1_2' title='bbox 1374 734 1379 747; x_wconf 49' lang='grc'><em>’</em></span> <span class='ocrx_word' id='word_1_3' title='bbox 1750 759 1792 826; x_wconf 88' lang='grc'><strong>81</strong></span> 
     </span>
    </p>
   </div>
   <div class='ocr_carea' id='block_1_2' title="bbox 606 946 1799 1566">
    <p class='ocr_par' dir='ltr' id='par_1_2' title="bbox 606 946 1799 1566">
     <span class='ocr_line' id='line_1_2' title="bbox 607 946 1796 1033; baseline -0.002 -21"><span class='ocrx_word' id='word_1_4' title='bbox 607 950 667 1033; x_wconf 90' lang='lat' dir='ltr'><strong>qui</strong></span> <span class='ocrx_word' id='word_1_5' title='bbox 708 946 833 1013; x_wconf 88' lang='lat' dir='ltr'><strong>nullam</strong></span> <span class='ocrx_word' id='word_1_6' title='bbox 867 947 1015 1013; x_wconf 87' lang='lat' dir='ltr'><strong>idoneam</strong></span> <span class='ocrx_word' id='word_1_7' title='bbox 1050 967 1177 1012; x_wconf 87' lang='lat' dir='ltr'><strong>cansam</strong></span> <span class='ocrx_word' id='word_1_8' title='bbox 1214 948 1393 1033; x_wconf 86' lang='lat' dir='ltr'><strong>potuissent</strong></span> <span class='ocrx_word' id='word_1_9' title='bbox 1428 946 1628 1032; x_wconf 76' lang='lat' dir='ltr'><strong>praetendere</strong></span> <span class='ocrx_word' id='word_1_10' title='bbox 1661 968 1717 1012; x_wconf 89' lang='lat' dir='ltr'><strong>cur</strong></span> <span class='ocrx_word' id='word_1_11' title='bbox 1749 948 1796 1011; x_wconf 90' lang='lat' dir='ltr'><strong>ita</strong></span> 
     </span>
     <span class='ocr_line' id='line_1_3' title="bbox 606 1050 1797 1133; baseline -0.002 -14"><span class='ocrx_word' id='word_1_12' title='bbox 606 1055 764 1133; x_wconf 88' lang='lat' dir='ltr'><strong>facerent;</strong></span> <span class='ocrx_word' id='word_1_13' title='bbox 797 1052 882 1119; x_wconf 93' lang='lat' dir='ltr'><strong>bello</strong></span> <span class='ocrx_word' id='word_1_14' title='bbox 914 1075 989 1118; x_wconf 84' lang='lat' dir='ltr'><strong>vero</strong></span> <span class='ocrx_word' id='word_1_15' title='bbox 1013 1059 1137 1131; x_wconf 86' lang='lat' dir='ltr'><strong>coorto,</strong></span> <span class='ocrx_word' id='word_1_16' title='bbox 1162 1073 1236 1117; x_wconf 90' lang='lat' dir='ltr'><strong>cum</strong></span> <span class='ocrx_word' id='word_1_17' title='bbox 1260 1074 1369 1118; x_wconf 90' lang='lat' dir='ltr'><strong>omnes</strong></span> <span class='ocrx_word' id='word_1_18' title='bbox 1393 1053 1457 1119; x_wconf 88' lang='lat' dir='ltr'><strong>fere</strong></span> <span class='ocrx_word' id='word_1_19' title='bbox 1480 1050 1628 1119; x_wconf 77' lang='lat' dir='ltr'><strong>Graeciae</strong></span> <span class='ocrx_word' id='word_1_20' title='bbox 1651 1055 1797 1118; x_wconf 84' lang='lat' dir='ltr'><strong>civitates</strong></span> 
     </span>
     <span class='ocr_line' id='line_1_4' title="bbox 608 1158 1797 1246; baseline -0.001 -20"><span class='ocrx_word' id='word_1_21' title='bbox 608 1167 668 1226; x_wconf 83' lang='lat' dir='ltr'><strong>aut</strong></span> <span class='ocrx_word' id='word_1_22' title='bbox 699 1160 738 1225; x_wconf 90' lang='lat' dir='ltr'><strong>ad</strong></span> <span class='ocrx_word' id='word_1_23' title='bbox 770 1161 978 1226; x_wconf 75' lang='lat' dir='ltr'><strong>Athenienses</strong></span> <span class='ocrx_word' id='word_1_24' title='bbox 1009 1165 1066 1225; x_wconf 85' lang='lat' dir='ltr'><strong>aut</strong></span> <span class='ocrx_word' id='word_1_25' title='bbox 1095 1159 1135 1224; x_wconf 89' lang='lat' dir='ltr'><strong>ad</strong></span> <span class='ocrx_word' id='word_1_26' title='bbox 1166 1158 1432 1225; x_wconf 82' lang='lat' dir='ltr'><strong>Lacedaemonios</strong></span> <span class='ocrx_word' id='word_1_27' title='bbox 1455 1181 1488 1224; x_wconf 87' lang='lat' dir='ltr'><strong>se</strong></span> <span class='ocrx_word' id='word_1_28' title='bbox 1510 1158 1721 1246; x_wconf 75' lang='lat' dir='ltr'><strong>applicarent,</strong></span> <span class='ocrx_word' id='word_1_29' title='bbox 1745 1180 1797 1225; x_wconf 82' lang='lat' dir='ltr'><strong>no</strong></span> 
     </span>
     <span class='ocr_line' id='line_1_5' title="bbox 607 1266 1798 1353; baseline -0.002 -21"><span class='ocrx_word' id='word_1_30' title='bbox 607 1289 727 1332; x_wconf 77' lang='lat' dir='ltr'><strong>varum</strong></span> <span class='ocrx_word' id='word_1_31' title='bbox 770 1289 878 1333; x_wconf 91' lang='lat' dir='ltr'><strong>rerum</strong></span> <span class='ocrx_word' id='word_1_32' title='bbox 912 1266 1037 1353; x_wconf 91' lang='lat' dir='ltr'><strong>cupidis</strong></span> <span class='ocrx_word' id='word_1_33' title='bbox 1069 1287 1202 1331; x_wconf 89' lang='lat' dir='ltr'><strong>suorum</strong></span> <span class='ocrx_word' id='word_1_34' title='bbox 1236 1266 1488 1332; x_wconf 82' lang='lat' dir='ltr'><strong>invocandorum</strong></span> <span class='ocrx_word' id='word_1_35' title='bbox 1523 1266 1630 1352; x_wconf 89' lang='lat' dir='ltr'><strong>ample</strong></span> <span class='ocrx_word' id='word_1_36' title='bbox 1664 1266 1798 1331; x_wconf 86' lang='lat' dir='ltr'><strong>dabatur</strong></span> 
     </span>
     <span class='ocr_line' id='line_1_6' title="bbox 609 1372 1799 1460; baseline -0.001 -21"><span class='ocrx_word' id='word_1_37' title='bbox 609 1376 743 1439; x_wconf 82' lang='lat' dir='ltr'><strong>occasio.</strong></span> <span class='ocrx_word' id='word_1_38' title='bbox 777 1374 919 1454; x_wconf 82' lang='lat' dir='ltr'><strong>Quorum</strong></span> <span class='ocrx_word' id='word_1_39' title='bbox 950 1372 1069 1439; x_wconf 77' lang='lat' dir='ltr'><strong>acribo</strong></span> <span class='ocrx_word' id='word_1_40' title='bbox 1093 1395 1129 1438; x_wconf 89' lang='lat' dir='ltr'><strong>eo</strong></span> <span class='ocrx_word' id='word_1_41' title='bbox 1153 1375 1260 1438; x_wconf 88' lang='lat' dir='ltr'><strong>animo</strong></span> <span class='ocrx_word' id='word_1_42' title='bbox 1283 1376 1375 1438; x_wconf 89' lang='lat' dir='ltr'><strong>usuri</strong></span> <span class='ocrx_word' id='word_1_43' title='bbox 1398 1379 1487 1439; x_wconf 88' lang='lat' dir='ltr'><strong>erent</strong></span> <span class='ocrx_word' id='word_1_44' title='bbox 1510 1380 1547 1438; x_wconf 90' lang='lat' dir='ltr'><strong>ut</strong></span> <span class='ocrx_word' id='word_1_45' title='bbox 1570 1375 1726 1460; x_wconf 83' lang='lat' dir='ltr'><strong>oppressis</strong></span> <span class='ocrx_word' id='word_1_46' title='bbox 1748 1373 1799 1438; x_wconf 89' lang='lat' dir='ltr'><strong>ad-</strong></span> 
     </span>
     <span class='ocr_line' id='line_1_7' title="bbox 608 1479 1491 1566; baseline -0.001 -20"><span class='ocrx_word' id='word_1_47' title='bbox 608 1483 762 1546; x_wconf 80' lang='lat' dir='ltr'><strong>versariis</strong></span> <span class='ocrx_word' id='word_1_48' title='bbox 785 1482 916 1546; x_wconf 86' lang='lat' dir='ltr'><strong>sibimet</strong></span> <span class='ocrx_word' id='word_1_49' title='bbox 938 1481 1016 1566; x_wconf 89' lang='lat' dir='ltr'><strong>ipsis</strong></span> <span class='ocrx_word' id='word_1_50' title='bbox 1039 1483 1216 1566; x_wconf 85' lang='lat' dir='ltr'><strong>potentiam</strong></span> <span class='ocrx_word' id='word_1_51' title='bbox 1238 1479 1491 1565; x_wconf 86' lang='lat' dir='ltr'><strong>compararent&#39;&#39;.</strong></span> 
     </span>
    </p>
   </div>
   <div class='ocr_carea' id='block_1_3' title="bbox 612 1665 1803 2602">
    <p class='ocr_par' dir='ltr' id='par_1_3' title="bbox 612 1665 1800 1968">
     <span class='ocr_line' id='line_1_8' title="bbox 657 1665 1799 1754; baseline -0.001 -18"><span class='ocrx_word' id='word_1_52' title='bbox 657 1671 784 1736; x_wconf 81' lang='lat' dir='ltr'><strong>ibidem</strong></span> <span class='ocrx_word' id='word_1_53' title='bbox 813 1669 872 1754; x_wconf 74' lang='lat'><strong>§6</strong></span> <span class='ocrx_word' id='word_1_54' title='bbox 904 1669 972 1749; x_wconf 87' lang='lat' dir='ltr'><strong>(ubi</strong></span> <span class='ocrx_word' id='word_1_55' title='bbox 1004 1688 1083 1753; x_wconf 92' lang='lat' dir='ltr'><strong>quae</strong></span> <span class='ocrx_word' id='word_1_56' title='bbox 1115 1667 1153 1734; x_wconf 91' lang='lat' dir='ltr'><strong>de</strong></span> <span class='ocrx_word' id='word_1_57' title='bbox 1183 1666 1345 1734; x_wconf 88' lang='lat' dir='ltr'><strong>sodaliciis</strong></span> <span class='ocrx_word' id='word_1_58' title='bbox 1376 1665 1460 1733; x_wconf 87' lang='lat' dir='ltr'><strong>melo</strong></span> <span class='ocrx_word' id='word_1_59' title='bbox 1492 1666 1619 1754; x_wconf 87' lang='lat' dir='ltr'><strong>publico</strong></span> <span class='ocrx_word' id='word_1_60' title='bbox 1641 1671 1799 1735; x_wconf 89' lang='lat' dir='ltr'><strong>institutis</strong></span> 
     </span>
     <span class='ocr_line' id='line_1_9' title="bbox 612 1777 1800 1862; baseline -0.003 -19"><span class='ocrx_word' id='word_1_61' title='bbox 612 1779 725 1843; x_wconf 84' lang='lat' dir='ltr'><strong>scribit</strong></span> <span class='ocrx_word' id='word_1_62' title='bbox 759 1779 809 1841; x_wconf 82' lang='lat' dir='ltr'><strong>vir</strong></span> <span class='ocrx_word' id='word_1_63' title='bbox 844 1797 1010 1854; x_wconf 89' lang='lat' dir='ltr'><strong>summus,</strong></span> <span class='ocrx_word' id='word_1_64' title='bbox 1040 1777 1073 1840; x_wconf 91' lang='lat' dir='ltr'><strong>in</strong></span> <span class='ocrx_word' id='word_1_65' title='bbox 1103 1779 1287 1840; x_wconf 88' lang='lat' dir='ltr'><strong>nostrornm</strong></span> <span class='ocrx_word' id='word_1_66' title='bbox 1311 1781 1494 1861; x_wconf 85' lang='lat' dir='ltr'><strong>temporum</strong></span> <span class='ocrx_word' id='word_1_67' title='bbox 1518 1778 1710 1861; x_wconf 83' lang='lat' dir='ltr'><strong>pravitatem</strong></span> <span class='ocrx_word' id='word_1_68' title='bbox 1733 1797 1800 1862; x_wconf 90' lang='lat' dir='ltr'><strong>per·</strong></span> 
     </span>
     <span class='ocr_line' id='line_1_10' title="bbox 612 1881 1609 1968; baseline -0.004 -18"><span class='ocrx_word' id='word_1_69' title='bbox 612 1887 865 1968; x_wconf 82' lang='lat' dir='ltr'><strong>versitatemqne</strong></span> <span class='ocrx_word' id='word_1_70' title='bbox 886 1885 1003 1968; x_wconf 87' lang='lat' dir='ltr'><strong>scripte</strong></span> <span class='ocrx_word' id='word_1_71' title='bbox 1026 1902 1093 1947; x_wconf 91' lang='lat' dir='ltr'><strong>esse</strong></span> <span class='ocrx_word' id='word_1_72' title='bbox 1115 1881 1318 1948; x_wconf 89' lang='lat' dir='ltr'><strong>iureiurando</strong></span> <span class='ocrx_word' id='word_1_73' title='bbox 1343 1882 1609 1963; x_wconf 81' lang='lat' dir='ltr'><strong>confirmaveris):</strong></span> 
     </span>
    </p>

    <p class='ocr_par' dir='ltr' id='par_1_4' title="bbox 615 1987 1803 2602">
     <span class='ocr_line' id='line_1_11' title="bbox 660 1987 1801 2070; baseline 0 -16"><span class='ocrx_word' id='word_1_74' title='bbox 660 1991 714 2054; x_wconf 85' lang='grc' dir='ltr'><strong>καί</strong></span> <span class='ocrx_word' id='word_1_75' title='bbox 748 1992 808 2064; x_wconf 72' lang='grc' dir='ltr'><strong>μὴν</strong></span> <span class='ocrx_word' id='word_1_76' title='bbox 838 1989 889 2052; x_wconf 83' lang='grc' dir='ltr'><strong>καί</strong></span> <span class='ocrx_word' id='word_1_77' title='bbox 922 1988 957 2053; x_wconf 83' lang='grc' dir='ltr'><strong>τδ</strong></span> <span class='ocrx_word' id='word_1_78' title='bbox 989 1987 1138 2066; x_wconf 73' lang='grc' dir='ltr'><strong><em>ξυγγενές</em></strong></span> <span class='ocrx_word' id='word_1_79' title='bbox 1171 1994 1224 2053; x_wconf 85' lang='grc' dir='ltr'><strong>τοῦ</strong></span> <span class='ocrx_word' id='word_1_80' title='bbox 1248 1989 1398 2070; x_wconf 71' lang='grc' dir='ltr'><strong><em>ἑταιρικοῦ</em></strong></span> <span class='ocrx_word' id='word_1_81' title='bbox 1423 1989 1655 2069; x_wconf 77' lang='grc' dir='ltr'><strong><em>ύλλοτριύτερον</em></strong></span> <span class='ocrx_word' id='word_1_82' title='bbox 1680 1988 1801 2066; x_wconf 74' lang='grc' dir='ltr'><strong><em>έγένετο</em></strong></span> 
     </span>
     <span class='ocr_line' id='line_1_12' title="bbox 615 2090 1800 2177; baseline 0.001 -17"><span class='ocrx_word' id='word_1_83' title='bbox 615 2094 667 2160; x_wconf 68' lang='grc' dir='ltr'><strong>διὰ</strong></span> <span class='ocrx_word' id='word_1_84' title='bbox 697 2094 733 2160; x_wconf 75' lang='grc' dir='ltr'><strong>τί</strong></span> <span class='ocrx_word' id='word_1_85' title='bbox 767 2095 953 2173; x_wconf 78' lang='grc' dir='ltr'><strong><em>ἑτοιμότερον</em></strong></span> <span class='ocrx_word' id='word_1_86' title='bbox 983 2098 1151 2174; x_wconf 79' lang='grc' dir='ltr'><strong><em>(τοῦτο)</em></strong></span> <span class='ocrx_word' id='word_1_87' title='bbox 1172 2101 1196 2156; x_wconf 82' lang='lat'><strong>⁸)</strong></span> <span class='ocrx_word' id='word_1_88' title='bbox 1225 2090 1302 2159; x_wconf 73' lang='lat' dir='ltr'><strong>eleas</strong></span> <span class='ocrx_word' id='word_1_89' title='bbox 1335 2096 1576 2177; x_wconf 69' lang='grc' dir='ltr'><strong>ἀπροφασίστως</strong></span> <span class='ocrx_word' id='word_1_90' title='bbox 1604 2098 1744 2172; x_wconf 77' lang='grc' dir='ltr'><strong><em>τολμῖιν·</em></strong></span> <span class='ocrx_word' id='word_1_91' title='bbox 1768 2097 1800 2161; x_wconf 91' lang='grc' dir='ltr'><strong>ού</strong></span> 
     </span>
     <span class='ocr_line' id='line_1_13' title="bbox 615 2199 1802 2284; baseline -0.002 -16"><span class='ocrx_word' id='word_1_92' title='bbox 615 2207 680 2282; x_wconf 70' lang='grc' dir='ltr'><strong>γαρ</strong></span> <span class='ocrx_word' id='word_1_93' title='bbox 711 2203 797 2278; x_wconf 73' lang='grc' dir='ltr'><strong><em>μετὰ</em></strong></span> <span class='ocrx_word' id='word_1_94' title='bbox 827 2206 885 2265; x_wconf 81' lang='grc' dir='ltr'><strong>τῶν</strong></span> <span class='ocrx_word' id='word_1_95' title='bbox 915 2201 1057 2278; x_wconf 75' lang='grc' dir='ltr'><strong>κειμένων</strong></span> <span class='ocrx_word' id='word_1_96' title='bbox 1087 2202 1183 2276; x_wconf 86' lang='grc' dir='ltr'><strong><em>νίμων</em></strong></span> <span class='ocrx_word' id='word_1_97' title='bbox 1208 2199 1425 2284; x_wconf 61' lang='grc' dir='ltr'><strong><em>ύφελίαςδ)</em></strong></span> <span class='ocrx_word' id='word_1_98' title='bbox 1449 2201 1482 2267; x_wconf 81' lang='grc' dir='ltr'><strong>αἱ</strong></span> <span class='ocrx_word' id='word_1_99' title='bbox 1506 2206 1647 2267; x_wconf 81' lang='grc' dir='ltr'><strong><em>τοιαῦται</em></strong></span> <span class='ocrx_word' id='word_1_100' title='bbox 1671 2199 1802 2281; x_wconf 90' lang='grc' dir='ltr'><strong><em>ξύνοδοι,</em></strong></span> 
     </span>
     <span class='ocr_line' id='line_1_14' title="bbox 616 2307 1803 2392; baseline -0.001 -18"><span class='ocrx_word' id='word_1_101' title='bbox 616 2309 707 2374; x_wconf 67' lang='grc' dir='ltr'><strong><em>ἑλλοὶ</em></strong></span> <span class='ocrx_word' id='word_1_102' title='bbox 738 2309 825 2388; x_wconf 77' lang='grc' dir='ltr'><strong><em>παροδ</em></strong></span> <span class='ocrx_word' id='word_1_103' title='bbox 855 2309 925 2379; x_wconf 81' lang='grc' dir='ltr'><strong><em>τοὺς</em></strong></span> <span class='ocrx_word' id='word_1_104' title='bbox 950 2308 1148 2380; x_wconf 80' lang='grc' dir='ltr'><strong><em>καίεστῶτας</em></strong></span> <span class='ocrx_word' id='word_1_105' title='bbox 1172 2307 1402 2392; x_wconf 71' lang='grc' dir='ltr'><strong><em>πλεονεξίᾳ.</em></strong></span> <span class='ocrx_word' id='word_1_106' title='bbox 1427 2308 1479 2373; x_wconf 82' lang='grc' dir='ltr'><strong>καί</strong></span> <span class='ocrx_word' id='word_1_107' title='bbox 1504 2309 1563 2381; x_wconf 83' lang='grc' dir='ltr'><strong><em>τδις</em></strong></span> <span class='ocrx_word' id='word_1_108' title='bbox 1588 2308 1618 2381; x_wconf 85' lang='grc' dir='ltr'><strong>ές</strong></span> <span class='ocrx_word' id='word_1_109' title='bbox 1641 2313 1727 2388; x_wconf 72' lang='grc' dir='ltr'><strong><em>σφοῖς</em></strong></span> <span class='ocrx_word' id='word_1_110' title='bbox 1751 2309 1803 2374; x_wconf 90' lang='grc' dir='ltr'><strong>αύ-</strong></span> 
     </span>
     <span class='ocr_line' id='line_1_15' title="bbox 617 2413 1802 2498; baseline 0.001 -19"><span class='ocrx_word' id='word_1_111' title='bbox 617 2416 688 2487; x_wconf 78' lang='grc' dir='ltr'><strong><em>τούς</em></strong></span> <span class='ocrx_word' id='word_1_112' title='bbox 720 2416 839 2486; x_wconf 76' lang='grc' dir='ltr'><strong><em>πίστεις</em></strong></span> <span class='ocrx_word' id='word_1_113' title='bbox 871 2415 903 2479; x_wconf 91' lang='grc' dir='ltr'><strong>ού</strong></span> <span class='ocrx_word' id='word_1_114' title='bbox 935 2417 976 2492; x_wconf 75' lang='grc' dir='ltr'><strong>τῷ</strong></span> <span class='ocrx_word' id='word_1_115' title='bbox 1009 2415 1096 2495; x_wconf 82' lang='grc' dir='ltr'><strong><em>ίείω</em></strong></span> <span class='ocrx_word' id='word_1_116' title='bbox 1128 2413 1166 2479; x_wconf 85' lang='grc' dir='ltr'><strong>νύ</strong></span> <span class='ocrx_word' id='word_1_117' title='bbox 1174 2439 1229 2494; x_wconf 83' lang='grc' dir='ltr'><strong>μορ</strong></span> <span class='ocrx_word' id='word_1_118' title='bbox 1252 2419 1376 2493; x_wconf 75' lang='grc' dir='ltr'><strong><em>μᾶλλον</em></strong></span> <span class='ocrx_word' id='word_1_119' title='bbox 1400 2415 1591 2495; x_wconf 73' lang='grc' dir='ltr'><strong><em>ἐκρατύνοντο</em></strong></span> <span class='ocrx_word' id='word_1_120' title='bbox 1615 2415 1632 2490; x_wconf 74' lang='grc' dir='ltr'>ἢ</span> <span class='ocrx_word' id='word_1_121' title='bbox 1657 2416 1698 2494; x_wconf 77' lang='grc' dir='ltr'><strong>τῷ</strong></span> <span class='ocrx_word' id='word_1_122' title='bbox 1723 2425 1802 2498; x_wconf 67' lang='grc' dir='ltr'><strong><em>κοινῇ</em></strong></span> 
     </span>
     <span class='ocr_line' id='line_1_16' title="bbox 618 2529 904 2602; baseline -0.003 -17"><span class='ocrx_word' id='word_1_123' title='bbox 618 2545 648 2585; x_wconf 90' lang='grc' dir='ltr'><strong>τι</strong></span> <span class='ocrx_word' id='word_1_124' title='bbox 673 2529 904 2602; x_wconf 78' lang='grc' dir='ltr'><strong><em>παρανομῆσαι.</em></strong></span> 
     </span>
    </p>
   </div>
   <div class='ocr_carea' id='block_1_4' title="bbox 619 2635 1802 2789">
    <p class='ocr_par' dir='ltr' id='par_1_5' title="bbox 619 2635 1802 2789">
     <span class='ocr_line' id='line_1_17' title="bbox 653 2635 1802 2706; baseline -0.001 -15"><span class='ocrx_word' id='word_1_125' title='bbox 653 2644 680 2701; x_wconf 71' lang='grc' dir='ltr'><strong>ι)</strong></span> <span class='ocrx_word' id='word_1_126' title='bbox 696 2641 882 2703; x_wconf 79' lang='grc' dir='ltr'><strong><em>ιἰνετσιμίτιρον</em></strong></span> <span class='ocrx_word' id='word_1_127' title='bbox 896 2641 937 2690; x_wconf 86' lang='lat' dir='ltr'><strong>cit.</strong></span> <span class='ocrx_word' id='word_1_128' title='bbox 952 2642 1100 2699; x_wconf 81' lang='lat' dir='ltr'><strong>Badhetnns;</strong></span> <span class='ocrx_word' id='word_1_129' title='bbox 1119 2637 1160 2688; x_wconf 80' lang='grc' dir='ltr'><strong>δια</strong></span> <span class='ocrx_word' id='word_1_130' title='bbox 1174 2641 1204 2689; x_wconf 84' lang='grc' dir='ltr'><strong>τδ</strong></span> <span class='ocrx_word' id='word_1_131' title='bbox 1220 2637 1376 2702; x_wconf 66' lang='grc' dir='ltr'><strong><em>ἑτοιμότερον</em></strong></span> <span class='ocrx_word' id='word_1_132' title='bbox 1389 2640 1442 2698; x_wconf 74' lang='lat' dir='ltr'><strong>&lt;ri</strong></span> <span class='ocrx_word' id='word_1_133' title='bbox 1452 2635 1664 2703; x_wconf 73' lang='lat' dir='ltr'><strong>iroespssds&gt;slsoes</strong></span> <span class='ocrx_word' id='word_1_134' title='bbox 1679 2640 1802 2706; x_wconf 84' lang='lat' dir='ltr'><strong>Stenpine;</strong></span> 
     </span>
     <span class='ocr_line' id='line_1_18' title="bbox 619 2718 1504 2789; baseline 0 -16"><span class='ocrx_word' id='word_1_135' title='bbox 619 2722 660 2774; x_wconf 69' lang='grc' dir='ltr'><strong>διὰ</strong></span> <span class='ocrx_word' id='word_1_136' title='bbox 679 2726 709 2773; x_wconf 77' lang='grc' dir='ltr'><strong>τὸ</strong></span> <span class='ocrx_word' id='word_1_137' title='bbox 728 2721 883 2786; x_wconf 78' lang='grc' dir='ltr'><strong><em>ύτοιμέστρον</em></strong></span> <span class='ocrx_word' id='word_1_138' title='bbox 901 2723 1021 2785; x_wconf 76' lang='grc' dir='ltr'><strong><em>(τοῦτο)</em></strong></span> <span class='ocrx_word' id='word_1_139' title='bbox 1037 2718 1097 2772; x_wconf 70' lang='grc' dir='ltr'><strong><em>εἶναι</em></strong></span> <span class='ocrx_word' id='word_1_140' title='bbox 1115 2739 1171 2788; x_wconf 78' lang='lat' dir='ltr'><strong>ego:</strong></span> <span class='ocrx_word' id='word_1_141' title='bbox 1198 2723 1225 2785; x_wconf 92' lang='lat' dir='ltr'><strong>b)</strong></span> <span class='ocrx_word' id='word_1_142' title='bbox 1243 2722 1339 2789; x_wconf 78' lang='grc' dir='ltr'><strong><em>ιἰφιλίρι</em></strong></span> <span class='ocrx_word' id='word_1_143' title='bbox 1355 2723 1395 2773; x_wconf 84' lang='lat' dir='ltr'><strong>cit.</strong></span> <span class='ocrx_word' id='word_1_144' title='bbox 1406 2724 1504 2789; x_wconf 78' lang='lat' dir='ltr'><strong>Puppe.</strong></span> 
     </span>
    </p>
   </div>
   <div class='ocr_carea' id='block_1_5' title="bbox 619 2822 1825 4828">
    <p class='ocr_par' dir='ltr' id='par_1_6' title="bbox 619 2822 1805 3336">
     <span class='ocr_line' id='line_1_19' title="bbox 664 2822 1804 2910; baseline 0.001 -21"><span class='ocrx_word' id='word_1_145' title='bbox 664 2822 736 2889; x_wconf 87' lang='lat' dir='ltr'><strong>Iam</strong></span> <span class='ocrx_word' id='word_1_146' title='bbox 765 2829 837 2889; x_wconf 86' lang='lat' dir='ltr'><strong>ante</strong></span> <span class='ocrx_word' id='word_1_147' title='bbox 868 2822 988 2889; x_wconf 89' lang='lat' dir='ltr'><strong>multos</strong></span> <span class='ocrx_word' id='word_1_148' title='bbox 1018 2845 1114 2888; x_wconf 89' lang='lat' dir='ltr'><strong>annos</strong></span> <span class='ocrx_word' id='word_1_149' title='bbox 1146 2823 1228 2888; x_wconf 85' lang='lat' dir='ltr'><strong>Stud.</strong></span> <span class='ocrx_word' id='word_1_150' title='bbox 1261 2824 1419 2905; x_wconf 71' lang='lat' dir='ltr'><strong>Pctaeoqr.</strong></span> <span class='ocrx_word' id='word_1_151' title='bbox 1451 2846 1482 2910; x_wconf 91' lang='lat' dir='ltr'><strong>p.</strong></span> <span class='ocrx_word' id='word_1_152' title='bbox 1515 2822 1558 2888; x_wconf 80' lang='lat'><strong>50</strong></span> <span class='ocrx_word' id='word_1_153' title='bbox 1589 2823 1804 2890; x_wconf 82' lang='lat' dir='ltr'><strong>demonstravi</strong></span> 
     </span>
     <span class='ocr_line' id='line_1_20' title="bbox 619 2928 1802 3008; baseline -0.001 -12"><span class='ocrx_word' id='word_1_154' title='bbox 619 2929 853 2997; x_wconf 87' lang='lat' dir='ltr'><strong>emendandum</strong></span> <span class='ocrx_word' id='word_1_155' title='bbox 878 2949 962 2994; x_wconf 67' lang='lat' dir='ltr'><strong>esset</strong></span> <span class='ocrx_word' id='word_1_156' title='bbox 988 2930 1019 2992; x_wconf 91' lang='grc' dir='ltr'><strong>ού</strong></span> <span class='ocrx_word' id='word_1_157' title='bbox 1044 2929 1106 3008; x_wconf 71' lang='grc' dir='ltr'><strong>γὰρ</strong></span> <span class='ocrx_word' id='word_1_158' title='bbox 1128 2928 1213 3006; x_wconf 76' lang='grc' dir='ltr'><strong><em>μετὰ</em></strong></span> <span class='ocrx_word' id='word_1_159' title='bbox 1238 2935 1297 2994; x_wconf 80' lang='grc' dir='ltr'><strong>τῶν</strong></span> <span class='ocrx_word' id='word_1_160' title='bbox 1316 2929 1459 3007; x_wconf 75' lang='grc' dir='ltr'><strong><em>κειμένων</em></strong></span> <span class='ocrx_word' id='word_1_161' title='bbox 1483 2930 1580 3005; x_wconf 86' lang='grc' dir='ltr'><strong><em>νίμων</em></strong></span> <span class='ocrx_word' id='word_1_162' title='bbox 1603 2929 1802 3008; x_wconf 72' lang='grc' dir='ltr'><strong>ὠφέλειαι</strong></span> 
     </span>
     <span class='ocr_line' id='line_1_21' title="bbox 621 3033 1803 3116; baseline -0.001 -13"><span class='ocrx_word' id='word_1_163' title='bbox 621 3039 654 3103; x_wconf 77' lang='lat' dir='ltr'><strong>ai</strong></span> <span class='ocrx_word' id='word_1_164' title='bbox 685 3040 827 3102; x_wconf 81' lang='grc' dir='ltr'><strong><em>τοιαῦται</em></strong></span> <span class='ocrx_word' id='word_1_165' title='bbox 856 3033 987 3113; x_wconf 88' lang='grc' dir='ltr'><strong><em>ξύνοδοι,</em></strong></span> <span class='ocrx_word' id='word_1_166' title='bbox 1006 3034 1108 3100; x_wconf 68' lang='grc' dir='ltr'><strong><em>’ἀλλὰ</em></strong></span> <span class='ocrx_word' id='word_1_167' title='bbox 1131 3037 1217 3116; x_wconf 77' lang='grc' dir='ltr'><strong><em>παροδ</em></strong></span> <span class='ocrx_word' id='word_1_168' title='bbox 1241 3037 1311 3106; x_wconf 80' lang='grc' dir='ltr'><strong><em>τοὺς</em></strong></span> <span class='ocrx_word' id='word_1_169' title='bbox 1336 3039 1530 3107; x_wconf 76' lang='grc' dir='ltr'><strong><em>καθεστῶτας</em></strong></span> <span class='ocrx_word' id='word_1_170' title='bbox 1555 3033 1803 3113; x_wconf 81' lang='grc' dir='ltr'><strong><em>πλεονεξίαι.</em></strong></span> 
     </span>
     <span class='ocr_line' id='line_1_22' title="bbox 620 3142 1805 3229; baseline -0.002 -19"><span class='ocrx_word' id='word_1_171' title='bbox 620 3147 754 3210; x_wconf 86' lang='lat' dir='ltr'><strong>Attente</strong></span> <span class='ocrx_word' id='word_1_172' title='bbox 780 3145 886 3208; x_wconf 86' lang='lat' dir='ltr'><strong>animo</strong></span> <span class='ocrx_word' id='word_1_173' title='bbox 909 3145 1091 3229; x_wconf 90' lang='lat' dir='ltr'><strong>componito</strong></span> <span class='ocrx_word' id='word_1_174' title='bbox 1114 3144 1196 3207; x_wconf 91' lang='lat' dir='ltr'><strong>mihi</strong></span> <span class='ocrx_word' id='word_1_175' title='bbox 1219 3142 1336 3227; x_wconf 87' lang='lat' dir='ltr'><strong>aliquis</strong></span> <span class='ocrx_word' id='word_1_176' title='bbox 1360 3143 1453 3209; x_wconf 74' lang='lat' dir='ltr'><strong>D1ort.</strong></span> <span class='ocrx_word' id='word_1_177' title='bbox 1477 3143 1594 3209; x_wconf 77' lang='lat' dir='ltr'><strong>Hfflc.</strong></span> <span class='ocrx_word' id='word_1_178' title='bbox 1619 3146 1805 3229; x_wconf 88' lang='lat' dir='ltr'><strong>interpreta-</strong></span> 
     </span>
     <span class='ocr_line' id='line_1_23' title="bbox 621 3249 1655 3336; baseline -0.005 -20"><span class='ocrx_word' id='word_1_179' title='bbox 621 3254 743 3316; x_wconf 90' lang='lat' dir='ltr'><strong>tionem</strong></span> <span class='ocrx_word' id='word_1_180' title='bbox 766 3256 810 3335; x_wconf 92' lang='lat' dir='ltr'><strong>(p.</strong></span> <span class='ocrx_word' id='word_1_181' title='bbox 835 3249 932 3330; x_wconf 86' lang='lat'>890):</span> <span class='ocrx_word' id='word_1_182' title='bbox 1653 3331 1655 3336; x_wconf 68' lang='lat'>,</span> 
     </span>
    </p>

    <p class='ocr_par' dir='ltr' id='par_1_7' title="bbox 620 3352 1825 3871">
     <span class='ocr_line' id='line_1_24' title="bbox 667 3352 1805 3437; baseline 0 -16"><span class='ocrx_word' id='word_1_183' title='bbox 667 3357 681 3421; x_wconf 87' lang='grc' dir='ltr'><strong><em>ί</em></strong></span> <span class='ocrx_word' id='word_1_184' title='bbox 714 3359 769 3431; x_wconf 76' lang='grc' dir='ltr'><strong>μέν</strong></span> <span class='ocrx_word' id='word_1_185' title='bbox 799 3356 862 3437; x_wconf 73' lang='grc' dir='ltr'><strong>γὰρ</strong></span> <span class='ocrx_word' id='word_1_186' title='bbox 894 3359 959 3426; x_wconf 75' lang='grc' dir='ltr'><strong><em>νοῦς</em></strong></span> <span class='ocrx_word' id='word_1_187' title='bbox 990 3355 1054 3419; x_wconf 87' lang='grc' dir='ltr'><strong><em>έστι</em></strong></span> <span class='ocrx_word' id='word_1_188' title='bbox 1086 3352 1216 3419; x_wconf 85' lang='grc' dir='ltr'><strong><em>τοιύσδε·</em></strong></span> <span class='ocrx_word' id='word_1_189' title='bbox 1249 3355 1283 3420; x_wconf 93' lang='grc' dir='ltr'><strong>ού</strong></span> <span class='ocrx_word' id='word_1_190' title='bbox 1313 3355 1376 3436; x_wconf 75' lang='grc' dir='ltr'><strong>γὰρ</strong></span> <span class='ocrx_word' id='word_1_191' title='bbox 1408 3355 1457 3419; x_wconf 76' lang='grc' dir='ltr'><strong>ἐπὶ</strong></span> <span class='ocrx_word' id='word_1_192' title='bbox 1489 3362 1584 3427; x_wconf 76' lang='grc' dir='ltr'><strong><em>ταῖς</em></strong></span> <span class='ocrx_word' id='word_1_193' title='bbox 1608 3354 1693 3421; x_wconf 73' lang='grc' dir='ltr'><strong><em>κατὰ</em></strong></span> <span class='ocrx_word' id='word_1_194' title='bbox 1718 3356 1805 3433; x_wconf 78' lang='grc' dir='ltr'><strong><em>νόμον</em></strong></span> 
     </span>
     <span class='ocr_line' id='line_1_25' title="bbox 623 3460 1805 3543; baseline -0.001 -15"><span class='ocrx_word' id='word_1_195' title='bbox 623 3462 847 3541; x_wconf 72' lang='grc' dir='ltr'><strong><em>ὠφελείαις</em></strong></span> <span class='ocrx_word' id='word_1_196' title='bbox 882 3462 916 3527; x_wconf 86' lang='grc' dir='ltr'><strong>αί</strong></span> <span class='ocrx_word' id='word_1_197' title='bbox 950 3467 1008 3526; x_wconf 79' lang='grc' dir='ltr'><strong>τῶν</strong></span> <span class='ocrx_word' id='word_1_198' title='bbox 1042 3460 1192 3541; x_wconf 75' lang='grc' dir='ltr'><strong><em>ἑταιρειῶν</em></strong></span> <span class='ocrx_word' id='word_1_199' title='bbox 1228 3462 1385 3540; x_wconf 74' lang='grc' dir='ltr'><strong><em>ἐγίγνοντο</em></strong></span> <span class='ocrx_word' id='word_1_200' title='bbox 1420 3462 1551 3541; x_wconf 91' lang='grc' dir='ltr'><strong><em>σύνοδοι,</em></strong></span> <span class='ocrx_word' id='word_1_201' title='bbox 1583 3463 1657 3528; x_wconf 78' lang='grc' dir='ltr'><strong><em>οἱλλ’</em></strong></span> <span class='ocrx_word' id='word_1_202' title='bbox 1681 3462 1731 3527; x_wconf 85' lang='grc' dir='ltr'><strong>έπί</strong></span> <span class='ocrx_word' id='word_1_203' title='bbox 1763 3463 1805 3543; x_wconf 79' lang='grc' dir='ltr'><strong>τῷ</strong></span> 
     </span>
     <span class='ocr_line' id='line_1_26' title="bbox 622 3568 1239 3648; baseline -0.003 -13"><span class='ocrx_word' id='word_1_204' title='bbox 622 3570 711 3648; x_wconf 78' lang='grc' dir='ltr'><strong><em>παρὰ</em></strong></span> <span class='ocrx_word' id='word_1_205' title='bbox 735 3568 805 3640; x_wconf 78' lang='grc' dir='ltr'><strong><em>τούς</em></strong></span> <span class='ocrx_word' id='word_1_206' title='bbox 830 3568 937 3645; x_wconf 79' lang='grc' dir='ltr'><strong><em>νίμονς</em></strong></span> <span class='ocrx_word' id='word_1_207' title='bbox 962 3576 1239 3633; x_wconf 78' lang='grc' dir='ltr'><strong><em>πλεονεκτεῖν.</em></strong></span> 
     </span>
     <span class='ocr_line' id='line_1_27' title="bbox 621 3671 1825 3762; baseline -0.002 -19"><span class='ocrx_word' id='word_1_208' title='bbox 621 3700 679 3743; x_wconf 87' lang='lat' dir='ltr'><strong>nec</strong></span> <span class='ocrx_word' id='word_1_209' title='bbox 713 3698 776 3742; x_wconf 88' lang='lat' dir='ltr'><strong>non</strong></span> <span class='ocrx_word' id='word_1_210' title='bbox 811 3675 1080 3742; x_wconf 66' lang='lat' dir='ltr'><strong>bonennias.</strong></span> <span class='ocrx_word' id='word_1_211' title='bbox 1114 3678 1132 3761; x_wconf 56' lang='grc' dir='ltr'>ᾗ</span> <span class='ocrx_word' id='word_1_212' title='bbox 1164 3675 1208 3740; x_wconf 85' lang='grc'><strong>40</strong></span> <span class='ocrx_word' id='word_1_213' title='bbox 1231 3677 1300 3761; x_wconf 90' lang='lat' dir='ltr'><strong>(qui</strong></span> <span class='ocrx_word' id='word_1_214' title='bbox 1322 3674 1410 3741; x_wconf 89' lang='lat' dir='ltr'><strong>locus</strong></span> <span class='ocrx_word' id='word_1_215' title='bbox 1434 3675 1522 3762; x_wconf 77' lang='lat' dir='ltr'><strong>fugit</strong></span> <span class='ocrx_word' id='word_1_216' title='bbox 1544 3677 1711 3741; x_wconf 80' lang='lat' dir='ltr'><strong>novissimi</strong></span> <span class='ocrx_word' id='word_1_217' title='bbox 1735 3671 1825 3740; x_wconf 60' lang='lat' dir='ltr'><strong>Edi?</strong></span> 
     </span>
     <span class='ocr_line' id='line_1_28' title="bbox 620 3782 959 3871; baseline -0.009 -21"><span class='ocrx_word' id='word_1_218' title='bbox 620 3786 702 3850; x_wconf 88' lang='lat' dir='ltr'><strong>toris</strong></span> <span class='ocrx_word' id='word_1_219' title='bbox 727 3782 959 3871; x_wconf 67' lang='lat' dir='ltr'><strong>diligentiam:</strong></span> 
     </span>
    </p>

    <p class='ocr_par' dir='ltr' id='par_1_8' title="bbox 621 3886 1808 4183">
     <span class='ocr_line' id='line_1_29' title="bbox 668 3886 1807 3969; baseline -0.004 -14"><span class='ocrx_word' id='word_1_220' title='bbox 668 3887 737 3955; x_wconf 79' lang='grc' dir='ltr'><strong><em>οἶδα</em></strong></span> <span class='ocrx_word' id='word_1_221' title='bbox 771 3890 835 3969; x_wconf 73' lang='grc' dir='ltr'><strong>γαρ</strong></span> <span class='ocrx_word' id='word_1_222' title='bbox 865 3889 996 3962; x_wconf 80' lang='grc' dir='ltr'><strong><em>οἱποίσας</em></strong></span> <span class='ocrx_word' id='word_1_223' title='bbox 1020 3888 1078 3960; x_wconf 74' lang='grc' dir='ltr'><strong><em>τίνι</em></strong></span> <span class='ocrx_word' id='word_1_224' title='bbox 1103 3886 1207 3959; x_wconf 80' lang='grc' dir='ltr'><strong><em>πόλεις</em></strong></span> <span class='ocrx_word' id='word_1_225' title='bbox 1231 3887 1532 3963; x_wconf 60' lang='lat' dir='ltr'><strong>&amp;patrocinatori</strong></span> <span class='ocrx_word' id='word_1_226' title='bbox 1556 3894 1613 3953; x_wconf 81' lang='grc' dir='ltr'><strong>τῶν</strong></span> <span class='ocrx_word' id='word_1_227' title='bbox 1636 3891 1807 3967; x_wconf 78' lang='grc' dir='ltr'><strong><em>συμφορῶν,</em></strong></span> 
     </span>
     <span class='ocr_line' id='line_1_30' title="bbox 621 3992 1808 4074; baseline -0.005 -12"><span class='ocrx_word' id='word_1_228' title='bbox 621 3995 693 4062; x_wconf 72' lang='grc' dir='ltr'><strong>ὥσθ’</strong></span> <span class='ocrx_word' id='word_1_229' title='bbox 717 3997 852 4073; x_wconf 73' lang='grc' dir='ltr'><strong><em>ἡγοῦμαι</em></strong></span> <span class='ocrx_word' id='word_1_230' title='bbox 877 3996 956 4061; x_wconf 84' lang='grc' dir='ltr'><strong><em>πολὺ</em></strong></span> <span class='ocrx_word' id='word_1_231' title='bbox 980 4000 1104 4072; x_wconf 74' lang='grc' dir='ltr'><strong><em>μᾶλλον</em></strong></span> <span class='ocrx_word' id='word_1_232' title='bbox 1128 3994 1227 4067; x_wconf 78' lang='grc' dir='ltr'><strong><em>αύτύιο</em></strong></span> <span class='ocrx_word' id='word_1_233' title='bbox 1254 3995 1430 4074; x_wconf 75' lang='grc' dir='ltr'><strong><em>αἱρήσεσθαι</em></strong></span> <span class='ocrx_word' id='word_1_234' title='bbox 1453 3994 1510 4067; x_wconf 74' lang='grc' dir='ltr'><strong>τὰς</strong></span> <span class='ocrx_word' id='word_1_235' title='bbox 1536 3992 1570 4059; x_wconf 77' lang='grc' dir='ltr'><strong>ἔκ</strong></span> <span class='ocrx_word' id='word_1_236' title='bbox 1594 4002 1648 4067; x_wconf 77' lang='grc' dir='ltr'><strong>τῆς</strong></span> <span class='ocrx_word' id='word_1_237' title='bbox 1670 3993 1808 4073; x_wconf 81' lang='grc' dir='ltr'><strong><em>ύμονοίοις</em></strong></span> 
     </span>
     <span class='ocr_line' id='line_1_31' title="bbox 623 4099 1713 4183; baseline -0.004 -16"><span class='ocrx_word' id='word_1_238' title='bbox 623 4104 830 4183; x_wconf 75' lang='grc' dir='ltr'><strong><em>ὠφελείας</em></strong></span> <span class='ocrx_word' id='word_1_239' title='bbox 855 4104 871 4177; x_wconf 75' lang='grc' dir='ltr'><strong><em>ἢ</em></strong></span> <span class='ocrx_word' id='word_1_240' title='bbox 898 4101 955 4173; x_wconf 71' lang='grc' dir='ltr'><strong>τὰς</strong></span> <span class='ocrx_word' id='word_1_241' title='bbox 981 4102 1015 4166; x_wconf 83' lang='grc' dir='ltr'><strong>ἕα</strong></span> <span class='ocrx_word' id='word_1_242' title='bbox 1039 4108 1097 4166; x_wconf 83' lang='grc' dir='ltr'><strong>τῶν</strong></span> <span class='ocrx_word' id='word_1_243' title='bbox 1120 4100 1191 4165; x_wconf 75' lang='grc' dir='ltr'><strong><em>τότε</em></strong></span> <span class='ocrx_word' id='word_1_244' title='bbox 1215 4099 1431 4180; x_wconf 79' lang='grc' dir='ltr'><strong><em>πραττομένων</em></strong></span> <span class='ocrx_word' id='word_1_245' title='bbox 1455 4099 1713 4177; x_wconf 77' lang='grc' dir='ltr'><strong><em>πλεονεξίαι.</em></strong></span> 
     </span>
    </p>

    <p class='ocr_par' dir='ltr' id='par_1_9' title="bbox 623 4197 1812 4718">
     <span class='ocr_line' id='line_1_32' title="bbox 668 4197 1810 4295; baseline -0.011 -19"><span class='ocrx_word' id='word_1_246' title='bbox 668 4209 709 4276; x_wconf 85' lang='lat' dir='ltr'><strong>ln</strong></span> <span class='ocrx_word' id='word_1_247' title='bbox 730 4197 817 4275; x_wconf 52' lang='lat' dir='ltr'><strong>extrss</strong></span> <span class='ocrx_word' id='word_1_248' title='bbox 834 4229 890 4295; x_wconf 94' lang='lat' dir='ltr'><strong>pro</strong></span> <span class='ocrx_word' id='word_1_249' title='bbox 912 4210 946 4273; x_wconf 83' lang='grc' dir='ltr'><strong>ού</strong></span> <span class='ocrx_word' id='word_1_250' title='bbox 964 4209 1006 4288; x_wconf 76' lang='grc' dir='ltr'><strong>τῷ</strong></span> <span class='ocrx_word' id='word_1_251' title='bbox 1028 4215 1150 4274; x_wconf 77' lang='grc' dir='ltr'>ΘΘΙΩΙ</span> <span class='ocrx_word' id='word_1_252' title='bbox 1171 4206 1271 4285; x_wconf 81' lang='grc' dir='ltr'><strong><em>νίμῳ</em></strong></span> <span class='ocrx_word' id='word_1_253' title='bbox 1290 4210 1357 4272; x_wconf 92' lang='lat' dir='ltr'><strong>iam</strong></span> <span class='ocrx_word' id='word_1_254' title='bbox 1376 4206 1620 4272; x_wconf 82' lang='lat' dir='ltr'><strong>Valckeneerius</strong></span> <span class='ocrx_word' id='word_1_255' title='bbox 1638 4209 1672 4270; x_wconf 93' lang='lat' dir='ltr'><strong>in</strong></span> <span class='ocrx_word' id='word_1_256' title='bbox 1691 4203 1810 4268; x_wconf 78' lang='lat' dir='ltr'><strong>Schedia</strong></span> 
     </span>
     <span class='ocr_line' id='line_1_33' title="bbox 623 4306 1808 4399; baseline -0.005 -20"><span class='ocrx_word' id='word_1_257' title='bbox 623 4316 751 4379; x_wconf 72' lang='lat' dir='ltr'><strong>ineditis</strong></span> <span class='ocrx_word' id='word_1_258' title='bbox 781 4336 861 4399; x_wconf 87' lang='lat' dir='ltr'><strong>quae</strong></span> <span class='ocrx_word' id='word_1_259' title='bbox 891 4321 1094 4380; x_wconf 83' lang='lat' dir='ltr'><strong>asservantur</strong></span> <span class='ocrx_word' id='word_1_260' title='bbox 1124 4317 1157 4378; x_wconf 92' lang='lat' dir='ltr'><strong>in</strong></span> <span class='ocrx_word' id='word_1_261' title='bbox 1181 4313 1380 4379; x_wconf 87' lang='lat' dir='ltr'><strong>Bibliotheca</strong></span> <span class='ocrx_word' id='word_1_262' title='bbox 1403 4311 1710 4398; x_wconf 81' lang='lat' dir='ltr'><strong>LugdunoBetava,</strong></span> <span class='ocrx_word' id='word_1_263' title='bbox 1736 4306 1808 4374; x_wconf 91' lang='lat' dir='ltr'><strong>coll.</strong></span> 
     </span>
     <span class='ocr_line' id='line_1_34' title="bbox 624 4417 1812 4510; baseline -0.008 -22"><span class='ocrx_word' id='word_1_264' title='bbox 624 4422 782 4510; x_wconf 84' lang='lat' dir='ltr'><strong>Dionysio</strong></span> <span class='ocrx_word' id='word_1_265' title='bbox 799 4423 854 4487; x_wconf 90' lang='lat' dir='ltr'><strong>ubi</strong></span> <span class='ocrx_word' id='word_1_266' title='bbox 866 4428 966 4488; x_wconf 83' lang='lat' dir='ltr'><strong>extat:</strong></span> <span class='ocrx_word' id='word_1_267' title='bbox 984 4425 1016 4488; x_wconf 86' lang='grc' dir='ltr'><strong>ού</strong></span> <span class='ocrx_word' id='word_1_268' title='bbox 1029 4424 1069 4500; x_wconf 76' lang='grc' dir='ltr'><strong>τῷ</strong></span> <span class='ocrx_word' id='word_1_269' title='bbox 1084 4429 1208 4487; x_wconf 78' lang='grc' dir='ltr'>ΘΕΙΩΙ</span> <span class='ocrx_word' id='word_1_270' title='bbox 1229 4420 1295 4485; x_wconf 78' lang='grc' dir='ltr'><strong>καί</strong></span> <span class='ocrx_word' id='word_1_271' title='bbox 1316 4422 1458 4499; x_wconf 82' lang='grc' dir='ltr'><strong><em>νομίμῳ</em></strong></span> <span class='ocrx_word' id='word_1_272' title='bbox 1478 4417 1612 4483; x_wconf 87' lang='lat' dir='ltr'><strong>feliciter</strong></span> <span class='ocrx_word' id='word_1_273' title='bbox 1629 4419 1812 4481; x_wconf 89' lang='lat' dir='ltr'><strong>restituerat</strong></span> 
     </span>
     <span class='ocr_line' id='line_1_35' title="bbox 624 4525 1809 4611; baseline -0.008 -17"><span class='ocrx_word' id='word_1_274' title='bbox 624 4530 658 4594; x_wconf 91' lang='grc' dir='ltr'><strong>ού</strong></span> <span class='ocrx_word' id='word_1_275' title='bbox 682 4530 724 4609; x_wconf 75' lang='grc' dir='ltr'><strong>τῷ</strong></span> <span class='ocrx_word' id='word_1_276' title='bbox 749 4537 870 4594; x_wconf 78' lang='lat' dir='ltr'><strong>oelnl</strong></span> <span class='ocrx_word' id='word_1_277' title='bbox 897 4528 1014 4607; x_wconf 78' lang='grc' dir='ltr'><strong><em>(ίσίω)</em></strong></span> <span class='ocrx_word' id='word_1_278' title='bbox 1038 4529 1106 4592; x_wconf 82' lang='grc' dir='ltr'><strong>καί</strong></span> <span class='ocrx_word' id='word_1_279' title='bbox 1132 4528 1288 4605; x_wconf 76' lang='grc' dir='ltr'><strong><em>νομίμῳ</em></strong></span> <span class='ocrx_word' id='word_1_280' title='bbox 1311 4526 1459 4611; x_wconf 93' lang='lat' dir='ltr'><strong>idemque</strong></span> <span class='ocrx_word' id='word_1_281' title='bbox 1479 4530 1589 4610; x_wconf 87' lang='lat' dir='ltr'><strong>postea</strong></span> <span class='ocrx_word' id='word_1_282' title='bbox 1611 4525 1646 4587; x_wconf 93' lang='lat' dir='ltr'><strong>in</strong></span> <span class='ocrx_word' id='word_1_283' title='bbox 1668 4528 1809 4588; x_wconf 90' lang='lat' dir='ltr'><strong>mentem</strong></span> 
     </span>
     <span class='ocr_line' id='line_1_36' title="bbox 623 4630 1350 4718; baseline -0.007 -17"><span class='ocrx_word' id='word_1_284' title='bbox 623 4637 715 4702; x_wconf 73' lang='lat' dir='ltr'><strong>venit</strong></span> <span class='ocrx_word' id='word_1_285' title='bbox 738 4633 880 4701; x_wconf 87' lang='lat' dir='ltr'><strong>Dobraso</strong></span> <span class='ocrx_word' id='word_1_286' title='bbox 903 4634 991 4715; x_wconf 83' lang='lat' dir='ltr'><strong>(vide</strong></span> <span class='ocrx_word' id='word_1_287' title='bbox 1013 4634 1162 4700; x_wconf 79' lang='lat' dir='ltr'><strong>Adverss.</strong></span> <span class='ocrx_word' id='word_1_288' title='bbox 1187 4634 1203 4698; x_wconf 94' lang='grc' dir='ltr'>Ι</span> <span class='ocrx_word' id='word_1_289' title='bbox 1226 4654 1257 4718; x_wconf 91' lang='lat' dir='ltr'><strong>p.</strong></span> <span class='ocrx_word' id='word_1_290' title='bbox 1283 4630 1350 4711; x_wconf 82' lang='grc'>58).</span> 
     </span>
    </p>

    <p class='ocr_par' dir='ltr' id='par_1_10' title="bbox 670 4734 1812 4828">
     <span class='ocr_line' id='line_1_37' title="bbox 670 4734 1812 4828; baseline -0.008 -22"><span class='ocrx_word' id='word_1_291' title='bbox 670 4740 757 4807; x_wconf 84' lang='lat' dir='ltr'><strong>Male</strong></span> <span class='ocrx_word' id='word_1_292' title='bbox 787 4742 908 4808; x_wconf 87' lang='lat' dir='ltr'><strong>fectum</strong></span> <span class='ocrx_word' id='word_1_293' title='bbox 940 4741 1024 4828; x_wconf 90' lang='lat' dir='ltr'><strong>quod</strong></span> <span class='ocrx_word' id='word_1_294' title='bbox 1055 4742 1171 4806; x_wconf 91' lang='lat' dir='ltr'><strong>horum</strong></span> <span class='ocrx_word' id='word_1_295' title='bbox 1203 4742 1349 4804; x_wconf 91' lang='lat' dir='ltr'><strong>omnium</strong></span> <span class='ocrx_word' id='word_1_296' title='bbox 1379 4758 1435 4801; x_wconf 90' lang='lat' dir='ltr'><strong>nec</strong></span> <span class='ocrx_word' id='word_1_297' title='bbox 1459 4734 1534 4803; x_wconf 85' lang='lat' dir='ltr'><strong>vola</strong></span> <span class='ocrx_word' id='word_1_298' title='bbox 1555 4757 1612 4801; x_wconf 89' lang='lat' dir='ltr'><strong>nec</strong></span> <span class='ocrx_word' id='word_1_299' title='bbox 1634 4735 1812 4820; x_wconf 79' lang='lat' dir='ltr'><strong>vestigium</strong></span> 
     </span>
    </p>
   </div>
   <div class='ocr_carea' id='block_1_6' title="bbox 623 4846 1155 4934">
    <p class='ocr_par' dir='ltr' id='par_1_11' title="bbox 623 4846 1155 4934">
     <span class='ocr_line' id='line_1_38' title="bbox 623 4846 1155 4934; baseline -0.006 -21"><span class='ocrx_word' id='word_1_300' title='bbox 623 4854 756 4934; x_wconf 86' lang='lat' dir='ltr'><strong>apparet</strong></span> <span class='ocrx_word' id='word_1_301' title='bbox 777 4851 811 4913; x_wconf 93' lang='lat' dir='ltr'><strong>in</strong></span> <span class='ocrx_word' id='word_1_302' title='bbox 834 4848 972 4913; x_wconf 91' lang='lat' dir='ltr'><strong>editione</strong></span> <span class='ocrx_word' id='word_1_303' title='bbox 996 4846 1155 4913; x_wconf 87' lang='lat' dir='ltr'><strong>Hudiane.</strong></span> 
     </span>
    </p>
   </div>
   <div class='ocr_carea' id='block_1_7' title="bbox 1651 5009 1667 5056">
    <p class='ocr_par' dir='ltr' id='par_1_12' title="bbox 1651 5009 1667 5056">
     <span class='ocr_line' id='line_1_39' title="bbox 1651 5009 1667 5056; baseline 0 0"><span class='ocrx_word' id='word_1_304' title='bbox 1651 5009 1667 5056; x_wconf 79' lang='lat' dir='ltr'><strong>b</strong></span> 
     </span>
    </p>
   </div>
   <div class='ocr_carea' id='block_1_8' title="bbox 0 0 2593 6148">
    <p class='ocr_par' dir='ltr' id='par_1_13' title="bbox 0 0 2593 6148">
     <span class='ocr_line' id='line_1_40' title="bbox 0 0 2593 6148; baseline 0 0"><span class='ocrx_word' id='word_1_305' title='bbox 0 0 2593 6148; x_wconf 95' lang='lat' dir='ltr'><strong> </strong></span> 
     </span>
    </p>
   </div>
  </div>
 </body>
</html>
