5125 6150
1297 822 1454 872 CRAN'POB.

870 990 948 1050 τασι
974 995 1036 1059 τοῖς
1060 986 1188 1063 ἆγαθιῖι
1213 988 1251 1056 ὦς
1273 988 1482 1063 μελλήσοντες
1503 988 1585 1064 ὑμῶν
1604 991 1761 1068 κρατεῖν”,
1782 991 1834 1054 nal
1856 991 1973 1056 τούτων

870 1088 919 1156 οὖν
942 1091 1129 1164 ιέιιιύσαντες
1153 1090 1178 1156 cl
1200 1089 1351 1166 Ἕλληνες
1376 1093 1419 1157 τὰ
1443 1094 1500 1168 μὲν
1524 1101 1659 1173 πρωτεῖα
1682 1104 1721 1175 τῇ
1741 1096 1834 1177 ἀρετῇ
1855 1095 1975 1160 ἀποδώ-

870 1221 972 1275 cover,
1004 1199 1045 1262 τὰ
1077 1198 1110 1261 δὲ
1140 1199 1294 1278 δευτερεῖα
1326 1207 1364 1277 τῇ
1397 1199 1517 1282 ὑγιεία,
1548 1200 1591 1264 τὰ
1623 1199 1655 1263 δὲ
1686 1202 1776 1280 τρίτα
1799 1211 1838 1283 τῇ
1864 1200 1972 1283 ἡδονῇ,

870 1311 1048 1367 τελευταῖον
1071 1303 1102 1366 ll
1127 1303 1251 1380 ταξσιισι
1277 1305 1328 1368 τὸν
1352 1309 1493 1369 πλοῦτον.
1566 1352 1576 1367 .

826 1407 991 1483 Αὒτιλεξεὶ
1022 1408 1098 1473 haec
1129 1409 1266 1473 referens
1289 1409 1405 1474 Sextus
1428 1411 1481 1475 hic
1503 1409 1573 1475 illic
1597 1417 1703 1476 tamen
1728 1414 1761 1475 ni
1784 1411 1886 1489 fallor,
1911 1415 1973 1477 ite-

778 1514 868 1579 randi
888 1514 995 1579 studio
1015 1535 1077 1598 quo
1096 1513 1208 1578 ardent
1226 1517 1360 1580 seriores
1381 1513 1512 1591 Graeci,
1534 1514 1743 1593 Plutarchus,
1762 1516 1973 1594 Philostrati,

779 1621 950 1697 Lucienus,
971 1618 1107 1682 indulsit
1126 1639 1289 1704 paucaque
1309 1620 1465 1704 quaedam
1484 1620 1522 1685 de
1546 1642 1579 1685 se
1601 1623 1753 1699 inseruit;
1779 1623 1842 1686 nisi
1866 1624 1975 1686 mavis

777 1726 918 1791 librariis
948 1724 1164 1790 additamenta
1195 1723 1252 1788 illa
1282 1728 1453 1809 imputare.
1486 1725 1570 1790 Nem
1600 1729 1668 1792 sive
1698 1725 1795 1792 Sexto
1827 1727 1974 1803 debetur,
2015 1789 2021 1797 ,

779 1836 847 1897 sive
878 1830 991 1895 lectori
1022 1827 1105 1894 male
1129 1827 1249 1906 sedulo,
1274 1829 1416 1894 alienum
1440 1851 1458 1894 a
1482 1829 1634 1897 Crantore
1658 1832 1787 1897 videtur
1809 1831 1893 1916 quod
1920 1832 1975 1896 ad-

779 1937 884 2001 ditum
909 1941 957 2000 est
980 1940 1051 2020 post
1074 1944 1237 2007 κλινιτετῡ
1264 1956 1310 1999 vs.
1336 1935 1379 2000 29
1403 1935 1476 2012 „ael
1497 1937 1663 2001 νοσσῦσαν”
1682 1943 1806 2021 etpost
1825 1937 1973 2017 ἀριστέων

778 2063 828 2108 vs.
854 2040 894 2105 31
930 2041 1002 2119 „xci
1036 2040 1164 2119 ἧρῶων”.
1196 2040 1333 2106 Minime
1364 2047 1473 2106 autem
1504 2040 1602 2107 Sexto
1624 2043 1794 2107 tribuerim
1817 2043 1902 2128 quod
1925 2046 1974 2107 in-

777 2148 863 2214 sulso
898 2147 1117 2211 additamento
1149 2147 1354 2232 pessumdata
1387 2156 1462 2213 sunt
1491 2148 1676 2233 Voluptatis
1707 2150 1823 2225 verba,
1855 2152 1974 2214 merita

778 2275 836 2319 sua
866 2252 1050 2318 extollentis
1080 2274 1126 2318 vs.
1155 2252 1195 2317 18
1221 2253 1294 2330 „clv
1317 2252 1409 2332 ὄλβον
1433 2255 1465 2319 αὖ
1490 2254 1527 2317 δι’
1550 2255 1658 2319 ἑαυτὸν
1681 2254 1837 2320 διώκεσθαι
1847 2303 1856 2333 ,
1880 2255 1972 2319 ἀλλὰ

778 2360 829 2425 διὰ
849 2362 903 2433 τὴν
924 2358 958 2434 ἐξ
979 2361 1073 2423 αὑτοῦ
1092 2358 1267 2423 ἀπόλαυσιν
1287 2360 1353 2442 [καὶ
1376 2358 1504 2443 abacia}
1529 2361 1607 2440 Quis
1619 2360 1814 2426 credathaec
1826 2367 1972 2426 extrema

777 2467 928 2532 adiecisse
952 2466 1007 2537 rio
1031 2462 1171 2535 Ἠδονήνὶ

822 2570 913 2651 Quod
934 2575 1042 2635 autem
1065 2570 1104 2634 ed
1123 2569 1247 2634 dicendi
1266 2576 1367 2634 artem
1387 2572 1518 2644 attinet,
1541 2571 1660 2635 frustra
1679 2591 1795 2655 quaero
1808 2576 1970 2635 tumorem

776 2677 863 2757 („die
886 2675 1156 2761 Gespreiztheit”)
1180 2676 1298 2739 frustra
1322 2677 1541 2740 Asianismum
1563 2675 1733 2761 vulgarem
1754 2675 1850 2755 („den
1875 2677 1970 2740 bana-

775 2782 827 2847 len
860 2781 1105 2860 Asianismus’').
1138 2779 1295 2857 Ubinam,
1328 2801 1459 2865 quaes0,
1493 2784 1630 2864 scriptor
1660 2781 1780 2845 accedit
1803 2780 1842 2844 ed
1866 2786 1969 2844 artem

777 2889 933 2962 „Asianae
962 2888 1070 2970 gentis
1102 2885 1285 2949 tumidioris
1316 2892 1411 2970 atque
1442 2888 1648 2963 iactantioris,
1680 2888 1809 2951 vaniore
1843 2885 1969 2950 dicendi

774 2991 880 3077 gloria
905 2988 1073 3054 inflatae‘’l
1099 3027 1139 3037 —
1165 2996 1203 3053 nt
1226 2992 1444 3054 Asianismum
1473 2991 1652 3055 indicemus
1675 2990 1835 3056 Ciceronis
1859 2992 1967 3056 verbis

774 3118 854 3181 quae
873 3118 911 3160 ne
930 3099 999 3180 ipsa
1017 3095 1146 3178 quidem
1167 3096 1206 3158 ab
1218 3097 1392 3160 Asianismi
1404 3095 1499 3180 culpa
1510 3118 1638 3181 prorsus
1652 3104 1775 3161 vacant.
1796 3097 1964 3181 Nusquam

773 3205 807 3265 in
838 3203 897 3266 hac
924 3201 1059 3265 diatriba
1083 3201 1290 3265 brevissimae
1313 3200 1387 3266 illae
1411 3224 1447 3267 ac
1470 3203 1618 3266 discissae
1642 3205 1872 3266 sententiarum
1897 3223 1965 3286 par-

774 3306 907 3382 ticulae,
929 3306 1045 3389 quibus
1065 3305 1262 3370 delectantur
1281 3314 1421 3371 oratores
1441 3308 1561 3383 Asiani,
1582 3327 1740 3390 nusquam
1760 3307 1964 3393 rhythmicae

772 3413 923 3476 orationis
947 3411 1092 3474 studium
1114 3411 1336 3494 immodicum,
1362 3411 1459 3476 dictio
1484 3412 1626 3489 tumida,
1653 3411 1762 3475 odium
1787 3412 1905 3475 hiatus.

816 3517 900 3581 Mihi
922 3516 1050 3599 quidem
1071 3513 1233 3581 Crantoris
1253 3514 1348 3580 stilus
1368 3538 1403 3581 ac
1423 3520 1504 3581 ratio
1524 3517 1647 3582 dicendi
1664 3520 1697 3580 in
1711 3518 1770 3581 hoc
1782 3517 1963 3603 fragmento

769 3622 907 3707 simplex
931 3643 993 3685 non
1016 3621 1111 3686 modo
1137 3621 1262 3686 videtur
1281 3621 1335 3686 sed
1356 3621 1428 3686 lana
1447 3643 1573 3706 quoquc
1593 3629 1625 3686 et
1644 3623 1708 3687 fere
1729 3622 1961 3708 neglegentior.

770 3727 870 3794 Cuius
900 3729 947 3790 rei
978 3727 1095 3790 indicia
1126 3734 1201 3791 sunt
1232 3724 1312 3799 ἥκειν
1336 3726 1420 3791 illud
1443 3730 1477 3791 in
1501 3730 1606 3811 prima
1629 3731 1785 3792 sententia
1808 3731 1853 3792 ita
1877 3728 1963 3792 addi-

768 3840 841 3897 tum
864 3839 902 3896 ut
925 3840 956 3896 et
979 3852 1130 3896 numeros
1153 3834 1308 3918 infringat
1332 3840 1364 3897 et
1384 3854 1654 3919 supervacaneum
1674 3837 1733 3910 sit;
1755 3837 1835 3898 item
1854 3834 1963 3920 negle

768 3941 897 4025 gentius
933 3937 1214 4013 παρατεταγμένου
1250 3948 1282 4002 et
1321 3959 1377 4024 per
1417 3938 1608 4022 particulam
1640 3962 1673 4002 τε
1705 3942 1832 4003 iunctae
1863 3940 1962 4004 huius

768 4045 927 4108 enuntiati
951 4048 1066 4127 partes.
1092 4045 1334 4106 Accuratissimi
1358 4046 1492 4107 oratoris
1515 4065 1576 4107 non
1601 4050 1650 4107 est
1672 4044 1820 4108 futurum
1844 4044 1963 4110 indica-

767 4151 829 4213 tivi
860 4146 1101 4225 ἀναχθιρσδαεθα
1133 4153 1204 4231 post
1236 4151 1418 4231 optativum
1450 4149 1474 4212 εἰ
1500 4148 1563 4227 γὰρ
1587 4148 1759 4223 νοήσαιμεν.
1784 4150 1964 4214 Accuratus

767 4275 829 4318 non
860 4255 966 4338 magis
996 4261 1044 4316 est
1077 4274 1153 4316 usus
1176 4252 1370 4316 substantivi
1395 4253 1506 4329 κόσμος
1531 4260 1592 4333 (vs.
1619 4254 1669 4332 5);
1695 4254 1781 4338 quod
1805 4276 1867 4337 qua
1893 4258 1964 4320 vice

767 4360 932 4444 fungatur,
965 4362 1081 4423 merito
1112 4358 1256 4435 dubites,
1283 4378 1355 4421 nam
1380 4381 1437 4444 pro
1462 4360 1583 4424 obiecto
1607 4362 1708 4443 accipi
1733 4363 1862 4444 nequit,
1888 4382 1964 4444 quo-

766 4467 854 4526 niam
885 4466 1030 4548 sequitur
1063 4463 1113 4527 eal
1146 4463 1204 4533 τὰς
1239 4462 1367 4536 ἐσθῆτας
1402 4465 1452 4527 καὶ
1487 4464 1544 4535 τας
1578 4463 1731 4533 tacilone
1756 4473 1850 4550 (quae
1874 4468 1964 4550 ipsae

766 4589 892 4652 quoque
916 4569 1028 4644 κόσμος
1052 4574 1156 4644 sunt);
1183 4570 1209 4630 si
1234 4573 1355 4643 autem,
1380 4569 1413 4632 id
1437 4568 1521 4653 quod
1545 4569 1609 4633 fere
1633 4590 1757 4633 necesse
1780 4576 1845 4646 est,
1867 4590 1963 4654 appo-

765 4675 890 4737 sitionis
914 4673 982 4737 loco
1005 4673 1038 4737 id
1060 4673 1240 4738 adhibitum
1264 4679 1368 4756 putas,
1390 4675 1518 4738 fatearis
1538 4695 1662 4738 necesse
1683 4680 1732 4738 est
1751 4672 1963 4759 neglegenter

765 4782 811 4842 ita
834 4780 996 4861 scripsisse
1021 4777 1223 4854 Crantorem,
1249 4800 1323 4843 nam
1348 4787 1384 4841 ut
1403 4782 1551 4843 convenit
1572 4783 1763 4843 vestimenta
1783 4800 1819 4843 ac
1839 4778 1963 4844 calceos

766 4881 827 4946 dici
860 4883 980 4956 κόσμον.
1008 4886 1053 4947 ita
1077 4889 1167 4948 vetat
1189 4887 1270 4948 ratio
1295 4885 1349 4956 rire
1374 4884 1478 4964 ἑτέραν
1502 4884 1677 4947 ἀπόλαυσιν
1702 4906 1738 4948 eo
1761 4887 1890 4948 nomine
1914 4887 1964 4947 in·
