5125 6150
668 806 689 871 8
1072 815 1248 872 ΝΑΡΔΟΣ
1273 816 1464 871 ΠΙΣΤΙΚΗ.

666 989 709 1053 τίι
745 990 852 1066 πρῶτα
882 988 965 1067 μύρα
997 1011 1023 1068 χ
1031 990 1088 1066 ριί
1096 1009 1227 1064 μενοι·
1260 989 1358 1053 fuisso
1389 1006 1500 1053 autem
1531 991 1631 1054 moris
1652 994 1751 1055 etiam
1773 990 1859 1076 apud

666 1093 827 1159 Israelitss
857 1106 895 1158 ut
926 1098 1080 1160 convivae
1103 1097 1194 1159 nncti
1217 1095 1460 1170 accumberent,
1483 1098 1550 1159 iam
1572 1117 1669 1181 snpra
1691 1118 1730 1161 ex
1754 1096 1860 1161 Lucae

666 1197 736 1264 loco
771 1200 944 1265 effecimus.
981 1201 1090 1266 Etiam
1125 1199 1316 1265 Ecclesiaste
1351 1200 1400 1263 lx
1430 1200 1452 1264 8
1485 1205 1664 1285 praecepit:
1699 1204 1731 1264 ἐν
1761 1203 1858 1266 παντί

668 1307 759 1385 καιρῷ
790 1306 909 1374 ἔσωσαν
940 1307 1055 1383 ίμύτιύ
1088 1331 1141 1371 σου
1164 1307 1263 1370 λευκὰ
1288 1305 1340 1370 καί
1365 1304 1467 1370 ἔλαιον
1491 1306 1541 1370 ἕτί
1566 1316 1713 1385 κεφαλῆς
1735 1332 1789 1373 σου
1813 1311 1859 1384 μη

667 1410 852 1487 ύςτρησοίτοο.

711 1516 876 1582 Plurimae
899 1526 989 1583 crant
1013 1517 1147 1582 odorum
1172 1519 1302 1601 specics.
1326 1516 1467 1601 Lepidus
1489 1528 1537 1582 est
1557 1519 1750 1604 Antiphanis
1767 1520 1860 1585 Iocus

666 1623 751 1708 apud
773 1624 891 1690 Athen.
916 1622 979 1687 XII
1003 1645 1033 1708 p.
1059 1623 1179 1688 553D:

1008 1733 1127 1794 Λούται
1151 1730 1178 1793 δ’
1204 1728 1342 1807 &andoin
1368 1739 1401 1792 B.
1426 1731 1514 1793 ἑλλοὶ
1537 1731 1587 1807 τίς

894 1838 928 1901 ἐκ
951 1834 1200 1915 χρυσοκολλήτου
1223 1858 1263 1911 γε
1288 1834 1437 1906 κοίλτιδος
1462 1835 1546 1914 μύρῳ

895 1943 1059 2020 Αίγυιττίῳ
1083 1941 1232 2015 μὲντοὺς
1257 1941 1355 2011 τίδας
1379 1941 1432 2004 καί
1456 1942 1499 2006 τοὶ
1523 1941 1638 2021 σκέλη,

892 2049 1045 2127 Φοινικίνῳ
1070 2046 1100 2111 δὲ
1124 2047 1183 2117 τὰς
1208 2047 1339 2124 γνοίίους
1362 2048 1415 2110 καί
1439 2047 1560 2126 τιτύία,

893 2154 1083 2233 σισυμβρίνῳ
1108 2152 1140 2216 δὲ
1161 2154 1212 2217 τὸν
1236 2150 1334 2231 ἕτερον
1358 2153 1534 2233 βραχίονα,

894 2262 1074 2341 οἱμαρκιοίνῳ
1099 2259 1130 2323 δὲ
1154 2260 1212 2330 τὰς
1237 2261 1330 2337 ίφρύς
1355 2259 1407 2323 καί
1431 2258 1484 2330 την
1508 2258 1616 2337 κύμην,

893 2367 1060 2447 ἑρπυλλίνῳ
1084 2365 1115 2429 δὲ
1139 2365 1173 2428 τί
1197 2363 1272 2442 γύνυ
1296 2365 1349 2430 καί
1372 2366 1424 2430 τίν
1446 2365 1580 2445 αύχίνα.

666 2475 715 2540 Ex
754 2495 817 2559 quo
850 2474 921 2539 Ioco
956 2474 1107 2556 consequi
1142 2471 1261 2536 dixeris
1294 2475 1329 2535 in
1363 2475 1511 2537 convivio
1546 2473 1692 2538 dextram
1726 2496 1861 2541 manum

668 2584 806 2667 perungi
836 2579 966 2645 solitam
999 2579 1114 2654 fuisse,
1144 2579 1309 2641 sinistram
1339 2598 1473 2643 manum
1503 2599 1565 2643 non
1595 2580 1703 2645 fnisse.
1734 2580 1797 2646 Sed
1821 2582 1861 2648 de

668 2689 844 2772 unguentis
867 2685 973 2750 multo
998 2683 1211 2769 pluraquam
1234 2684 1383 2769 equidem
1407 2688 1487 2750 scire
1509 2688 1621 2769 cupio,
1646 2686 1740 2750 habet
1763 2688 1861 2753 Athe

668 2813 766 2857 naeus
796 2791 856 2855 XV
880 2813 911 2876 p.
937 2789 1003 2854 688
1024 2811 1069 2874 sq.
1100 2788 1210 2852 Etiam
1242 2810 1281 2853 ex
1313 2788 1426 2854 Vetere
1455 2789 1660 2855 Testamento
1683 2800 1732 2855 sat
1755 2791 1861 2858 mults

667 2896 780 2983 colligi
803 2906 952 2982 possunt;
978 2894 1082 2961 veluti
1107 2915 1233 2958 sacrum
1258 2892 1384 2971 oleum,
1404 2895 1443 2959 de
1463 2916 1526 2979 quo
1546 2899 1742 2980 praecipitur
1758 2896 1860 2963 Exod.

667 3002 743 3080 XX,
774 3002 870 3067 fiebat
899 3001 1097 3066 admixtione
1119 3000 1270 3078 σμύρνης,
1296 3002 1507 3079 κινναμώμου,
1532 3003 1678 3079 καλάμου
1702 3010 1735 3067 ct
1758 3002 1860 3083 ίρευς,

667 3110 705 3175 de
729 3110 847 3193 quibus
871 3108 1040 3173 fruticibus
1063 3127 1125 3171 non
1150 3127 1260 3172 meum
1286 3114 1334 3171 est
1358 3128 1524 3192 quaerere,
1549 3130 1649 3193 quum
1673 3115 1861 3194 praesertim

668 3215 851 3301 plantarum
873 3214 1042 3279 historiam
1067 3233 1243 3296 numquam
1267 3216 1446 3299 attigerim.

712 3320 830 3406 Ingens
853 3326 921 3385 erat
945 3325 1186 3406 unguentorum
1211 3320 1330 3384 abusus
1349 3319 1434 3405 apud
1454 3325 1576 3384 veteres
1596 3326 1645 3397 ct,
1666 3343 1767 3405 quum
1787 3328 1863 3388 nota

667 3447 718 3491 res
749 3430 809 3503 sit,
842 3429 920 3491 satis
951 3426 1072 3490 habebo
1106 3425 1185 3489 duos
1215 3424 1301 3491 locos
1332 3424 1451 3490 afferre.
1482 3424 1643 3490 Martialis
1674 3425 1861 3493 villaro

667 3532 798 3597 Musam
823 3532 992 3596 describit:

850 3635 912 3702 Oui
935 3657 1027 3701 coma
1051 3642 1084 3701 et
1107 3641 1275 3721 unguento
1300 3637 1426 3702 sordida
1449 3639 1548 3701 restis
1573 3643 1650 3701 erat.

715 3743 802 3809 Adeo
833 3744 960 3808 carebat
990 3742 1046 3808 illa
1078 3745 1171 3829 signo
1201 3763 1264 3826 quo
1286 3742 1486 3808 immortales
1509 3743 1593 3828 apud
1615 3743 1709 3808 Indos
1734 3748 1863 3830 agnosci

668 3857 811 3938 possunt.
844 3849 1005 3914 Israelitae
1037 3848 1120 3914 nihil
1150 3851 1209 3915 hoc
1240 3848 1374 3914 melius:
1408 3849 1527 3914 Psalm.
1555 3849 1629 3913 133.
1643 3851 1681 3914 2:
1705 3853 1744 3922 ὥς
1769 3853 1862 3932 μύρον

669 3959 719 4022 ἕτί
745 3963 890 4033 κεΦαλιῑς
915 3954 949 4019 τί
974 3955 1169 4031 καταβαῖνον
1188 3956 1239 4017 ε’τί
1260 3957 1411 4033 σύγιονοι,
1432 3955 1483 4019 τίν
1505 3958 1640 4033 τρίγονοι
1661 3958 1711 4020 τὸν
1733 3956 1860 4036 Ἀαρών,

668 4064 711 4128 τί
744 4062 1005 4140 καταβαῖνον
1034 4061 1084 4124 ίτί
1109 4061 1164 4133 την
1187 4059 1248 4142 qtae
1272 4066 1326 4126 τοῦ
1350 4061 1517 4137 ἐνδύματος
1543 4063 1665 4139 αὐτού,
1690 4083 1765 4127 nam
1789 4067 1862 4128 tiro-

669 4191 725 4236 nes
747 4169 848 4235 velim
874 4167 1040 4233 attendent
1063 4167 1102 4232 ed
1125 4170 1333 4253 participium
1356 4169 1462 4232 neutri
1484 4170 1611 4254 gerionis
1633 4190 1690 4233 nec
1713 4170 1864 4233 scribitur

669 4279 722 4342 τὸν
756 4275 1011 4351 καταβαίνοντα,
1052 4276 1085 4337 in
1120 4294 1183 4357 qua
1217 4271 1354 4338 lectione
1389 4272 1534 4337 delicat-is
1568 4273 1721 4338 auriculis
1755 4277 1863 4339 minus

668 4385 781 4448 suisset
817 4381 1006 4447 offensionis.
1042 4379 1133 4443 Addo
1170 4379 1292 4444 Psalm.
1326 4379 1380 4442 45.
1396 4378 1433 4445 7:
1471 4377 1574 4457 ἔχρισέ
1604 4403 1638 4443 σε
1671 4380 1685 4442 ὁ
1717 4379 1780 4452 deda
1811 4404 1864 4445 σου

669 4485 769 4551 ίλοιιον
800 4486 1023 4567 οίγαλλιοίσιοις
1056 4486 1141 4562 ταρίο
1165 4486 1234 4556 τοὺς
1260 4484 1416 4565 μετόχους
1440 4508 1503 4549 σου.
1531 4485 1657 4562 Σμύρνα
1682 4485 1734 4548 καί
1759 4489 1862 4559 scarb

669 4594 723 4656 καί
756 4594 850 4656 κασίοι
875 4594 938 4657 α’τὸ
963 4599 1021 4656 τῶν
1044 4593 1175 4667 ίματίοον
1201 4614 1263 4656 σου.
1295 4591 1357 4656 His
1381 4591 1524 4656 moribus
1548 4592 1586 4655 ad
1609 4590 1775 4656 lavaudria
1799 4615 1863 4658 non

670 4695 760 4762 mille
783 4698 959 4764 Nausicaee
981 4703 1155 4783 potuerunt
1181 4697 1333 4764 sufficere.

714 4801 847 4888 Semper
877 4808 986 4869 tamen
1017 4804 1149 4868 fuerunt
1181 4805 1237 4887 qui
1261 4805 1370 4867 sanius
1393 4803 1580 4868 iudicarent.
1606 4802 1674 4867 Iam
1699 4801 1862 4883 Ciceroni,

672 4905 711 4970 ad
741 4908 889 4973 Atticum
919 4907 950 4972 II
977 4911 1006 4987 1,
1038 4908 1189 4974 mulieres
1218 4907 1291 4972 ideo
1323 4909 1402 4973 bene
1426 4907 1510 4974 olere
1533 4910 1608 4992 quia
1631 4907 1714 4973 nihil
1737 4908 1864 4974 olebant
