5125 6150
812 821 877 887 362
1327 840 1481 888 11111111.

813 1012 869 1094 qui
893 1030 998 1074 secum
1024 1011 1219 1094 reputaverit
1242 1007 1327 1072 haud
1349 1010 1396 1071 ita
1418 1005 1510 1071 facile
1531 1005 1709 1083 inducatur,
1733 1012 1770 1070 ut
1792 1004 1898 1071 credat
1919 1008 1991 1089 ipsa

812 1113 971 1182 Crantoris
1002 1115 1098 1182 verba
1119 1114 1203 1201 apud
1226 1114 1496 1199 ps.-Plutarchum
1519 1133 1586 1178 esse
1608 1118 1733 1178 servata
1754 1115 1788 1178 in
1811 1114 1990 1177 narratione

812 1244 908 1308 quam
932 1227 1021 1287 tanto
1044 1222 1174 1287 brevius
1196 1220 1321 1286 rettulit
1345 1217 1465 1286 Cicero.

857 1330 888 1395 4.
920 1327 981 1392 Vir
1011 1349 1090 1414 opus
1113 1335 1162 1393 est
1184 1328 1319 1392 verbum
1343 1326 1455 1392 addere
1478 1325 1516 1391 de
1540 1327 1642 1411 capite
1665 1324 1756 1388 XXV
1780 1324 1835 1403 „rt
1858 1325 1922 1403 γὰρ
1946 1325 1992 1401 μὴ

811 1435 848 1501 δι’
872 1435 963 1499 oriris
993 1441 1093 1506 κακῶς
1123 1432 1269 1514 πράττειν
1302 1435 1315 1498 ὃ
1345 1457 1403 1511 μεν
1433 1434 1572 1514 Κράντορ
1602 1432 1696 1513 <peris
1727 1433 1760 1497 οὐ
1783 1431 1886 1511 μικρὸν
1911 1426 1991 1494 εἶναι

812 1541 973 1622 κούφισμα
996 1540 1066 1619 epte
1091 1541 1150 1611 rite
1173 1540 1311 1621 πόχοα”.
1335 1541 1458 1605 Iterum
1481 1542 1567 1606 enim
1585 1537 1656 1605 loco
1674 1541 1781 1603 minus
1799 1537 1911 1603 idoneo
1931 1537 1992 1603 hoc

810 1651 945 1714 inseruit
967 1650 1100 1734 scriptor
1122 1651 1177 1733 qui
1200 1646 1284 1712 male
1307 1646 1454 1733 dispersit
1477 1651 1581 1732 partes
1603 1644 1726 1710 Stoicae
1745 1645 1995 1730 argumentatio

810 1758 878 1833 nis,
914 1753 1030 1820 melius
1059 1761 1092 1819 et
1120 1757 1237 1819 rectius
1267 1752 1427 1819 ordinatas
1456 1773 1475 1818 a
1504 1749 1651 1818 Cicerone
1675 1751 1767 1817 Tusc.
1790 1750 1846 1816 ΠΙ.
1871 1750 1915 1814 34
1939 1751 1994 1829 (cs.

813 1861 905 1926 Tusc.
935 1861 991 1925 ΙΙΙ.
1017 1860 1060 1924 34
1090 1882 1164 1926 cum
1194 1859 1344 1945 ps.·Piut.
1376 1858 1418 1924 25
1442 1866 1474 1926 et
1498 1858 1709 1924 32111111.
1733 1857 1790 1923 111.
1815 1856 1907 1922 231.
1933 1879 1995 1943 ps.-

813 1967 899 2033 Plnt.
923 1967 990 2048 21).
1017 2005 1058 2017 -
1081 1967 1143 2032 Sed
1165 1967 1242 2032 hacc
1263 1969 1393 2032 mittere
1415 1970 1563 2053 praestat.
1587 1965 1671 2031 Nam
1693 1970 1795 2030 totam
1819 1962 1996 2030 Consolati-

812 2097 905 2141 onem
934 2075 973 2139 ad
1003 2074 1125 2139 Stoicos
1155 2074 1269 2139 referre
1292 2075 1393 2140 fontes
1416 2072 1503 2139 labor
1526 2079 1657 2138 estnon
1680 2075 1789 2160 gravis
1812 2071 1996 2157 1111111311-

812 2191 875 2247 tus.
907 2180 997 2262 Quod
1020 2181 1059 2247 ad
1083 2178 1267 2246 Crantorem
1290 2183 1405 2247 attinet
1425 2182 1484 2246 hoc
1506 2180 1588 2245 mihi
1611 2179 1722 2245 videor
1745 2178 1993 2245 demonstrasse:

813 2310 926 2375 parum
951 2286 1055 2354 valere
1078 2293 1268 2372 argumenta
1291 2308 1401 2353 eorum
1425 2290 1481 2372 qui
1504 2286 1694 2352 contendant
1716 2288 1748 2350 in
1773 2282 1996 2352 Consolatione

815 2397 940 2480 saepius
963 2397 1062 2460 etiam
1086 2414 1182 2478 quam
1205 2394 1261 2458 ubi
1284 2415 1399 2459 nomen
1423 2392 1579 2460 addiderit
1602 2399 1722 2469 auctor,
1747 2389 1909 2458 Crantoris
1932 2411 1997 2455 ser·

814 2505 883 2568 vari
913 2502 1108 2587 fragmenta,
1136 2503 1236 2566 immo
1259 2522 1299 2566 ne
1321 2522 1357 2566 11
1381 2500 1508 2586 quidem
1533 2520 1612 2585 qnae
1635 2496 1790 2575 οούτολεξεὶ
1815 2499 1926 2564 1111111
1948 2496 1997 2562 di-

815 2614 931 2674 cuntur
960 2610 1136 2694 suspicione
1168 2627 1290 2672 vacare.
1323 2606 1407 2686 Quae
1439 2609 1466 2671 si
1496 2605 1666 2672 lectoribus
1697 2625 1889 2691 persuasero,
1914 2625 1997 2690 opus

815 2714 972 2799 perfecero
1003 2734 1103 2799 neque
1133 2713 1214 2778 mihi
1245 2718 1430 2800 pergratum
1462 2717 1493 2777 et
1514 2711 1625 2777 lectori
1648 2713 1780 2778 fortasse
1803 2710 1996 2790 molestum,

816 2820 869 2885 sed
892 2823 997 2885 neutri
1015 2825 1159 2884 nostrum
1182 2822 1231 2883 uti
1255 2841 1345 2905 spero
1369 2818 1461 2904 plane
1483 2818 1608 2885 inutile.

1262 3154 1305 3201 AD
1329 3153 1549 3200 Pnuusscnusi.

863 3319 974 3404 Comp.
998 3319 1111 3384 Thesei
1134 3324 1166 3384 et
1189 3318 1279 3384 Rom.
1313 3316 1348 3385 C.
1373 3316 1416 3381 VI
1438 3318 1547 3400 (Sint.)
1576 3318 1698 3405 Raptus
1721 3318 1910 3385 Sabinarum
1934 3342 1996 3386 non

817 3411 922 3477 solum
957 3433 992 3476 ec
1027 3418 1195 3476 excusatur
1230 3410 1315 3494 quod
1346 3430 1442 3475 unam
1472 3417 1599 3475 tantum
1629 3432 1738 3476 earum
1770 3432 1902 3476 uxorem
1934 3412 1997 3475 sibi

817 3505 956 3588 sumpsit
979 3501 1155 3580 Romulus,
1180 3501 1234 3566 sed
1257 3504 1355 3565 etiam
1378 3501 1493 3567 honore
1517 3523 1579 3585 qua
1601 3512 1706 3587 raptas
1731 3509 1841 3587 postea
1862 3501 1967 3567 affecit

863 3592 1004 3668 ἀπέδειξε
1029 3598 1082 3668 τὴν
1105 3594 1181 3671 βίαν
1205 3594 1316 3665 ἐκείνην
1341 3593 1393 3656 καί
1418 3596 1472 3666 τὴν
1497 3595 1618 3658 ἀδικίαν
1643 3594 1810 3658 κάλλιστον
1834 3593 1919 3671 ἔργον
1942 3591 1995 3658 καὶ

819 3685 1058 3751 πολιτικώτατον
1089 3686 1132 3757 εἷς
1162 3686 1312 3749 κοινωνίαν
1341 3683 1515 3761 γενομένην.
1549 3681 1637 3750 Οὕτω
1667 3683 1823 3761 συνέμιξεν
1847 3685 1997 3759 άλλιὶλοις

820 3778 871 3841 xci
904 3774 1054 3851 συνέπηξε
1086 3776 1127 3840 τοὶ
1158 3776 1231 3853 γένη
1257 3776 1307 3838 καὶ
1333 3774 1473 3855 παρέσχε
1498 3778 1601 3852 πηγὴν
1625 3784 1680 3851 τῆς
1704 3778 1747 3848 εἷς
1771 3772 1855 3848 αὖθις
1878 3777 1997 3847 εὐνοίας

821 3868 872 3932 sai
898 3866 1053 3944 δυνάμεως
1076 3874 1139 3937 τοῖς
1163 3867 1348 3947 πράγμασιν

864 3959 1013 4023 Primum
1042 3956 1199 4023 Romulus
1230 3979 1339 4022 earum
1371 3958 1431 4021 fnit
1453 3960 1638 4041 nuptiarum
1663 3964 1782 4035 auctor,
1805 3980 1884 4044 quae
1907 3962 1998 4024 viros

818 4051 976 4116 Romanos
1000 4057 1032 4113 et
1055 4048 1205 4113 mulieres
1225 4047 1374 4113 Sabionas
1395 4051 1554 4114 artissimo
1575 4051 1690 4114 amoris
1710 4055 1742 4113 11
1760 4048 1999 4116 benevolentiae

820 4145 904 4206 inter
924 4163 956 4206 11
980 4143 1150 4227 iungerent
1173 4138 1311 4204 vinculo.
1336 4139 1383 4203 Fra
1405 4146 1512 4204 autem
1537 4140 1755 4206 benevolentia
1778 4143 1998 4223 111111(πηγή)

821 4235 903 4298 facta
933 4238 980 4297 111
1082 4234 1172 4296 cuius
1203 4228 1271 4295 rei?
1301 4229 1462 4296 Iterumne
1491 4228 1748 4297 benevolentiae?
1778 4231 1849 4297 Non
1873 4234 1997 4316 opinor.

820 4324 862 4389 111
892 4344 1045 4409 quaenam
1077 4321 1244 4388 intercedit
1274 4323 1354 4386 ratio
1384 4324 1468 4386 inter
1497 4324 1723 4386 benevolentiam
1753 4327 1785 4387 et
1810 4321 1999 4404 potentiane?

821 4414 935 4493 Nulla,
974 4418 1036 4479 nisi
1071 4413 1173 4479 fallor.
1210 4412 1352 4497 Denique
1387 4413 1462 4497 quid
1496 4414 1555 4479 hoc
1589 4421 1654 4478 est:
1695 4413 1886 4498 reipublicae
1922 4420 2000 4493 (τοῖς

822 4507 1002 4587 πράγμασι)
1021 4506 1169 4591 praebere
1188 4504 1309 4570 fontem
1328 4502 1466 4576 εὐνοίας1
1486 4504 1547 4570 Sed
1568 4505 1668 4570 scribe
1687 4507 1847 4583 εὐνομίας,
1869 4505 1999 4571 habebis

820 4618 888 4662 rem
919 4601 1116 4663 verissimam
1148 4602 1230 4661 recte
1257 4598 1472 4660 enuntiatam:
1497 4596 1607 4662 firmae
1630 4596 1704 4661 illae
1727 4599 1866 4681 nuptiae,
1890 4604 1998 4663 artum

819 4687 901 4752 illud
921 4693 1067 4773 gentium
1087 4686 1270 4763 vinculum,
1292 4686 1460 4751 effecerunt
1479 4695 1516 4751 ut
1535 4695 1602 4752 tota
1621 4688 1799 4773 respublica
1818 4688 1895 4753 bene
1915 4696 1999 4754 esset

820 4782 994 4863 composita
1016 4790 1047 4845 et
1071 4783 1115 4846 sic
1138 4778 1178 4844 ad
1200 4797 1351 4865 magnam
1375 4780 1540 4862 pervenire
1563 4782 1739 4864 potentiam
1762 4784 1878 4864 posset.

1779 4884 1808 4953 J.
1833 4884 1862 4953 J.
1887 4885 1929 4952 H.

1316 5003 1508 5015 ——Q--n
