5125 6150
688 781 755 846 268
1201 797 1366 847 numanus.

731 962 787 1027 lx.
814 962 852 1025 5:
876 962 921 1026 οὺ
941 963 1006 1039 γὰρ
1026 961 1214 1039 ἀλεκτρυόνα
1235 963 1359 1026 πώποτε
1379 963 1566 1035 ἆτέιιτεινοις
1587 965 1604 1037 ἢ
1626 965 1760 1039 πόλεμον
1780 960 1878 1041 alirn

687 1069 827 1154 begam:
853 1070 892 1132 ori
918 1070 981 1147 γὰρ
1005 1069 1058 1132 αλ.
1073 1063 1218 1137 -εἶδες,

733 1286 773 1348 X.
799 1285 829 1350 3.
853 1284 985 1369 Aliquid
1009 1284 1144 1362 excidit;
1170 1305 1274 1349 sermo
1294 1291 1342 1348 cst
1361 1284 1399 1347 de
1418 1282 1557 1348 literulis
1577 1304 1655 1367 quas
1674 1283 1880 1349 meretricula

687 1394 808 1475 accepit
838 1390 877 1454 ab
909 1397 1067 1454 amatore:
1101 1390 1188 1466 λέγει
1220 1389 1269 1454 δέ·
1297 1396 1375 1459 τῶς
1398 1389 1455 1464 μέν
1480 1389 1618 1467 ἐφίλησά
1642 1414 1695 1467 οε,
1720 1385 1741 1453 ὦ
1768 1390 1877 1468 Acori,

688 1496 758 1566 τοὺς
791 1495 873 1566 θεοὺς
904 1501 1048 1571 ποιοῦμαι
1072 1496 1242 1573 μέρτυρας.
1268 1493 1429 1579 Supplebo
1451 1496 1483 1558 in
1507 1495 1593 1559 huno
1616 1495 1766 1561 modum:
1790 1494 1879 1571 λέγει

688 1602 720 1668 δέ
744 1598 814 1666 ὧδέ
838 1622 935 1674 τως·
960 1603 1007 1673 ὥς
1030 1601 1087 1676 μέν
1112 1601 1249 1682 ε’φέλνισοὶ
1273 1624 1327 1678 σε,
1351 1602 1415 1666 οιτὲ.

730 1820 816 1885 XIV.
842 1820 880 1884 2:
916 1821 1092 1885 Narrabam
1127 1821 1239 1882 Mnem.
1280 1817 1366 1883 1895
1398 1841 1429 1903 p.
1462 1817 1528 1883 253
1563 1818 1648 1904 apud
1678 1818 1816 1885 Venetos
1847 1827 1880 1885 et

684 1926 823 2011 reliquos
852 1948 961 1992 omnes
991 1928 1046 2011 qui
1076 1924 1185 2011 galeas
1217 1924 1399 2001 armabant,
1432 1927 1531 1988 etiam
1560 1927 1593 1987 in
1617 1924 1711 1988 Freto
1736 1923 1878 2001 Gallico,

685 2035 823 2118 remiges
853 2031 955 2095 nudos
986 2033 1176 2115 remigasse3
1201 2029 1385 2114 suspicabar
1408 2034 1517 2093 eutem
1542 2029 1626 2113 apud
1649 2029 1723 2094 illos
1746 2030 1880 2095 demum

684 2138 913 2202 creberrimum
932 2136 1052 2221 flagelli
1072 2156 1167 2199 usum
1189 2137 1410 2198 necessitatem
1423 2133 1570 2198 attulisse
1582 2134 1723 2199 nudandi
1736 2156 1878 2221 corpora,

685 2242 770 2327 apud
793 2250 917 2307 veteres
941 2248 1050 2306 autem
1074 2243 1237 2326 remigum
1261 2239 1477 2305 conditionem
1501 2240 1600 2304 fuisse
1619 2240 1881 2307 tolerabiliorem.

686 2347 778 2411 Nunc
809 2345 939 2412 demum
971 2345 1060 2410 locus
1092 2365 1158 2411 sese
1189 2345 1270 2408 mihi
1301 2341 1422 2408 obtulit
1453 2365 1515 2428 qno
1547 2347 1759 2429 suspicionem
1784 2346 1878 2411 illam

685 2453 936 2537 comprobarem.
968 2450 1106 2516 Dederat
1137 2448 1342 2515 meretricula
1373 2452 1508 2514 amatori
1537 2452 1669 2514 iamiam
1698 2452 1881 2535 profecturo

686 2559 721 2621 ri
751 2560 855 2638 μικρὸν
886 2559 981 2622 εἰοοῖνο
1012 2556 1151 2634 χιτώνιον
1175 2557 1208 2618 τὸ
1234 2556 1329 2635 μέχρι
1352 2560 1410 2618 τῶν
1433 2560 1543 2631 μηρῶν,
1567 2556 1613 2626 ὥς
1639 2554 1752 2635 ἔχοις
1778 2557 1881 2636 ε’ρέτ-

686 2686 779 2740 των,
805 2664 983 2740 Ἐτικούροο
1006 2666 1059 2725 τοῦ
1085 2660 1219 2738 πρωρέως
1244 2660 1447 2734 ἐκλαθομένου
1471 2660 1547 2724 αὐτὸ
1573 2658 1647 2738 παρ’
1675 2662 1757 2735 ἡμῖν.

733 2879 819 2944 XIV.
845 2879 875 2944 3.
914 2879 1021 2965 Rogat
1052 2885 1150 2944 nanta
1180 2900 1337 2965 quaenam
1367 2879 1449 2944 done
1480 2878 1563 2943 alius
1595 2885 1717 2944 amator
1740 2879 1878 2945 dederit:

687 2985 856 3070 respondet
886 2984 1046 3071 Myrtale:
1078 2986 1161 3049 τουτὶ
1186 2992 1302 3064 πρῶτον
1325 2985 1418 3067 δρᾷς
1442 2983 1477 3049 τὸ
1500 2985 1649 3064 χιτώνιον.
1674 2985 1811 3070 Supple:
1837 2978 1879 3065 (i)

687 3091 701 3154 i
711 3115 725 3172 ρ
735 3098 757 3175 ᾷ
768 3116 795 3164 ς.

1105 3242 1153 3305 Dc
1174 3249 1267 3305 morte
1293 3242 1458 3322 Peregrini.

733 3392 824 3477 511.
857 3392 920 3457 Hic
943 3392 1031 3457 locus
1055 3391 1230 3456 admodum
1254 3391 1474 3457 memorabilis
1499 3396 1558 3456 est.
1589 3392 1764 3476 Postquam
1789 3393 1881 3459 Pere-

687 3501 802 3584 grinus
826 3496 1026 3564 Christianus
1050 3498 1153 3562 iactus
1174 3505 1240 3574 est,
1267 3500 1297 3560 έν
1320 3498 1443 3578 βραχεῖ
1464 3497 1580 3569 παῖδας
1603 3499 1715 3567 αὐτοὺς
1736 3500 1880 3579 οὶιιέφηνε

688 3607 846 3684 προφήτης
879 3605 930 3667 καὶ
955 3605 1127 3682 θιασάρχης
1152 3604 1203 3667 ναὶ
1227 3603 1430 3680 ξυναγωγεὺς
1454 3602 1507 3666 καὶ
1534 3601 1642 3667 τοέντα
1666 3603 1754 3677 μένος
1781 3606 1876 3677 αὐτὸς

687 3710 734 3774 ὤν.
765 3710 816 3772 καὶ
849 3712 907 3773 τῶν
938 3710 1062 3787 βίβλων
1093 3709 1152 3780 τοὶς
1183 3709 1239 3785 μέν
1271 3707 1412 3785 ἐξηγεῖτο
1437 3708 1489 3772 αα)
1514 3709 1675 3790 διεσάφει,
1701 3712 1822 3783 τολλοὶς
1847 3710 1880 3776 δέ

689 3814 783 3886 αὐτὸς
823 3815 874 3878 καὶ
906 3812 1084 3894 ξυνέγραφε
1116 3814 1167 3878 καὶ
1201 3817 1239 3886 ὡς
1269 3816 1333 3878 θεὸν
1363 3815 1456 3879 αὐτὸν
1484 3816 1587 3879 ἐκεῖνοι
1624 3818 1795 3891 ἡγοῦντο
1827 3817 1879 3880 καὶ

688 3919 830 4000 νομοθέτη
864 3921 997 3999 ἐχρῶντο
1031 3920 1083 3984 καὶ
1120 3919 1328 3999 τριτάτην
1362 3920 1609 3999 έτέγραφον.
1642 3920 1707 3984 τὸν
1741 3922 1880 3998 μέγαν

687 4031 761 4103 γοῦν
793 4027 902 4089 ἐκεῖνον
933 4024 993 4090 έτι
1026 4023 1195 4100 σέβουσι
1227 4025 1277 4087 τὸν
1309 4023 1459 4105 ἄνθρωπον
1491 4027 1541 4089 τὸν
1572 4025 1603 4088 έν
1634 4035 1672 4106 τῇ
1704 4029 1881 4106 Παλαιςίνη

688 4131 1007 4208 ὦνατιιολοτιοέέντα,
1039 4125 1085 4194 ὅτι
1118 4131 1222 4204 καινὴν
1252 4131 1370 4204 ταύτην
1400 4132 1528 4205 τελετὴν
1560 4131 1730 4209 εἰσήγαγεν
1762 4134 1803 4205 εἰς
1828 4136 1881 4199 τὸν

687 4236 765 4312 βίον.
790 4236 884 4301 Hunc
907 4236 1031 4312 locum,
1056 4238 1117 4300 etsi
1139 4235 1235 4321 paulo
1254 4234 1452 4321 longiorem,
1474 4234 1632 4311 αὐτολεξεὶ
1655 4221 1823 4322 descripsi,
1843 4246 1882 4304 nt

687 4448 737 4510 uti
767 4443 906 4512 (lobetus
930 4445 1093 4510 contendit
1115 4448 1148 4508 in
1181 4446 1283 4509 Variis
1306 4446 1495 4510 Lectionibus
1519 4468 1550 4530 p.
1575 4445 1651 4523 207,
1679 4447 1750 4522 „his
1774 4449 1880 4513 verbis

686 4549 759 4635 plus
779 4550 965 4617 detrimenti
985 4549 1163 4615 attulerunt
1182 4571 1278 4636 quam
1301 4552 1428 4615 fanatici
1447 4552 1675 4616 homunciones
1687 4551 1879 4618 Christiani:

688 4655 723 4718 hi
746 4658 831 4720 enim
857 4677 985 4721 summa
1007 4676 1066 4740 ope
1089 4655 1192 4720 delere
1216 4655 1336 4720 librum
1357 4656 1573 4742 nequidquam
1594 4660 1698 4721 conati
1717 4664 1809 4736 sunt,
1830 4659 1881 4724 illi

686 4763 732 4824 ita
763 4761 943 4827 afflixerunt
975 4769 1011 4826 ut
1043 4761 1121 4846 quid
1152 4761 1312 4826 Lucianns
1344 4762 1461 4826 dixerit
1492 4784 1555 4827 non
1585 4763 1799 4849 intelligatur.
1833 4765 1879 4830 Ac

688 4867 830 4949 primum
861 4866 990 4950 quidem
1022 4871 1191 4951 transpone
1215 4867 1267 4930 καὶ
1293 4869 1387 4938 αὐτὸς
1410 4865 1588 4949 ξονέγροιφε
1612 4889 1668 4953 pro
1691 4869 1785 4940 αὐτὸς
1806 4873 1876 4949 καί,
