5125 6150
682 905 685 909 ⁴
807 828 871 893 114
1335 845 1476 895 ramnus.

806 1010 910 1078 Immo
937 1033 1012 1078 vero
1034 1015 1102 1098 ipse
1126 1011 1162 1076 fit
1185 1014 1414 1077 coniurationis
1438 1015 1558 1091 socius,
1582 1016 1652 1078 eius
1674 1012 1795 1079 scilicet
1818 1016 1988 1080 coniurati·

806 1122 891 1198 onis,
923 1123 1014 1185 cuius
1045 1140 1141 1204 quarn
1174 1122 1217 1183 sit
1248 1119 1364 1184 dubius
1395 1126 1528 1184 eventus
1553 1119 1644 1185 facile
1667 1123 1767 1205 possit
1788 1120 1987 1208 intelligere,

804 1246 884 1311 quae
919 1246 1015 1311 quarn
1046 1224 1136 1289 facile
1167 1227 1268 1310 possit
1300 1225 1408 1311 detegi
1438 1228 1505 1310 ipse
1537 1231 1585 1290 est
1616 1232 1783 1311 expertus:
1816 1227 1988 1313 adipsum

805 1335 891 1397 enim
921 1335 986 1397 iam
1017 1338 1088 1395 tum
1119 1332 1157 1396 de
1191 1353 1227 1396 ea
1258 1340 1443 1417 pervenerat
1474 1335 1607 1396 nuntius
1631 1352 1706 1397 curn
1729 1332 1830 1419 vulgo
1852 1334 1987 1399 Neronis

803 1437 966 1503 rideretur
988 1440 1119 1502 amicus.
1145 1436 1256 1502 Sermo
1279 1459 1355 1524 ergo
1379 1445 1427 1502 est
1451 1438 1488 1503 de
1512 1441 1674 1524 perpetuis
1699 1440 1849 1525 periculis
1868 1442 1904 1504 in
1925 1442 1989 1526 qui-

803 1544 863 1608 bus
897 1545 971 1609 Piso
1001 1543 1189 1609 versabatur
1216 1545 1250 1606 ia
1280 1544 1353 1607 aata
1382 1545 1522 1609 Narmaie.
1555 1543 1616 1609 Illa
1645 1566 1737 1622 vero,
1763 1544 1894 1611 Tacitus
1926 1549 1987 1625 ait,

804 1672 862 1728 „eo
893 1650 986 1736 plura
1014 1655 1103 1715 erant
1128 1650 1225 1715 ....'’
1256 1647 1343 1716 (luri
1374 1649 1454 1730 Quia
1477 1652 1575 1716 etiam
1599 1655 1670 1715 tum
1693 1652 1817 1734 speciem
1838 1653 1988 1716 amicitiae

801 1758 956 1822 retinebat.
988 1756 1058 1821 Hoc
1088 1756 1165 1842 qnid
1197 1753 1264 1821 esti
1296 1755 1458 1836 Quasnam
1489 1778 1538 1822 res
1569 1759 1643 1822 huic
1675 1761 1833 1823 contraria
1854 1759 1988 1846 cogitari

802 1861 929 1950 potest?
959 1862 1082 1948 Nempe
1108 1863 1213 1946 potum
1236 1864 1353 1926 Neroni
1375 1863 1537 1927 amicitiam
1560 1865 1744 1929 remmttiare.
1767 1864 1838 1930 Hoc
1861 1866 1988 1952 ergosi

803 1971 929 2036 fecisset
958 1968 1104 2045 Senecio,
1135 1990 1215 2033 num
1247 1972 1280 2033 in
1311 1969 1422 2033 mimam
1453 1970 1595 2057 periculo
1617 1971 1746 2035 futurus
1769 1969 1858 2035 erat?
1883 1951 1986 2036 Immo

805 2097 897 2155 vero,
930 2078 986 2161 qui
1014 2097 1053 2141 11
1074 2077 1189 2140 intima
1213 2075 1433 2141 familiaritate
1457 2077 1590 2142 Neronis
1612 2079 1770 2162 particeps
1792 2077 1829 2142 fit
1851 2076 1987 2144 alicuius

804 2191 912 2249 contra
942 2183 1100 2247 Neronem
1130 2184 1374 2258 coniurationis,
1405 2183 1480 2248 huic
1504 2189 1590 2248 certa
1612 2190 1660 2248 cst
1684 2188 1793 2269 parata
1816 2187 1986 2269 pernicies,

804 2293 867 2355 nisi
886 2289 1034 2355 omnibus
1053 2289 1156 2353 modis
1177 2288 1231 2353 dat
1251 2309 1380 2374 operam
1399 2295 1436 2353 ut
1455 2291 1578 2354 amicus
1598 2288 1733 2355 Neronis
1750 2289 1987 2378 videriperget.

805 2396 925 2476 Quodsi
956 2398 1027 2481 quis
1058 2394 1273 2481 philosophice
1303 2417 1372 2460 rem
1403 2395 1595 2472 consideret,
1631 2417 1705 2461 cum
1735 2396 1860 2462 Nerone
1893 2419 1989 2461 aeram

804 2503 966 2568 amicitiam
985 2523 1051 2567 1111
1070 2524 1134 2566 111
1151 2523 1241 2587 posse
1261 2500 1360 2579 dicat,
1382 2502 1436 2567 sed
1455 2502 1677 2568 tantummodo
1695 2503 1846 2567 amicitiae
1855 2504 1988 2586 speciae,

805 2629 881 2695 ergo
904 2609 962 2673 hac
985 2611 1018 2672 in
1041 2629 1074 2671 re
1098 2606 1305 2673 Senecionem
1329 2627 1347 2671 a
1371 2610 1483 2673 ceteris
1506 2607 1640 2673 Neronis
1660 2607 1875 2674 familiaribus
1894 2608 1991 2675 haud·

806 2735 964 2801 quaquam
995 2713 1128 2779 differre.
1161 2716 1204 2778 At
1235 2714 1318 2799 quod
1349 2713 1478 2779 Senecio
1509 2715 1586 2779 facit
1616 2717 1784 2800 proprium
1814 2714 1937 2800 aliquid
1961 2718 1992 2781 11

805 2820 964 2907 peculiare
987 2841 1054 2885 esse
1077 2820 1179 2885 debet.
1203 2820 1262 2884 Est
1286 2841 1324 2885 11
1348 2823 1462 2885 intima
1485 2819 1705 2886 familiaritate
1728 2821 1882 2899 Neronis,
1907 2842 1990 2886 nunc

804 2927 856 2992 illi
879 2929 1046 3013 praecipue
1069 2948 1105 2992 co
1128 2925 1221 3012 plura
1239 2928 1409 2991 imminent
1429 2925 1572 3011 pericula
1592 2974 1666 2991 ....
1688 2924 1773 2992 (luri
1793 2925 1877 3006 Quia
1895 2928 1990 2992 habet

804 3032 939 3119 aliquid,
965 3033 1048 3119 quod
1072 3053 1173 3119 neque
1196 3033 1279 3099 Nero
1304 3033 1384 3098 ferre
1406 3053 1508 3118 neque
1530 3036 1597 3119 ipse
1621 3032 1773 3120 deponere
1792 3036 1857 3099 iam
1881 3036 1990 3121 possit.

803 3138 873 3206 lam
893 3139 965 3205 inde
978 3141 1016 3205 ab
1041 3141 1135 3206 Actes
1156 3148 1299 3225 tempore
1319 3139 1421 3217 (XIII,
1444 3139 1509 3219 12),
1530 3143 1563 3203 11
1584 3162 1694 3205 eorum
1714 3141 1819 3206 fuerat
1838 3163 1988 3222 numero,

803 3248 995 3333 quibuscum
1024 3245 1107 3311 Nero
1137 3250 1233 3332 genio
1265 3245 1432 3332 indulgere
1462 3246 1592 3312 solebat.
1623 3246 1709 3333 Ergo
1739 3245 1813 3331 plus
1836 3248 1989 3314 tredecim

805 3357 879 3419 anni
898 3360 973 3418 sunt
992 3374 1029 3418 11
1049 3375 1111 3438 quo
1131 3353 1239 3416 retinet
1258 3353 1381 3435 aperiam
1402 3400 1477 3417 ....
1498 3355 1590 3417 cuius
1609 3351 1674 3417 rei?
1694 3353 1859 3418 Libertatis
1879 3356 1991 3440 opinor

805 3466 838 3525 et
870 3462 1050 3539 1111111111.
1081 3460 1153 3524 Non
1184 3465 1311 3546 poterat
1340 3459 1492 3524 adversus
1524 3459 1682 3524 Neronem
1711 3459 1853 3524 aulicum
1878 3482 1990 3548 agere,

805 3565 859 3630 sed
879 3564 1032 3650 quidquid
1052 3568 1085 3629 in
1105 3572 1247 3630 mentem
1267 3566 1414 3630 veniebat
1433 3565 1531 3630 libere
1544 3564 1801 3651 proloquebatur,
1814 3566 1990 3632 identidem

803 3675 900 3737 etiarn
925 3672 1083 3737 Neronem
1107 3672 1296 3758 obiurgabat
1316 3671 1554 3757 deridebatque,
1577 3693 1708 3756 seroque
1728 3674 1772 3735 sic
1792 3672 1939 3738 odiosum
1959 3695 1991 3739 se

802 3778 922 3843 Neroni
942 3779 1063 3843 factum
1082 3780 1224 3864 agnovit.
1244 3777 1371 3863 Ergone
1391 3799 1445 3863 pro
1466 3777 1616 3841 amicitiae
1635 3777 1808 3864 legendum
1821 3776 1991 3843 libertatis?

803 3884 873 3949 Non
905 3887 1025 3970 opinor,
1059 3905 1253 3969 quamquam
1285 3887 1330 3948 111
1362 3905 1422 3948 111
1453 3882 1671 3948 incredibilem
1695 3883 1824 3949 librario
1847 3906 1989 3950 errorem

803 3994 1082 4075 imputaverimus.
1113 3989 1281 4055 Eiusmodi
1312 3992 1398 4055 enim
1429 3989 1518 4055 locus
1546 3996 1594 4055 eet
1625 3997 1662 4054 ut
1692 4013 1753 4056 vox
1785 3991 1921 4055 amicitia
1943 3996 1990 4056 in-

804 4102 995 4183 tempestive
1026 4101 1054 4163 ei
1083 4101 1115 4162 in
1139 4105 1279 4162 mentem
1304 4099 1411 4162 venire
1435 4100 1586 4182 potuerit.
1610 4096 1687 4175 Sed,
1711 4099 1773 4161 nisi
1797 4120 1848 4163 me
1871 4098 1990 4164 fallunt

804 4209 927 4282 omnia,
959 4205 1083 4288 speciem
1114 4204 1265 4267 amicitiae
1295 4203 1376 4268 illud
1399 4206 1507 4287 ipsum
1531 4203 1709 4290 significare
1732 4211 1844 4289 potest.
1875 4204 1991 4271 Servat

803 4313 933 4379 Senecio
967 4313 1000 4377 id
1030 4312 1112 4398 quod
1142 4315 1175 4375 in
1206 4314 1349 4375 amicitie
1380 4314 1519 4375 maxims
1552 4314 1689 4386 eminet,
1721 4332 1758 4374 ex
1791 4333 1852 4395 quo
1877 4316 1990 4377 statim

803 4422 1005 4508 agnoscimus
1023 4422 1107 4483 inter
1125 4418 1278 4503 quosdam
1297 4419 1443 4483 homines
1463 4439 1529 4483 esse
1549 4416 1706 4503 peculiare
1725 4416 1807 4481 illud
1827 4421 1990 4485 amicitiae

802 4525 986 4593 vinculum:
1023 4528 1179 4590 incuriam
1215 4525 1389 4609 quandam,
1425 4525 1513 4602 dico,
1549 4523 1800 4611 negligentiam,
1835 4530 1990 4592 sermonis

802 4632 993 4698 libertatem.
1027 4629 1235 4699 Conferamus
1263 4653 1393 4717 quaec.
1421 4630 1462 4696 68
1486 4631 1524 4696 de
1547 4631 1678 4696 Vestino
1701 4630 1871 4718 leguntur:
1898 4654 1993 4718 appa·

803 4740 886 4804 rebit
905 4761 957 4804 me
977 4746 1009 4806 et
1028 4746 1135 4804 totum
1155 4739 1193 4804 de
1213 4738 1386 4803 Senecione
1405 4737 1510 4803 locum
1531 4744 1562 4803 et
1583 4739 1680 4803 rerba
1701 4737 1824 4820 aperiam
1837 4738 1991 4805 amicitiae

804 4845 883 4911 bene
907 4845 1100 4912 illustrasse:

849 4950 1079 5037 Opperiebatur
1112 4951 1213 5028 Nero,
1249 4958 1287 5016 ut
1320 4949 1470 5016 Vestinus
1505 4971 1629 5038 quoque
1663 4949 1774 5016 consul
1803 4953 1837 5015 in
1868 4954 1990 5018 crimen
