5125 6150
1133 796 1297 844 11111111.
1731 784 1736 795 ’
1782 781 1801 843 b

615 964 744 1028 manica
775 982 855 1048 quae
884 964 1042 1028 convertit
1064 964 1097 1025 in
1121 968 1264 1026 nostrum
1290 982 1483 1042 sermonem;
1509 962 1607 1029 semel
1630 970 1662 1030 et
1684 967 1802 1031 iterum

615 1071 694 1136 fecit
718 1075 756 1133 ut
780 1065 934 1135 Germani
957 1090 1144 1155 cognoscere
1168 1076 1294 1154 possent
1317 1090 1397 1155 quae
1421 1068 1589 1156 populares
1612 1073 1711 1137 nostri
1733 1070 1803 1136 Bel-

613 1179 688 1263 gice
721 1177 930 1261 scripsissent.
956 1175 1057 1241 Verbo
1080 1181 1119 1240 11
1141 1174 1262 1252 dicam,
1287 1175 1357 1241 tota'
1378 1179 1447 1241 vita
1469 1177 1699 1243 incredibiliter
1720 1178 1803 1244 labo

616 1286 703 1349 riosa
725 1283 798 1348 fuit.

660 1389 750 1455 Inter
771 1397 839 1455 tam
861 1387 1058 1472 multiplices
1082 1390 1301 1473 occupationes
1326 1409 1426 1474 quum
1449 1387 1615 1455 Mehlerus
1639 1389 1802 1456 districtus

615 1504 716 1574 esset,
736 1495 927 1561 iamdudum
946 1495 1067 1560 iacebat
1086 1493 1306 1580 mythologice
1322 1501 1354 1559 et
1365 1495 1630 1582 mythologorum
1641 1496 1799 1576 studium;

614 1602 670 1668 sed
706 1600 882 1667 identidem
916 1600 1038 1665 redibat
1068 1600 1106 1665 ad
1137 1600 1741 1682 1111111111,1111111111111111111,
1766 1610 1803 1668 ut

615 1708 720 1774 dicere
752 1706 882 1773 solebat.
913 1706 1025 1792 Itaque
1055 1727 1136 1771 anno
1169 1705 1256 1771 1882
1278 1710 1312 1771 in
1335 1728 1432 1772 usum
1454 1707 1635 1773 scholarum
1659 1709 1801 1795 prodiere

613 1815 750 1881 Luciani
773 1813 902 1900 Dialogi
921 1814 1072 1893 Quattuor,
1093 1835 1167 1878 cum
1187 1814 1381 1900 praelatione
1402 1814 1578 1879 multarum
1599 1819 1799 1903 paginarum,

615 1942 655 1987 cx
681 1941 744 2006 qna
763 1919 942 1985 luculenter
959 1926 1089 2005 apparet
1108 1920 1185 2005 quid
1206 1942 1298 1985 senex
1320 1924 1489 1987 etiamtum
1508 1929 1666 2006 praestare
1686 1927 1803 2009 potuis

613 2035 681 2105 set,
703 2028 732 2092 si
754 2047 848 2092 omne
870 2029 974 2092 otium
997 2025 1183 2091 contulisset
1206 2026 1246 2090 ad
1268 2025 1464 2112 philologiae
1486 2028 1637 2093 studium.
1665 2029 1801 2095 Posthac

613 2133 662 2198 nil
694 2131 758 2198 tale
789 2153 975 2219 componere
1006 2152 1177 2218 aggressus
1208 2138 1256 2197 111
1283 2137 1316 2197 11
1346 2133 1489 2198 iacebant
1512 2133 1700 2200 collectanea
1722 2156 1802 2222 quae

612 2240 653 2306 ad
677 2239 857 2304 Lucianum
882 2238 1104 2324 undecumque
1127 2245 1309 2303 corraserat.
1333 2240 1424 2304 Anno
1450 2238 1535 2305 1895
1560 2243 1644 2307 inter
1666 2242 1801 2329 discipu·

613 2345 662 2413 los
686 2367 774 2412 meos
797 2351 865 2410 erat
887 2345 1092 2410 Hermannns
1115 2345 1191 2409 Otto
1212 2344 1250 2409 de
1269 2344 1372 2432 Jong,
1394 2348 1450 2430 qui
1469 2347 1562 2413 hodie
1581 2351 1613 2411 in
1632 2352 1801 2435 gymnasio

613 2452 819 2518 Harlemensi
849 2454 1060 2537 praeceptoris
1090 2472 1221 2516 munere
1251 2452 1408 2538 fungitur.
1444 2453 1507 2518 Hic
1538 2475 1637 2539 quum
1668 2458 1800 2521 circum·

613 2562 750 2647 spiceret
774 2559 1003 2625 dissertationis
1026 2559 1232 2624 Academicus
1255 2564 1500 2645 argumentum,
1526 2562 1653 2626 tandem
1678 2563 1715 2627 de
1739 2562 1800 2628 Lu·

612 2668 703 2733 aiano
735 2664 856 2750 aliquid
887 2666 1054 2730 constituit
1084 2665 1285 2729 conscribere.
1318 2665 1388 2751 Ego
1419 2672 1527 2731 autem
1551 2688 1652 2753 quum
1675 2690 1799 2733 nossem

612 2773 732 2860 Jongio
751 2772 879 2838 nullum
898 2772 1013 2837 ducem
1031 2772 1096 2836 fore
1114 2770 1299 2850 meliorem,
1320 2794 1395 2837 eum
1415 2773 1560 2838 Mehlero
1580 2775 1799 2843 commendavi

612 2883 704 2966 isque
738 2900 775 2945 eo
808 2879 960 2944 libentius
992 2878 1083 2943 nobis
1112 2899 1233 2943 morem
1265 2882 1382 2965 gessit,
1409 2901 1509 2965 quum
1533 2882 1800 2948 animadverteret

612 2988 793 3054 amicitiam
815 3006 883 3051 1111
905 2988 989 3050 inter
1008 2983 1164 3070 Jongium
1184 2990 1216 3049 et
1236 2984 1357 3062 filium,
1379 2989 1433 3070 qui
1453 2992 1528 3050 tunc
1547 2988 1660 3052 itidem
1680 2986 1798 3053 studio-

610 3117 687 3160 rum
710 3114 805 3159 causa
828 3091 1059 3158 Amstelodami
1083 3092 1339 3157 commorabatur
1363 3097 1394 3157 et
1417 3092 1506 3157 brevi
1529 3097 1602 3178 post
1622 3096 1740 3179 pariter
1759 3115 1797 3160 ex

610 3209 744 3289 paterna
763 3198 932 3284 disciplina
952 3199 1111 3285 proiectus
1130 3198 1308 3283 disputavit
1328 3198 1365 3261 de
1385 3198 1551 3263 Plutarchi
1561 3198 1635 3264 Vita
1651 3199 1797 3265 Homeri.

611 3309 725 3394 ltaque
748 3311 849 3372 rector
872 3305 1052 3370 Zwollanus
1075 3307 1181 3390 magis
1205 3326 1300 3390 quam
1325 3326 1384 3392 ego
1407 3303 1516 3392 Jongii
1539 3312 1571 3372 11
1592 3297 1728 3372 Mehleri
1750 3309 1797 3371 iu·

544 3493 548 3501 ,
609 3417 710 3481 nioris
741 3419 902 3499 promotor
933 3413 996 3476 fuit
1019 3418 1050 3477 11
1073 3417 1208 3495 utraque
1232 3411 1411 3477 dissertatio
1436 3412 1625 3478 documento
1649 3418 1697 3477 est
1719 3412 1796 3498 quid

609 3525 735 3588 amicus
754 3542 846 3585 meus
866 3522 1020 3606 potuisset
1037 3522 1210 3603 praestare,
1231 3521 1258 3582 si
1278 3518 1460 3584 faventibus
1479 3517 1583 3582 Musis
1595 3521 1628 3582 in
1641 3518 1796 3605 ampliore

608 3630 737 3694 theatro
760 3632 921 3713 spectatus
943 3627 1064 3690 fuisset.
1095 3623 1156 3689 sed
1181 3627 1289 3709 paucis
1312 3622 1423 3688 diebus
1447 3630 1617 3709 antequam
1639 3625 1795 3689 11111111

608 3734 705 3799 tiones
732 3734 862 3796 Oriticce
884 3732 918 3795 in
941 3732 1105 3795 1111111111
1128 3731 1237 3795 critico
1261 3729 1427 3795 doctorum
1447 3733 1585 3797 examini
1606 3734 1794 3799 summissae

607 3841 756 3916 fuerunt,
782 3841 1008 3904 meritissimus
1032 3859 1126 3902 senex
1149 3840 1264 3901 misero
1289 3837 1358 3901 fato·
1375 3840 1532 3903 extinctus
1556 3843 1612 3903 est.

654 3945 744 4011 Haec
774 3945 873 4010 habui
904 3965 983 4030 quae
1014 3937 1171 4028 praefarer
1202 3950 1371 4027 antequam
1395 3964 1475 4008 novo
1498 3946 1585 4030 operi
1607 3964 1720 4008 manus
1743 3944 1792 4009 ad-

608 4072 785 4118 moverem.
817 4050 927 4136 ltaque
959 4050 1088 4115 honoris
1111 4068 1205 4114 cansa
1226 4051 1359 4113 initium
1382 4070 1507 4114 sumam
1531 4071 1549 4115 a
1571 4057 1707 4135 quatuor
1729 4049 1792 4115 dia

608 4159 694 4245 logis
724 4178 803 4244 quos
833 4155 996 4221 Mehlerus
1019 4155 1127 4221 edidit.
1154 4154 1235 4219 Sunt
1260 4163 1366 4220 antem
1389 4154 1520 4232 limen,
1545 4154 1790 4241 Philopseudes,

608 4265 708 4330 Verae
730 4264 892 4329 Historiae
916 4269 948 4327 et
972 4260 1094 4327 Gallus.

1105 4480 1297 4489 ——-—--—

1148 4643 1256 4706 Parnon.

652 4797 725 4882 W:
758 4797 771 4860 δ
804 4799 957 4874 κεκραγὼς
989 4796 1029 4858 ἐκ
1060 4802 1116 4869 τῆς
1149 4797 1295 4869 Ἀττικῆς
1327 4794 1413 4875 παρὰ
1442 4795 1492 4859 τὸν
1517 4794 1671 4871 ’Ὑμηττὸν
1694 4798 1725 4859 ἐν
1748 4806 1786 4876 τῇ

615 4902 750 4987 ὑπωρείᾳ.
782 4901 858 4968 Ι)111
882 4905 1147 4988 praepositionem
1172 4904 1222 4967 ἐκ.
1253 4903 1358 4968 Etiam
1382 4903 1541 4968 Lucienus
1564 4904 1609 4966 sic
1632 4900 1712 4966 solet
1733 4923 1785 4988 gs·
