5125 6150
805 833 872 897 404
1267 849 1308 895 aa
1331 848 1522 896 mronoamr

805 1016 1021 1082 Romanorum
1051 1015 1119 1079 vim
1150 1013 1336 1099 Naupactus
1358 1020 1389 1078 et
1413 1014 1583 1100 Amphissa
1598 1012 1631 1094 ¹).
1655 1013 1845 1079 Locutiones
1867 1016 1987 1100 igitur:

806 1132 961 1189 συντελεῖν
986 1123 1017 1193 ἐς
1041 1121 1073 1184 τὸ
1099 1119 1276 1199 Αίτιιλικίν,
1298 1119 1444 1199 μετέχειν
1464 1129 1519 1195 τῆς
1540 1121 1682 1185 Αἰτωλῶν
1702 1123 1879 1198 πολιτείας,
1901 1144 1989 1198 προσ·

806 1230 904 1309 νέμειν
928 1230 1076 1300 Αἰτωλοῖς
1101 1229 1134 1292 τὸ
1158 1225 1254 1305 ἕίνος,
1277 1227 1360 1292 nihil
1378 1227 1466 1292 aliud
1486 1226 1682 1314 significant,
1703 1231 1730 1292 si
1749 1227 1878 1313 quidem
1898 1249 1989 1292 usur-

805 1341 922 1423 pantur
951 1334 990 1399 de
1019 1335 1169 1421 gentibus
1200 1333 1341 1399 Aetoliae
1371 1333 1535 1413 finitimis,
1568 1336 1630 1398 nisi
1662 1336 1803 1399 societati
1826 1333 1988 1399 Aetolicae

806 1443 972 1509 adiunctas
996 1462 1073 1506 esse.

851 1551 895 1615 At
917 1550 1080 1634 quaeritur
1103 1546 1259 1632 quomodo
1278 1545 1383 1611 Aetoli
1404 1558 1471 1610 tam
1490 1545 1633 1612 celeriter
1651 1568 1713 1611 non
1732 1547 1836 1612 solum
1854 1549 1988 1611 auctori·

806 1662 905 1722 tatem
936 1675 1028 1719 suam
1058 1652 1272 1731 firmaverint,
1298 1652 1472 1718 sedetiam
1496 1660 1608 1739 gentes
1632 1654 1691 1717 sibi
1715 1652 1856 1718 addictas
1878 1673 1989 1718 revera

805 1761 963 1828 Aetolicas
986 1759 1189 1826 reddiderint.
1213 1759 1311 1825 Nullo
1335 1762 1421 1825 enim
1444 1759 1537 1824 modo
1560 1781 1596 1825 eo
1620 1759 1733 1824 adduci
1757 1782 1927 1847 possumus
1952 1766 1988 1824 ut

805 1871 1005 1955 suspicemur
1031 1866 1156 1931 Aetolos
1175 1865 1286 1931 solitos
1305 1867 1402 1931 fuisse
1422 1869 1566 1952 regiones
1586 1873 1731 1932 externas
1751 1868 1894 1931 societati
1913 1887 1989 1931 suaa

806 1978 956 2042 obnoxias
978 1974 1078 2038 facere
1096 1971 1240 2058 pellendo
1259 1971 1396 2050 incolas,
1417 1993 1490 2036 curu
1512 1995 1575 2037 uno
1596 1978 1723 2037 tantum
1743 1971 1811 2038 loco
1831 1972 1989 2037 eiusmodi

807 2082 882 2168 quid
914 2081 1005 2146 nobis
1028 2079 1183 2144 traditum
1207 2081 1266 2143 sit:
1292 2078 1448 2144 Oeniadae
1470 2099 1551 2143 anno
1576 2077 1641 2143 330
1666 2080 1703 2144 ab
1727 2078 1849 2145 Aetolis
1873 2081 1990 2159 vastati

806 2196 899 2265 sunt,
934 2188 1019 2251 cives
1053 2184 1180 2250 sedibus
1214 2187 1327 2270 patriis
1360 2184 1445 2270 pulsi
1459 2184 1495 2265 ’).
1542 2183 1796 2251 Consentaneum
1831 2206 1906 2251 vero
1941 2192 1990 2250 ast

806 2294 961 2380 suspicari
991 2313 1042 2357 eos
1072 2290 1227 2377 praesidia
1256 2290 1423 2356 collocasse
1450 2293 1484 2355 in
1508 2294 1600 2356 terris
1623 2314 1724 2378 nuper
1746 2291 1892 2368 adiectis,
1917 2298 1989 2356 tum

807 2408 845 2468 ut
873 2400 1055 2467 cohiberent
1085 2419 1181 2462 novos
1211 2399 1313 2474 ciues,
1344 2403 1415 2462 tum
1439 2405 1476 2462 ut
1500 2405 1630 2464 externa
1652 2397 1794 2484 pericula
1817 2399 1856 2464 ab
1878 2400 1919 2462 iis
1944 2418 1989 2462 ar-

808 2513 923 2575 cerent.
958 2504 1011 2571 Sic
1045 2511 1116 2589 post
1146 2525 1265 2568 annum
1297 2502 1363 2568 338
1393 2503 1588 2589 praesidium
1621 2504 1801 2569 Aetolicum
1831 2505 1988 2589 Naupacti

806 2615 970 2679 invenitur
983 2608 1024 2690 ³);
1060 2608 1213 2674 Heraclea
1246 2607 1414 2674 'Iraehinia
1446 2631 1526 2675 anno
1558 2608 1624 2675 280
1660 2617 1810 2696 occupata
1844 2612 1989 2695 sequenti

808 2742 888 2786 anno
912 2720 950 2783 ab
973 2718 1013 2782 iis
1036 2722 1145 2781 contra
1168 2713 1277 2781 Gallos
1301 2715 1427 2781 defensa
1445 2724 1492 2781 est
1513 2723 1679 2802 tamquam
1698 2718 1772 2782 urbs
1791 2716 1935 2782 Aetolica
1948 2716 1988 2797 4);

809 2847 890 2892 anno
922 2823 987 2889 220
1020 2823 1188 2887 Ambracia
1219 2829 1251 2887 et
1280 2822 1414 2887 Phoetia
1444 2824 1539 2888 urbes
1569 2843 1587 2891 a
1617 2823 1772 2909 praesidio
1803 2822 1989 2889 Aetolorum

808 2946 915 2999 contra
946 2928 1134 2994 Macedones
1164 2934 1196 2994 et
1219 2927 1405 3014 Philippum
1430 2937 1505 2994 sunt
1526 2928 1670 2996 defensae
1683 2929 1728 3011 ⁵);
1753 2951 1808 2995 arx
1832 2930 1991 3016 Metropo

808 3036 874 3106 leos
904 3037 1014 3103 eodem
1044 3041 1185 3122 tempore
1215 3036 1255 3101 ab
1284 3035 1405 3102 Aetolis
1437 3044 1589 3123 occupata
1619 3044 1683 3116 est,
1715 3059 1789 3104 cum
1819 3040 1888 3123 ipsa
1911 3037 1991 3103 urbe

809 3144 993 3212 excederent
1005 3144 1042 3222 ⁸).
1078 3141 1203 3228 Gonope
1238 3142 1348 3207 eodem
1384 3142 1477 3209 modo
1512 3166 1530 3209 a
1565 3143 1723 3210 militibus
1758 3144 1908 3209 Aetolicis
1943 3149 1992 3209 est

809 3252 935 3318 defensa
948 3251 989 3331 ');
1021 3247 1187 3334 complura
1217 3247 1346 3314 castella
1369 3256 1400 3313 et
1423 3271 1478 3314 arx
1502 3249 1714 3316 Oeniadarum
1737 3252 1775 3317 ab
1801 3249 1920 3316 Aetolis
1944 3272 1993 3315 oc·

809 3363 924 3443 cupata
953 3356 1068 3428 erat⁸).
1099 3354 1160 3420 Sed
1184 3353 1335 3420 Melitaea
1358 3377 1438 3421 anno
1462 3355 1526 3422 217
1550 3358 1705 3442 praesidio
1729 3357 1871 3423 Aetolico
1891 3379 1993 3423 vacua

810 3463 907 3528 fuisse
945 3461 1082 3538 videtur,
1116 3463 1150 3524 in
1188 3460 1348 3526 elaborata
1382 3464 1468 3527 enim
1504 3463 1711 3548 descriptione
1746 3467 1991 3549 oppugnationis

810 3567 894 3654 apud
914 3565 1087 3653 Polybium
1112 3588 1150 3631 ne
1174 3567 1308 3632 verbum
1332 3567 1460 3653 quidem
1485 3568 1521 3632 fit
1544 3568 1582 3634 de
1605 3569 1741 3647 Aetolis,
1766 3573 1828 3655 ipsi
1846 3568 1991 3634 Melitaei

810 3674 964 3762 oppidum
1002 3681 1109 3739 contra
1150 3673 1338 3759 Philippum
1376 3674 1549 3740 defendunt
1562 3681 1599 3754 ⁰).
1635 3675 1760 3741 Thebae
1794 3676 1991 3741 Phthiotidis

809 3804 885 3848 vero
909 3783 947 3846 ab
972 3779 1092 3845 Aetolis
1116 3786 1286 3866 occupatae
1309 3786 1400 3845 erant
1414 3778 1463 3860 ¹⁰).

854 3888 891 3953 ln
921 3889 1066 3953 terminis
1096 3889 1198 3973 igitur
1226 3890 1395 3973 regionum
1427 3887 1465 3951 ad
1487 3890 1670 3952 societatem
1696 3888 1870 3954 Aetolicam
1894 3892 1991 3974 perti-

809 3997 955 4062 nentium
977 3993 1132 4079 praesidia
1154 3994 1298 4058 militum
1318 3993 1533 4059 Aetolicorum
1554 4003 1628 4059 sunt
1647 3998 1760 4080 posita.
1781 3996 1992 4081 Perspicuum

846 4242 871 4303 l)
889 4240 941 4288 lav.
959 4237 1070 4288 XXXVII
1089 4240 1103 4286 0
1121 4238 1165 4300 57.
1398 4240 1425 4301 2)
1445 4238 1514 4288 Diod.
1533 4239 1615 4288 XVIII
1634 4242 1648 4288 8
1667 4241 1710 4301 56,
1730 4239 1792 4288 Plut.
1811 4240 1849 4288 Al.
1867 4241 1907 4290 40.

845 4325 872 4388 3)
890 4323 959 4370 Ριιιο.
978 4321 1011 4369 VI
1032 4322 1061 4369 10
1078 4320 1127 4382 52:
1151 4317 1193 4367 καί
1214 4322 1319 4379 φρουρᾶς
1342 4317 1452 4380 ἡγεμόνα
1476 4319 1500 4369 ἐν
1523 4320 1669 4381 Νανπάκτῳ
1692 4321 1765 4386 φιλίᾳ
1783 4320 1897 4383 γενέσθαι
1915 4325 1946 4386 τῇ
1966 4319 1994 4381 ἐς

811 4402 947 4460 λίτοιλοιίς.
964 4403 999 4451 cf.
1017 4401 1138 4450 Demosth.
1158 4401 1220 4449 Phil.
1237 4401 1274 4449 III
1292 4403 1351 4463 §34

844 4487 872 4550 4)
889 4487 959 4534 Pana.
983 4485 1003 4534 X
1026 4485 1058 4532 20
1082 4483 1135 4546 59:
1159 4483 1184 4530 οί
1204 4481 1315 4532 atvero?
1337 4486 1465 4532 συντελεῖν
1488 4485 1546 4541 τοὺς
1564 4484 1737 4546 Ἡρακλεώτας
1754 4484 1898 4548 ἠνάγκασαν
1917 4484 1941 4543 ἐς
1958 4490 1990 4536 τό

811 4565 956 4622 λίποιλικίν,
980 4567 1039 4614 τότε
1063 4560 1104 4614 οὖν
1128 4563 1247 4626 ἠμύνοντο
1270 4565 1301 4622 ὥς
1323 4566 1378 4628 περί
1399 4569 1495 4625 πόλεως
1519 4565 1587 4615 οὒδίν
1611 4586 1636 4615 τι
1655 4567 1839 4628 Ἡρακλεώταις
1857 4574 1955 4630 μᾶλλον
1975 4570 1991 4626 ἰ)

811 4648 853 4698 καὶ
870 4645 956 4704 αὐτοῖς
974 4646 1147 4711 προσηκούσης.

846 4733 875 4796 0)
890 4730 971 4794 Polyb.
995 4730 1029 4779 lv
1046 4732 1077 4779 00
1100 4733 1135 4793 §8
1159 4736 1183 4781 et
1205 4734 1233 4781 8:
1260 4730 1388 4794 παρέλαβε
1412 4731 1465 4780 καί’
1487 4733 1622 4796 ὁμολογίαν
1644 4732 1716 4796 ιἰφεῖς
1740 4731 1907 4792 ὑποσπόνδους
1930 4736 1991 4793 τοὺς

812 4811 911 4870 ἐνόντας
929 4816 977 4860 τῶν
995 4811 1120 4862 Αίτιιλῶν.

845 4896 872 4961 0)
889 4894 971 4958 Polyb.
988 4894 1021 4942 lv
1040 4896 1072 4943 64
1088 4898 1132 4956 Η.
1398 4897 1425 4960 7)
1442 4898 1503 4947 Ibid.
1704 4899 1731 4964 0)
1749 4899 1810 4949 Ibid.
1828 4900 1860 4949 05
1878 4902 1921 4961 §b

845 4979 872 5043 9)
890 4978 950 5028 Ibid.
971 4978 989 5022 V
1009 4977 1039 5028 aa
1058 4978 1091 5040 §d
1106 4993 1157 5043 sqq.
1389 4980 1507 5045 10)1bia.
1527 4982 1547 5028 V
1567 4982 1597 5030 09
1616 4984 1658 5042 §A

650 5213 850 5361 A
