5125 6150
694 817 761 883 340
1221 837 1363 885 moruus.

738 1001 776 1064 A.
810 998 894 1075 XVI,
921 999 971 1064 19.
1005 999 1052 1064 De
1083 1000 1227 1066 Petronii
1249 1003 1318 1066 vita
1341 1007 1414 1067 anta
1437 1009 1507 1067 acta
1529 1006 1701 1088 postquam
1727 1001 1891 1086 quaedam

692 1107 836 1171 narravit
866 1104 1013 1183 Tacitus,
1046 1107 1102 1190 qui
1132 1105 1267 1172 Neronis
1295 1110 1338 1171 sit
1359 1109 1462 1173 factus
1484 1110 1607 1173 amicus
1630 1107 1894 1184 domonstravit,

692 1211 828 1295 denique
859 1232 917 1275 cur
947 1217 980 1276 et
1009 1233 1072 1296 quo
1096 1212 1189 1277 modo
1214 1234 1232 1277 a
1256 1212 1416 1298 Tigellino
1440 1221 1605 1298 tamquam
1628 1216 1777 1278 conscius
1803 1213 1896 1277 Piso-

691 1320 803 1383 nianae
827 1320 1053 1383 coniurationis
1077 1327 1243 1383 accusatus
1266 1322 1310 1383 sit
1333 1322 1498 1405 exposuit,
1522 1322 1567 1384 sic
1590 1322 1719 1405 pergit:

739 1423 855 1500 „Forte
885 1422 951 1488 Illis
982 1424 1094 1488 diebus
1125 1422 1334 1509 Campaniam
1365 1428 1521 1509 petiverat
1553 1422 1679 1502 Caesar,
1704 1429 1740 1489 et
1764 1421 1893 1490 Oumas

690 1550 791 1615 usque
822 1550 1009 1615 progressus
1044 1530 1214 1595 Petronius
1248 1528 1317 1594 illic
1351 1530 1542 1595 attinebatur.
1577 1530 1645 1595 Nec
1681 1529 1764 1594 tulit
1801 1529 1893 1595 ultra

692 1636 818 1699 timoris
851 1640 909 1699 aut
943 1637 1012 1719 spei
1046 1656 1152 1701 moras
1186 1641 1381 1720 (sequuntur
1415 1636 1453 1701 de
1486 1642 1590 1702 morte
1624 1638 1695 1701 eius
1732 1657 1771 1702 ea
1810 1658 1894 1722 qnae

693 1739 794 1826 vulgo
820 1739 940 1819 nota)”.

736 1846 800 1911 Hic
830 1847 1014 1910 attinebatur
1044 1849 1089 1911 sic
1118 1846 1256 1932 explicat
1286 1845 1473 1912 Furneaux:
1502 1846 1741 1932 „deprehensus
1765 1854 1839 1912 erat
1864 1852 1896 1912 at

588 1943 592 1950 ’
690 1951 961 2030 custodiebatur’',
986 1972 1099 2036 parum
1124 1959 1225 2028 recte,
1250 1955 1277 2016 si
1301 1952 1377 2036 quid
1401 1952 1503 2017 video.
1527 1950 1600 2016 Non
1623 1953 1712 2017 enim
1739 1952 1896 2017 sicunde

691 2058 816 2121 attineri
839 2057 956 2121 dicitur
978 2059 1033 2142 qui
1053 2056 1185 2133 vinclis,
1205 2077 1343 2133 carcere,
1364 2057 1508 2122 custodia
1528 2061 1690 2122 coercetur
1706 2055 1745 2136 ¹),
1768 2058 1829 2122 sed
1850 2060 1895 2134 is,

690 2165 742 2227 cui
771 2182 877 2227 morae
908 2161 1028 2247 aliquid
1056 2162 1169 2227 incidit
1192 2164 1365 2247 quominus
1389 2164 1451 2227 iter
1473 2165 1637 2247 inceptum
1661 2169 1895 2247 persequatur.

690 2268 743 2334 Sic
774 2270 826 2333 hio
851 2268 1037 2345 Petronius,
1061 2289 1135 2332 cum
1158 2267 1292 2352 periculi
1315 2266 1436 2353 aliquid
1460 2267 1583 2333 odorari
1606 2269 1732 2352 coepit,
1759 2269 1895 2333 obviam

689 2373 806 2439 Neroni
826 2373 1047 2460 proficiscitur,
1064 2373 1149 2438 haud
1169 2373 1319 2437 dubitans
1339 2375 1433 2458 quin,
1454 2375 1481 2437 si
1500 2372 1660 2438 Neronem
1673 2377 1895 2451 convenisset,

690 2485 799 2565 parata
830 2479 891 2542 sibi
921 2477 1007 2543 salus
1037 2483 1136 2555 esset;
1171 2477 1225 2542 sed
1256 2476 1369 2543 Gumis
1392 2480 1548 2563 inopinati
1572 2477 1732 2562 quiddam
1755 2479 1895 2555 incidit,

689 2584 774 2669 quod
805 2586 976 2669 quominus
1006 2584 1165 2649 Neronem
1197 2585 1381 2648 conveniret
1407 2583 1617 2668 impediebat,
1642 2604 1724 2670 ergo
1749 2587 1825 2669 ipse
1850 2587 1896 2649 ibi

688 2696 826 2754 mortem
847 2691 909 2754 sibi
928 2692 1090 2755 conscivit.
1112 2688 1230 2755 Cumas
1249 2689 1289 2753 ad
1308 2708 1383 2753 eum
1395 2691 1577 2774 pervenisse
1588 2690 1761 2767 nuntium,
1776 2711 1846 2774 quo
1858 2690 1896 2754 de

691 2828 730 2835 ...-

724 2888 750 2950 1)
769 2887 821 2935 Iloc
836 2902 905 2936 sensu
923 2901 976 2935 oum
993 2885 1115 2934 attinendi
1131 2885 1207 2935 utitur
1223 2884 1294 2933 serbo
1309 2885 1416 2943 Tacitus,
1431 2900 1523 2950 semper
1538 2887 1580 2935 ant
1593 2899 1648 2934 cnm
1663 2899 1771 2945 earcere,
1781 2888 1896 2937 eurania

687 2969 765 3020 simin.
792 2969 852 3018 iliud
876 2968 968 3030 iungit,
990 2970 1033 3016 ant
1055 2967 1169 3016 eiusmodi
1193 2965 1306 3015 rambula
1330 2966 1354 3015 in
1378 2966 1486 3031 proxima
1507 2967 1576 3031 pontt
1600 2966 1698 3025 vicinia,
1724 2972 1770 3017 ant
1789 2969 1896 3032 deniqne

686 3051 767 3115 aliquo
785 3051 855 3099 modo
872 3049 944 3099 efficit
961 3052 987 3098 ut
1004 3048 1108 3098 subieri
1127 3064 1173 3098 non
1191 3047 1265 3113 possit
1281 3047 1339 3111 quin
1356 3048 1446 3097 artiore
1467 3061 1536 3098 sensu
1554 3046 1597 3098 illo
1615 3047 1661 3097 hoc
1678 3047 1785 3100 verbnm
1806 3051 1841 3100 sit
1860 3052 1895 3100 in·

687 3133 855 3197 taIIIgendnm:

720 3217 748 3264 Δ.
767 3216 813 3263 llI.
833 3215 865 3263 30
882 3214 979 3262 attineri
996 3212 1090 3277 publica
1106 3212 1226 3270 custodia;
1248 3211 1289 3269 VI,
1312 3212 1339 3260 IV
1356 3212 1397 3275 qui
1415 3227 1509 3260 earcere
1526 3210 1705 3269 attinebantn13
1734 3212 1781 3271 VI,
1802 3215 1838 3262 2³
1857 3230 1896 3264 ex·

684 3301 787 3346 tractum
805 3295 925 3343 custodiae
944 3294 1052 3342 invenem
1069 3298 1134 3351 (nam
1151 3294 1175 3341 in
1194 3292 1287 3340 Palatio
1301 3292 1468 3352 attinebatur);
1486 3291 1555 3348 XIII,
1573 3294 1603 3340 15
1619 3293 1763 3356 praetoriae
1780 3294 1895 3344 cohortis

684 3378 794 3435 tribuno,
815 3376 883 3426 cuius
904 3391 960 3425 cura
983 3374 1130 3423 attinebatur
1153 3376 1263 3422 damnata
1286 3374 1391 3422 veneficii
1414 3375 1527 3432 Locusta;
1546 3373 1599 3431 XV,
1618 3374 1649 3426 57
1669 3374 1769 3424 Volusii
1792 3376 1894 3426 Proculi

685 3459 773 3507 indicio
792 3457 919 3522 Epicharin
937 3456 1043 3505 attineri.

720 3540 811 3587 Ceteris
828 3539 885 3586 locis
901 3538 1010 3586 omnibus
1026 3538 1148 3587 attinendi
1162 3535 1259 3585 verbum
1274 3538 1303 3584 de
1318 3535 1401 3599 quavis
1416 3535 1591 3599 proficiscendi,
1607 3537 1694 3595 eundi,
1712 3540 1806 3601 agendi
1825 3557 1894 3589 mora

685 3621 791 3688 ponitur,
817 3619 926 3682 clareque
950 3619 987 3667 his
1010 3618 1193 3676 demonstratur,
1218 3618 1257 3667 ubi
1279 3618 1345 3666 nulla
1368 3618 1488 3666 custodiae
1512 3617 1714 3681 vinculorumque
1739 3621 1893 3683 significatio

684 3719 738 3752 cum
760 3717 788 3750 co
810 3699 842 3748 sit
863 3700 988 3748 coniuncta
1012 3700 1048 3748 rei
1072 3701 1096 3748 in
1115 3700 1165 3748 eius
1189 3700 1275 3748 vicinia
1299 3700 1388 3763 posita,
1407 3701 1435 3747 de
1452 3699 1559 3748 custodia
1576 3699 1730 3764 vinculisque
1749 3718 1802 3752 non
1823 3720 1893 3769 posse

684 3783 793 3847 cogitari.
812 3783 873 3828 Sunt
890 3784 970 3828 autem
988 3780 1025 3827 hi:

719 3868 747 3915 Α.
765 3863 786 3923 Ι,
803 3866 835 3912 85
852 3862 942 3910 istrum
958 3859 1075 3909 deferebat
1094 3861 1117 3910 in
1136 3866 1216 3924 pectus
1234 3860 1258 3909 ni
1277 3860 1379 3925 proximi
1398 3862 1505 3910 dextram
1523 3861 1547 3909 vi
1564 3861 1739 3922 attinnIssant;
1759 3865 1797 3925 11,
1816 3868 1850 3916 10
1869 3868 1893 3915 ni

684 3945 815 3996 Stertinius
828 3958 894 3992 arms
910 3945 934 3990 et
948 3957 1033 4005 equum
1043 3946 1177 4005 poscentem
1188 3943 1285 3990 Flavum
1296 3942 1444 3999 attinuissct;
1459 3942 1493 4000 ll,
1505 3944 1535 3990 52
1546 3946 1573 3991 ot
1582 3942 1725 3992 Tacfarinas
1735 3945 1818 3996 lectos
1828 3949 1894 3997 viros

683 4027 768 4078 eastris
782 4026 907 4081 attineret;
923 4023 995 4081 111‚s
1010 4025 1036 4070 ut
1051 4038 1094 4085 par
1108 4037 1200 4070 maeror
1215 4026 1238 4071 et
1253 4022 1337 4070 matris
1351 4022 1458 4086 exemplo
1470 4023 1626 4086 asiaquoque
1636 4027 1779 4088 etpatruns
1789 4030 1895 4078 attineri

684 4110 835 4163 siderentur,
859 4105 905 4161 III,
925 4104 954 4154 Vl
979 4102 1096 4167 pontificis
1114 4103 1210 4151 maximi
1228 4103 1268 4167 qui
1287 4103 1405 4151 flaminem
1422 4103 1573 4161 attinuisset;
1592 4103 1634 4163 Vl,
1654 4104 1686 4154 l'I
1707 4107 1840 4169 signatum
1860 4126 1896 4158 nr·

684 4194 782 4255 gentum
806 4190 860 4236 fisco
884 4186 921 4233 rel
943 4184 1034 4232 aerario
1058 4183 1217 4241 attinebatur;
1245 4184 1286 4240 VI,
1304 4183 1335 4233 27
1354 4183 1442 4232 oblitus
1460 4185 1618 4243 Arruntium,
1639 4201 1669 4233 ne
1689 4186 1717 4235 in
1740 4189 1894 4253 Hispaniam

684 4273 808 4337 pergeret,
825 4268 940 4315 decimum
959 4266 1006 4313 iam
1024 4281 1111 4312 annum
1129 4265 1225 4312 attineri
1232 4286 1238 4321 ;
1257 4264 1314 4323 XII,
1334 4266 1364 4312 12
1382 4264 1490 4314 iuvenem
1504 4280 1622 4314 summam
1642 4267 1773 4318 Iomanem
1791 4272 1818 4320 in
1836 4273 1894 4320 luxu

685 4358 764 4404 ratum
788 4350 877 4399 multos
900 4363 942 4411 per
959 4347 1008 4395 dies
1024 4346 1123 4394 attinuit
1140 4347 1201 4409 apud
1220 4345 1333 4409 oppidum
1351 4347 1475 4403 Edessam
1493 4345 1549 4405 XII,
1568 4347 1600 4394 68
1617 4348 1759 4413 Agrippina
1780 4351 1895 4401 Brittan·

683 4436 765 4485 nisum
781 4429 899 4479 demorari
917 4443 946 4476 ue
962 4427 1071 4475 cubiculo
1088 4427 1250 4489 egressurum
1271 4426 1400 4474 Antoniam
1418 4441 1511 4489 qnoque
1528 4429 1553 4474 et
1570 4428 1700 4477 Octaviam
1720 4446 1825 4481 sorores
1842 4435 1894 4483 eius

684 4513 797 4568 attinuit:
820 4509 881 4560 XIII
899 4508 929 4559 27
954 4524 1013 4571 quos
1036 4507 1139 4555 vindicta
1162 4510 1275 4571 patronos
1294 4522 1340 4554 non
1358 4506 1482 4565 liberarit,
1499 4507 1566 4555 velut
1583 4508 1664 4557 vinclo
1681 4512 1819 4563 servitutis
1836 4517 1894 4565 atti·

685 4596 749 4650 neri;
774 4592 841 4649 XIII,
860 4592 892 4639 46
914 4590 934 4638 si
959 4588 1023 4636 ultra
1047 4603 1117 4635 unam
1140 4588 1286 4650 alteramque
1311 4591 1403 4635 noctem
1421 4587 1566 4637 attineretur
1583 4589 1709 4655 (Poppaea
1730 4609 1745 4641 a
1767 4596 1892 4658 Nerone),

685 4673 756 4729 XIII,
774 4675 804 4721 53
822 4688 851 4721 ue
867 4674 947 4719 tamen
964 4683 1060 4730 segnem
1078 4668 1180 4717 militem
1197 4669 1327 4716 attinerent
1333 4688 1339 4725 ;
1358 4667 1422 4726 XIV,
1439 4670 1470 4717 25
1486 4668 1586 4718 attineri
1600 4684 1614 4717 a
1629 4686 1655 4719 se
1672 4672 1832 4739 Vologaeaen
1848 4694 1892 4742 pro

685 4752 783 4813 pignore
800 4753 917 4801 amicitiae
934 4752 1090 4807 ostentantes,
1111 4748 1176 4808 XIV,
1192 4750 1223 4797 td
1241 4749 1308 4811 quasi
1325 4749 1459 4798 valetudine
1475 4749 1567 4799 infensa
1583 4754 1626 4799 aut
1644 4753 1786 4817 saplentiae
1803 4760 1893 4807 studiis

686 4830 749 4877 domi
767 4834 921 4889 attineretun
940 4830 969 4878 H.
989 4829 1023 4887 II,
1043 4830 1073 4877 lt
1091 4831 1114 4878 ni
1132 4831 1245 4879 victorem
1263 4829 1392 4877 exercitum
1409 4830 1547 4879 attinuisset
1563 4829 1695 4883 obscurum
1715 4839 1807 4889 noctis.

720 4908 754 4955 Itu
772 4912 885 4962 exhausta
902 4911 1015 4961 materia!
1034 4910 1110 4958 Omisi
1128 4913 1222 4959 tantum
1240 4926 1325 4975 paucos
1341 4911 1396 4960 ilios
1414 4911 1534 4970 locas‚ubi
1547 4915 1613 4976 quod
1624 4915 1723 4965 attinet
1738 4920 1891 4985 adlegitur.

715 5279 886 5353 A
