5125 6150
965 836 1133 885 monrsros
1156 832 1476 885 nnnrornsnssrrrsrs.
1747 818 1813 885 259

626 1001 867 1086 interpolaverit
898 1023 1051 1086 saepeque
1082 1024 1144 1067 non
1174 1002 1318 1067 multum
1340 1002 1454 1078 refert,
1478 1023 1552 1067 eum
1575 1002 1724 1087 pleraque
1747 1024 1814 1088 per·

628 1110 739 1192 exigui
762 1111 856 1192 pretii
880 1110 953 1171 sint.
978 1108 1064 1173 Scire
1088 1114 1195 1174 tamen
1219 1108 1376 1193 pervelim
1396 1108 1473 1193 quid
1494 1108 1623 1173 tandem
1642 1108 1815 1197 Dionysius

628 1212 666 1277 de
689 1214 851 1278 anseribus
874 1216 907 1277 in
932 1212 1089 1299 Capitolio
1114 1214 1299 1280 tradiderit:
1325 1214 1541 1293 καταβοῶντες
1560 1211 1631 1291 σ’ίρια
1652 1216 1704 1280 καί
1729 1224 1813 1289 τοῖς

627 1319 860 1400 βαρβάροις
881 1319 1003 1399 ίμίσε
1024 1326 1250 1401 χωροῦντες
1270 1324 1431 1400 κατήγοροι
1453 1320 1613 1400 γίγνονται
1633 1327 1686 1387 τοῦ
1706 1328 1814 1388 κακοῦ.

674 1538 749 1604 XIV
773 1562 803 1625 p.
831 1540 907 1607 201.
924 1539 990 1637 18:
1013 1540 1210 1617 σκοπούμενοι
1234 1541 1297 1620 γὰρ
1320 1543 1365 1612 ὥς
1390 1541 1483 1618 μηδὲν
1507 1540 1551 1606 έτι
1573 1546 1705 1606 τοιοῦτον
1727 1541 1815 1619 γενοί-

629 1670 728 1710 σεται.
754 1645 858 1732 Lege:
882 1654 971 1719 πῶς.

676 1849 752 1914 xlv
775 1872 806 1936 p.
831 1849 978 1916 203.15.
1011 1849 1167 1918 Camillus
1191 1852 1341 1918 describit
1363 1855 1396 1917 in
1421 1854 1568 1919 concione
1591 1873 1679 1918 arma
1702 1853 1817 1939 quibus

628 1955 765 2023 Romani
796 1979 828 2021 se
858 1958 1010 2022 adversus
1042 1955 1152 2024 Gallos
1182 1964 1347 2024 tutantur:
1380 1967 1455 2025 suut
1483 1962 1525 2025 iis
1546 1964 1631 2027 inter
1653 1958 1716 2026 alia
1737 1960 1813 2039 ξίφν

627 2088 663 2126 τε
694 2064 868 2140 οἰαφίςοαα
899 2063 951 2128 καί
984 2065 1052 2128 avet
1084 2065 1207 2146 λίγχινς
1240 2068 1272 2130 οί
1282 2066 1326 2133 τί
1335 2090 1367 2143 ς,
1399 2065 1539 2146 ἄφυκτον
1569 2067 1673 2145 βέλος.
1705 2065 1815 2134 Itane?

628 2170 751 2235 Suntne
782 2173 943 2257 sagittarii
971 2170 1140 2257 legionarii
1163 2170 1306 2237 milites?
1329 2171 1392 2238 Sed
1415 2194 1529 2239 verum
1552 2181 1624 2239 ante
1647 2175 1742 2260 pedes
1763 2196 1816 2259 po

630 2279 730 2341 situm
754 2283 819 2341 est:
844 2278 912 2342 οὶντί
936 2277 1060 2360 λόγχης
1086 2278 1181 2344 ὑσσί
1189 2304 1214 2351 ς.

675 2493 750 2559 XIV
769 2517 800 2581 p.
823 2494 898 2561 206.
914 2496 944 2561 6.
969 2497 1104 2563 Romani
1122 2494 1251 2564 ἅπαντα
1272 2499 1314 2563 τίς
1334 2499 1417 2564 δεινοί
1436 2499 1581 2577 γενναίοις
1606 2500 1813 2580 σίνέΦερον.

628 2601 733 2666 Malo:
758 2602 955 2682 διέφερον.
980 2602 1029 2670 Of.
1054 2627 1085 2670 v.
1110 2603 1297 2691 nlaop.
1324 2605 1541 2672 54et1141
1568 2629 1599 2692 p.
1626 2604 1701 2672 322.

672 2822 732 2887 XV
756 2845 785 2908 p.
810 2824 886 2888 210.
907 2824 957 2889 10.
982 2824 1029 2889 Μ.
1047 2824 1192 2889 Valerius
1212 2823 1322 2891 consul
1343 2845 1423 2891 auno
1444 2824 1508 2890 343
1529 2826 1716 2913 rogantibus
1735 2827 1814 2910 ipsis

628 2926 798 3015 Campanis
829 2931 1048 3016 praesidiarios
1077 2931 1198 2997 milites
1222 2932 1392 3016 relinquit,
1418 2934 1447 2996 ἕν
1471 2925 1514 3004 οίς
1537 2934 1571 2996 τὸ
1597 2941 1701 2997 πλεῖον
1724 2933 1812 3012 μέρος

627 3036 754 3104 οὶνεςίοιν
774 3037 825 3100 καί
847 3038 1030 3119 καταχρέιον
1050 3037 1101 3101 καί
1122 3040 1176 3111 τὴν
1197 3035 1268 3103 οίκοι
1289 3042 1396 3103 πενίαν
1417 3037 1468 3104 καί
1490 3039 1695 3116 οίννοισίοον
1717 3036 1813 3113 οίσμέ·

627 3167 680 3215 νιος
706 3143 996 3223 ἀποδιδρασκόντων.
1020 3145 1219 3210 Praeforum:
1243 3145 1491 3224 ἀπόγνωσιν,
1516 3145 1600 3231 quod
1619 3143 1813 3211 vocabulum

626 3252 752 3333 saepius
776 3251 861 3335 apud
884 3250 1076 3338 Dionysium
1100 3252 1234 3317 obvium
1258 3259 1316 3317 est.

674 3468 729 3532 XV
754 3491 785 3554 p.
809 3470 884 3537 212.
899 3469 937 3535 8:
969 3470 1060 3549 ἔκρινε
1092 3473 1135 3548 μὴ
1158 3470 1295 3548 λέξειν
1320 3471 1353 3534 τδ
1378 3473 1515 3550 πρᾶγμα
1539 3470 1611 3545 μηδ’
1634 3470 1742 3536 είδέναι
1769 3469 1812 3535 δο·

626 3582 700 3639 κεῖν.
733 3574 871 3641 Federus
902 3586 985 3642 recte
1016 3580 1171 3642 aoristum
1201 3579 1359 3663 reposuit;
1395 3576 1449 3642 sed
1482 3577 1538 3642 hoc
1561 3598 1622 3642 non
1646 3582 1695 3643 est
1716 3580 1811 3656 satis,

626 3703 702 3746 nam
725 3681 908 3765 planissime
931 3686 1120 3769 requiritur:
1146 3683 1272 3762 ἐλίνξ
1279 3706 1329 3749 αι.

673 3884 748 3950 XVI
780 3909 810 3972 p.
844 3885 919 3950 222.
933 3885 986 3951 23.
1022 3886 1132 3952 Edidit
1167 3887 1401 3973 Kiesslingius:
1435 3885 1510 3966 Φέρε
1545 3886 1579 3959 δὴ
1615 3886 1688 3951 κίον
1722 3890 1811 3949 τοῦτο

626 3990 798 4064 πεισθέντες
831 3992 847 4066 ἢ
879 3993 1057 4070 βιασθέντες
1091 3994 1107 4067 ἢ
1139 3992 1299 4069 ὅτιδνίποτε
1331 3992 1477 4065 παίοντες
1512 3990 1652 4066 οἵξιοσί
1682 4016 1727 4069 γε
1759 3989 1809 4055 καί

627 4095 678 4175 ζῆν
703 4099 814 4168 αὐτοὺς
840 4099 1028 4176 έοίσοοσιν,
1054 4095 1101 4176 ἆρ’
1124 4098 1168 4165 ἔτι
1190 4125 1234 4164 σοι
1255 4100 1372 4166 δοκοῦσι
1392 4097 1445 4165 καί
1468 4100 1509 4163 τοὶ
1528 4101 1680 4178 χρήματα
1698 4099 1810 4167 αὐτοὺς

624 4204 727 4268 ίιίσειν
751 4202 834 4285 ἔχειν
842 4226 850 4284 ;
878 4206 1001 4291 Nempe
1024 4209 1058 4270 in
1080 4208 1290 4273 Ambrosiano
1313 4206 1417 4272 codice
1440 4204 1561 4292 legitur
1580 4206 1633 4267 καί
1641 4251 1650 4280 ,
1671 4225 1727 4289 pro
1747 4225 1810 4289 quo

624 4309 842 4397 Kiesslingius
873 4311 930 4375 κδιν
962 4314 1103 4397 reposuit
1134 4318 1166 4378 et
1189 4312 1266 4378 olim
1290 4320 1373 4378 certe
1396 4312 1562 4376 indicativi
1586 4316 1676 4375 erant
1698 4308 1808 4385 είξοοσι

623 4422 656 4482 et
688 4416 818 4482 εὀίσοοσι.
851 4416 965 4482 Veram
990 4418 1162 4485 lectionem
1192 4422 1313 4505 aperiet
1335 4417 1409 4482 VIII
1433 4417 1475 4482 25
1500 4440 1530 4503 p.
1557 4416 1660 4482 1555:
1690 4420 1810 4494 οἰφαι·

622 4524 732 4603 ρέσει
759 4525 789 4589 δέ
814 4524 849 4598 δὴ
872 4524 994 4597 ποίντας
1018 4529 1074 4604 μὲν
1098 4528 1266 4606 ἀνθρώπους
1371 4525 1460 4597 δίκας
1485 4548 1529 4589 σοι
1554 4524 1653 4589 δοῦναι
1679 4530 1809 4602 προσῆκε

708 4632 767 4711 οὐχ
798 4629 906 4703 ίκανοὶς
931 4631 985 4707 ἤδη
1010 4634 1095 4713 παρὰ
1120 4634 1243 4697 ποίνποον
1267 4630 1470 4709 εἰσπέπραξαι
1496 4630 1602 4708 δίκας,
1626 4631 1684 4700 11111,
1705 4629 1809 4695 Kissa·

621 4735 744 4822 lingiue
767 4740 946 4803 rectissime
970 4742 1121 4803 correrIt:
1147 4738 1241 4815 Φέρε
1265 4738 1299 4802 εί
1327 4735 1358 4800 δὲ
1382 4735 1417 4809 δίς
1441 4745 1473 4802 et
1496 4740 1594 4803 miror
1616 4740 1723 4822 ipsum
1747 4758 1810 4802 eer-

623 4847 691 4905 tam
724 4845 977 4910 emendationem
1007 4848 1161 4909 incertam
1193 4865 1259 4909 esse
1283 4846 1500 4927 pronuncIare.
1523 4844 1590 4909 lam
1615 4845 1655 4909 ad
1677 4843 1808 4910 eandem

625 4968 771 5013 normam
803 4954 901 5015 etlam
933 4952 984 5016 hic
1006 4951 1225 5016 scribendum:
1249 4952 1324 5029 φέρε
1348 4952 1380 5014 εί
1404 4949 1442 5014 δέ
1464 4952 1500 5023 δὴ
1525 4950 1576 5014 καί
1601 4954 1689 5025 τοῦτο
1713 4957 1808 5037 atque
