5125 6150
762 1406 834 1494 DE
864 1400 1307 1494 Attooxltttttnt
1335 1400 1578 1489 tfflltsls
1604 1395 1797 1488 ,tollito

1217 1635 1342 1676 ΞΕΒΙΡΞΠ

1102 1818 1133 1883 J.
1163 1805 1454 1882 ttRTHEIM.

1204 2102 1360 2142 —040-

1267 2358 1292 2422 L

729 2542 843 2607 Variae
866 2543 1041 2605 sententiae
1065 2558 1095 2603 et
1115 2538 1194 2603 olim
1214 2556 1245 2603 et
1265 2560 1345 2603 aero
1363 2542 1538 2603 recentiore
1558 2537 1598 2602 de
1616 2540 1877 2623 Argonautarum

686 2648 805 2713 vellere
824 2667 921 2711 aureo
939 2664 1012 2710 sunt
1035 2643 1193 2728 prolatae,
1212 2664 1292 2728 quas
1312 2665 1440 2709 omncs.
1459 2660 1572 2727 utpote
1588 2642 1878 2727 quaeinRoscheri

684 2754 787 2818 lexico
811 2751 1081 2838 mythographico
1104 2748 1216 2814 ffldulo
1234 2754 1298 2813 sint
1318 2748 1470 2813 collectae
1487 2765 1584 2832 atque
1603 2764 1773 2823 tractatae,
1793 2768 1879 2812 nunc

685 2859 803 2922 referre
836 2858 967 2940 fuseque
999 2876 1222 2940 recognoscere
1246 2854 1420 2919 lectoribus
1442 2854 1615 2918 molestum
1639 2862 1670 2918 et
1693 2875 1879 2939 supervaca-

685 2983 783 3027 neum
801 2962 918 3025 iudico.
939 2959 1099 3024 Videbunt
1119 2978 1229 3024 autem
1249 2961 1365 3023 harum
1384 2981 1494 3023 rerum
1511 2962 1647 3034 curiosi,
1667 2962 1722 3043 qui
1734 2957 1878 3023 leticum

684 3067 768 3133 illud
799 3067 951 3142 adierint,
983 3069 1201 3150 quaestionem
1231 3065 1313 3129 hanc
1342 3065 1382 3130 de
1404 3064 1533 3130 velleris
1555 3067 1680 3151 origine
1701 3074 1734 3129 et
1758 3064 1880 3151 signifi

686 3177 824 3248 catione,
856 3173 931 3236 licet
963 3175 1050 3235 varie
1080 3174 1122 3234 sit
1152 3175 1321 3246 instituta,
1350 3173 1485 3235 minime
1506 3171 1547 3235 ad
1571 3171 1667 3235 tinem
1689 3170 1878 3254 perductam

687 3301 755 3344 esse
779 3299 881 3362 neque
903 3278 1098 3359 diremptam
1120 3279 1282 3339 aestimari
1306 3277 1345 3339 ab
1368 3275 1500 3340 editoris
1518 3274 1747 3340 collaboratore
1766 3275 1877 3339 doctis

687 3388 779 3448 simo.
813 3383 877 3446 Nec
908 3384 1041 3446 iniuria:
1072 3401 1147 3444 nam
1178 3381 1335 3464 permulti
1365 3399 1433 3444 tam
1464 3384 1590 3464 antiqui
1614 3401 1711 3464 quam
1735 3379 1881 3444 hodierni

688 3493 871 3573 scriptores,
904 3508 979 3551 cum
1003 3488 1091 3550 varia
1116 3487 1278 3549 variorum
1303 3502 1487 3571 temporum
1510 3503 1717 3570 argumenta,
1742 3488 1881 3569 quaein

689 3614 792 3656 unum
823 3593 966 3655 coniecta
997 3591 1125 3675 praebet
1158 3592 1421 3675 Argonautarum
1452 3591 1605 3663 historia,
1629 3588 1729 3653 simul
1754 3593 1881 3665 omnia,

690 3700 781 3781 quasi
815 3696 854 3759 ad
888 3696 997 3779 mythi
1030 3693 1181 3758 nucleum
1216 3698 1428 3779 pertinerent,
1463 3694 1623 3779 explicare
1653 3711 1685 3758 et
1716 3694 1882 3759 absolvere

689 3815 888 3875 conarentur,
919 3798 1033 3864 falsam
1065 3802 1153 3862 viam
1176 3802 1329 3863 inierunt.
1363 3799 1454 3877 Quod
1476 3816 1508 3863 et
1531 3802 1573 3863 iis
1594 3803 1673 3883 ipsis
1695 3803 1808 3863 statim
1832 3821 1883 3884 cp

689 3909 813 3991 paruit,
845 3909 996 3988 quoniam
1027 3919 1141 3968 cuncta
1172 3904 1256 3968 iacta
1286 3917 1442 3989 gestaque
1471 3907 1505 3967 in
1534 3925 1636 3968 unum
1658 3905 1787 3969 mhema
1810 3908 1883 3991 cogi

691 4033 725 4075 se
754 4031 849 4095 aegre
881 4011 1085 4095 patiebantur
1093 4031 1102 4086 ;
1135 4012 1243 4092 itaque
1274 4012 1462 4073 necessitate
1491 4012 1592 4073 coacti
1623 4015 1679 4073 aut
1703 4013 1773 4073 rim
1797 4011 1883 4075 adhi-

691 4117 830 4180 buerunt
861 4131 916 4179 aut
947 4116 1053 4179 verbis
1083 4115 1225 4178 obscuris
1256 4117 1307 4178 usi
1334 4130 1421 4179 sunt.
1443 4114 1619 4198 Equidem,
1644 4119 1755 4199 paucis
1777 4117 1884 4181 serbis

692 4220 730 4284 de
754 4219 870 4284 horum
893 4223 1038 4283 virorum
1058 4220 1224 4283 doctorum
1243 4220 1464 4283 conaminibus
1483 4222 1684 4303 praemissis,
1702 4221 1884 4306 explicatio

690 4346 766 4389 nem
800 4323 929 4388 velleris
964 4330 1096 4388 naturae
1132 4332 1227 4407 atque
1263 4326 1396 4408 originis
1426 4323 1510 4387 mihi
1540 4339 1646 4387 ortam
1675 4327 1813 4390 necdum
1845 4327 1883 4390 ab

691 4431 782 4506 aliis,
814 4438 972 4514 quantum
1004 4432 1085 4506 scio,
1117 4431 1331 4514 propositam,
1367 4430 1536 4494 subiiciam
1569 4429 1690 4495 iudicio
1725 4430 1883 4497 lectorum

695 4534 928 4600 benevolorum.

738 4638 774 4706 0.
799 4638 836 4703 Ο.
861 4637 1054 4714 Muellerus,
1086 4660 1182 4722 quem
1204 4640 1332 4704 honoris
1354 4660 1450 4704 causa
1473 4643 1572 4704 etiam
1596 4644 1736 4704 nuncin
1759 4644 1884 4726 mythis

691 4747 832 4828 antiquis
864 4743 1037 4808 tractandis
1067 4759 1139 4809 ante
1163 4743 1243 4809 alios
1265 4747 1430 4809 nominare
1454 4744 1611 4822 solemus,
1635 4747 1695 4810 hac
1718 4745 1756 4811 de
1779 4768 1815 4812 re
1838 4750 1884 4813 ita

692 4851 819 4932 scripsit
850 4847 1011 4925 (Orchom.
1047 4848 1111 4913 159
1124 4856 1223 4934 sqq.):
1258 4849 1351 4925 „dass
1374 4848 1496 4927 Vliess,
1521 4852 1577 4915 das
1599 4850 1651 4916 die
1673 4852 1884 4938 Argonauten
