5125 6150
926 1567 996 1656 nu
1024 1565 1222 1655 oerum
1251 1565 1464 1655 aaran.
1578 1686 1583 1695 .

1131 1800 1255 1842 SORlPSl'l'

1015 1980 1043 2046 J.
1074 1968 1367 2047 VURTHEIM.

1090 2295 1302 2339 *ὦ*

639 2575 732 2637 Anno
764 2568 851 2634 1899
883 2567 1069 2633 Frederious
1100 2567 1253 2633 Weberus
1281 2571 1315 2632 in
1347 2570 1590 2654 Programmate
1616 2566 1787 2653 Gymnasii

589 2677 819 2743 Monachensis
856 2673 978 2758 publici
1012 2675 1093 2736 iuris
1122 2673 1198 2737 iecit
1227 2672 1482 2758 disquisitionem
1513 2672 1690 2738 literariam
1726 2675 1785 2752 „de

590 2783 714 2867 Orphei
738 2781 864 2864 origine
888 2779 1027 2854 thracia,
1052 2784 1208 2862 quatenus
1232 2780 1290 2844 hae
1314 2780 1352 2843 ds
1376 2800 1409 2844 re
1432 2777 1510 2844 olim
1532 2779 1713 2844 indubitata
1733 2781 1787 2846 sed

590 2890 709 2953 nostris
741 2885 854 2950 diebus
884 2887 917 2947 in
945 2883 1102 2948 iudicium
1126 2891 1238 2949 vocata
1260 2888 1340 2949 certi
1363 2884 1484 2969 aliquid
1509 2906 1565 2949 nos
1588 2885 1697 2951 dooere
1720 2908 1789 2971 pos

591 2995 658 3057 sint
694 2990 842 3056 Platonis
877 2988 1004 3073 opera’'.
1040 2988 1198 3052 Adiunxit
1228 2994 1339 3053 autem
1367 3010 1397 3053 v.
1419 2989 1448 3052 d.
1480 2990 1555 3053 huie
1579 2989 1787 3076 disputationi

590 3097 739 3162 Platonis
772 3097 963 3159 sententiam
991 3093 1029 3158 de
1054 3093 1173 3179 Orphei
1196 3100 1315 3171 aetate,
1339 3097 1515 3172 institutis,
1540 3097 1688 3179 operibus
1712 3119 1786 3163 eum

592 3201 748 3267 Herodoti
775 3197 1022 3282 Aristotelisque
1042 3199 1170 3264 iudiciis
1191 3206 1424 3283 comparatam,
1445 3220 1482 3264 eo
1501 3203 1688 3285 praesertim
1706 3202 1787 3280 fine,

592 3317 630 3374 ut
655 3308 694 3372 de
717 3313 786 3371 arte
809 3305 1085 3370 entiae-historica
1107 3326 1204 3390 quam
1228 3305 1439 3391 philosophus
1463 3308 1496 3369 in
1519 3327 1553 3370 re
1575 3305 1715 3372 literaria
1735 3308 1787 3372 ad-

592 3414 753 3489 hibuerit,
774 3410 938 3476 meliorem
952 3412 1134 3495 opinionem
1147 3413 1379 3495 rectioremque
1391 3411 1607 3494 adipiscantur
1618 3412 1784 3498 philologi.

594 3522 701 3604 Aegre
726 3519 830 3592 enim,
855 3521 893 3580 ut
915 3521 1076 3580 asseverat
1095 3514 1249 3580 Waberus
1269 3514 1445 3580 Bernhardi
1465 3515 1562 3579 verba
1581 3537 1638 3580 sua
1657 3517 1784 3596 faciens,

595 3623 795 3689 desideratur
818 3642 915 3705 opus,
946 3619 1029 3704 quod
1054 3620 1093 3684 de
1116 3621 1157 3683 iis
1181 3640 1261 3703 quae
1285 3622 1409 3703 antiqui
1432 3622 1464 3682 in
1489 3620 1622 3685 historia
1644 3620 1785 3687 literaria

594 3732 705 3795 critica
729 3726 781 3792 vel
805 3727 1021 3811 praestiterint
1045 3723 1098 3789 vel
1117 3723 1318 3810 neglexerint
1338 3723 1506 3790 clariorem
1525 3727 1615 3791 uobis
1634 3727 1787 3812 depingat

593 3836 782 3920 imaginem.

640 3939 712 4004 Iam
742 3942 914 4020 antequam
946 3934 1073 3999 Weberi
1104 3934 1281 4019 disputatio
1305 3935 1420 3998 emissa
1442 3941 1509 3998 erat
1531 3937 1564 3998 in
1587 3934 1709 4013 lueem,
1735 3940 1786 4002 vir

596 4044 633 4109 ol.
666 4042 718 4107 W.
750 4063 813 4106 von
845 4039 954 4107 Ohrist
983 4040 1108 4103 fruetus
1138 4040 1236 4102 huius
1258 4041 1516 4124 investigationis
1541 4040 1787 4106 transtulerate

595 4149 719 4215 schedis
750 4147 889 4212 auctoris
919 4147 954 4208 in
984 4147 1115 4209 tertiam
1139 4143 1313 4208 editionem
1337 4143 1498 4207 Historiae
1521 4163 1597 4208 suae
1619 4144 1785 4210 literarum

596 4252 792 4320 Graecarum
823 4257 867 4336 (p.
892 4249 982 4326 tasi,
1012 4251 1133 4324 immo,
1162 4248 1245 4332 quod
1269 4255 1317 4312 est
1340 4250 1471 4312 maioris
1494 4251 1669 4324 momenti,
1694 4249 1785 4314 disai-

594 4361 662 4446 puli
704 4362 755 4424 sui
790 4359 971 4442 opinionem
1005 4376 1074 4419 rem
1110 4352 1292 4419 absolutam
1326 4373 1438 4417 vocare
1475 4374 1537 4417 non
1576 4353 1785 4420 dubitaverat.

596 4465 699 4545 Quam
729 4464 769 4529 ob
798 4484 867 4528 rem
894 4482 958 4525 non
980 4460 1096 4525 inutile
1119 4459 1200 4524 duco
1223 4459 1452 4543 Mnemosyues
1475 4458 1648 4523 lectoribus
1671 4461 1786 4545 quibus

596 4589 802 4658 programma
832 4567 1001 4632 laudatum
1031 4586 1105 4651 prae
1134 4566 1282 4629 manibus
1314 4585 1376 4629 non
1407 4569 1475 4641 est,
1499 4566 1607 4649 paucis
1630 4586 1785 4651 exponere

596 4679 787 4762 argumenta
805 4672 922 4756 quibus
941 4671 1042 4736 fretus
1062 4669 1216 4735 Weberus
1240 4669 1279 4733 ad
1303 4671 1497 4733 sententiam
1520 4689 1609 4733 suam
1633 4669 1785 4757 vulgatae

596 4784 830 4866 repugnantem
860 4779 1051 4862 pervenerit.
1083 4774 1167 4842 Oum
1190 4796 1286 4851 vero,
1311 4780 1349 4838 ut
1372 4775 1575 4852 monuimus,
1596 4796 1627 4839 v.
1652 4775 1682 4839 d.
1707 4777 1785 4843 duas

597 4888 742 4951 tractarit
773 4904 839 4959 res,
872 4882 991 4966 Orphei
1013 4883 1172 4967 originem
1197 4881 1354 4945 thraciam
1378 4887 1410 4943 et
1434 4879 1576 4944 Platonis
1599 4880 1786 4968 descriptis
