5125 6150
691 791 734 857 at
1191 806 1360 855 cunamen.

689 978 790 1042 banus
830 977 957 1060 integer
997 978 1192 1057 superesset,
1235 975 1442 1058 primitivum
1484 978 1610 1038 textum
1643 974 1874 1060 propemodum

690 1083 905 1168 redintegrare
938 1100 1113 1165 possemus.
1148 1078 1256 1159 Quoad
1288 1079 1398 1159 licuit,
1429 1080 1488 1145 hoc
1519 1102 1645 1166 quoque
1676 1081 1875 1147 Wilckenius

689 1191 850 1276 praestitit
880 1194 913 1252 et
946 1192 984 1250 ut
1013 1184 1216 1272 intelligatur
1239 1186 1419 1251 cuiusmodi
1443 1208 1492 1252 res
1515 1189 1576 1265 sit,
1601 1187 1740 1253 breviter
1764 1191 1877 1254 exscri-

690 1297 765 1361 bam
787 1316 866 1381 quae
891 1294 1068 1378 disputavit
1091 1292 1129 1357 de
1152 1313 1207 1378 pg.
1229 1291 1304 1357 149.
1320 1290 1440 1371 9-29,
1461 1314 1537 1358 nam
1555 1293 1608 1358 hic
1627 1293 1714 1360 locus
1733 1298 1875 1359 maxime

690 1402 872 1467 luculentus
902 1409 959 1466 est.
989 1399 1037 1464 Ne
1061 1402 1133 1484 quis
1156 1404 1264 1463 autem
1288 1399 1327 1463 de
1350 1421 1433 1465 novo
1456 1399 1561 1465 codice
1584 1403 1681 1465 nimis
1705 1401 1876 1487 magnifice

689 1512 821 1585 sentiat,
846 1509 956 1572 statim
975 1505 1100 1570 disertis
1120 1505 1225 1570 verbis
1245 1504 1408 1570 declarabo
1425 1508 1556 1571 inventa
1575 1507 1703 1592 quidem
1724 1505 1877 1572 nonnulla

689 1616 786 1680 fuisse
810 1634 889 1699 quae
913 1613 1016 1679 desint
1038 1615 1070 1676 in
1095 1612 1200 1676 codice
1223 1611 1419 1691 Florentin03
1441 1611 1495 1677 sed
1514 1612 1746 1699 utplurimum
1767 1611 1875 1680 Codex

688 1722 873 1799 Thebanus,
916 1740 1110 1806 quamquam
1149 1717 1262 1783 multis
1304 1718 1438 1784 saeculis
1472 1723 1639 1798 vetustior,
1681 1719 1779 1806 longe
1812 1720 1875 1785 fuit

689 1829 833 1893 deterior.
865 1825 989 1912 Nempe
1012 1825 1172 1891 codicibus
1195 1846 1258 1890 non
1280 1828 1387 1912 magis
1411 1846 1507 1911 quam
1531 1828 1660 1893 senibus
1683 1827 1874 1913 quibusdam

689 1941 774 1999 estas
797 1931 883 1999 valet
906 1931 1015 2016 afferre
1038 1934 1237 2017 sapientiam.

732 2040 809 2106 Erat
843 2036 1036 2116 Callirrhoe,
1071 2036 1287 2123 pulcherrime
1317 2041 1428 2125 virgo,
1459 2037 1527 2105 filia
1550 2039 1767 2105 Hermocratis
1795 2038 1875 2105 cele·

685 2147 817 2212 berrimi
852 2144 941 2210 ducis
975 2144 1248 2231 Syracusanorum
1282 2166 1379 2230 quem
1414 2166 1452 2210 en
1488 2144 1674 2233 Thucydide
1709 2149 1870 2212 novimus.

686 2252 778 2318 Hanc
808 2251 901 2316 duxit
931 2248 1105 2328 Chaereas,
1138 2251 1192 2316 sed
1215 2256 1286 2336 post
1309 2252 1406 2317 breve
1429 2251 1640 2317 intervallum
1663 2273 1746 2317 nova
1771 2258 1875 2337 nupta

687 2380 705 2424 a
740 2357 949 2444 praedonibus
983 2362 1074 2442 rapta
1108 2361 1140 2422 et
1174 2355 1311 2421 abducta
1342 2357 1405 2421 fnit
1433 2360 1468 2421 in
1498 2359 1627 2438 Asiem3
1660 2360 1740 2424 emit
1763 2363 1873 2424 eutem

686 2463 862 2551 Dionysius
903 2465 1048 2528 omnium
1090 2460 1292 2528 Milesiorum
1326 2462 1540 2529 divitissimus
1576 2471 1608 2529 et
1641 2463 1872 2530 nobilissimus.

687 2570 765 2635 Mox
795 2590 902 2636 amore
930 2571 1070 2655 percitus
1100 2571 1211 2654 gravi,
1243 2590 1344 2655 quum
1374 2571 1460 2635 iusto
1483 2572 1686 2636 matrimonio
1709 2573 1872 2656 captivam

687 2676 800 2741 ducere
831 2673 946 2752 vellet,
978 2671 1155 2740 Callirrhoe
1180 2712 1222 2724 -
1246 2681 1314 2739 erat
1338 2682 1446 2739 autem
1470 2696 1487 2740 e
1510 2673 1649 2742 Chaerea
1670 2675 1805 2763 gravida
1828 2713 1871 2726 —

687 2785 782 2848 cessit
812 2783 929 2866 optimi
960 2783 1024 2847 viri
1055 2781 1218 2865 precibus,
1250 2801 1290 2846 ne
1315 2779 1400 2864 quod
1422 2783 1454 2844 in
1477 2787 1568 2847 utero
1590 2788 1731 2869 gestaret
1752 2784 1787 2846 in
1810 2802 1873 2847 ser·

686 2892 791 2954 vitute
815 2894 995 2953 nasceretur
1002 2908 1010 2965 ;
1035 2886 1146 2951 deinde
1169 2888 1306 2971 septimo
1329 2907 1436 2951 mense
1460 2894 1532 2972 post
1554 2890 1645 2952 enixa
1668 2893 1716 2953 est
1735 2909 1872 2973 puerum

687 3016 783 3083 quem
813 2992 987 3081 Dionysius
1017 2995 1113 3058 nimis
1140 2992 1289 3059 credulus
1313 3014 1410 3057 suum
1433 3014 1500 3058 esse
1525 2993 1694 3060 deierabat.
1719 2993 1781 3060 Sed
1804 2999 1873 3060 tan-

686 3102 758 3169 dem
778 3100 947 3187 aliquando
966 3115 1039 3186 post
1057 3099 1176 3165 multas
1195 3101 1364 3186 ambages,
1385 3121 1466 3186 quae
1484 3123 1567 3166 nunc
1579 3101 1661 3166 nihil
1673 3101 1712 3167 ed
1725 3107 1869 3167 nostram

685 3230 754 3275 rem
786 3211 961 3293 pertinent,
993 3203 1148 3272 Chaereas
1178 3209 1211 3271 in
1235 3208 1347 3272 Asiam
1371 3208 1529 3292 profectus
1552 3229 1645 3273 suam
1667 3229 1802 3274 uxorem
1827 3230 1872 3274 re

686 3321 816 3401 cuperat
849 3313 984 3399 indeque
1017 3311 1116 3379 filiolo
1148 3316 1251 3379 nescio
1281 3334 1378 3399 quare
1409 3314 1494 3400 apud
1524 3314 1717 3401 Dionysium
1741 3315 1869 3392 relicte,

685 3441 787 3506 quum
819 3422 961 3505 primum
996 3423 1128 3506 possunt
1162 3425 1305 3484 amantes
1339 3418 1433 3484 laetis
1467 3421 1628 3485 ominibus
1661 3424 1695 3486 in
1730 3426 1868 3507 patriam

684 3532 899 3593 revertuntur.
935 3524 996 3589 Vix
1027 3524 1148 3610 aliquid
1179 3528 1236 3590 otii
1268 3532 1360 3590 necta
1391 3532 1459 3591 erat
1491 3532 1524 3592 et
1554 3524 1730 3593 Callirrhoe
1763 3528 1867 3594 Arado

685 3632 856 3719 epistulam
887 3631 974 3696 dedit
996 3631 1036 3696 ad
1058 3631 1198 3697 alterum
1221 3654 1317 3697 sunm
1340 3635 1496 3698 maritum
1518 3634 1753 3718 perferendam,
1778 3638 1869 3700 cuius

684 3742 830 3825 sequitur
852 3736 1053 3823 exemplum,
1078 3760 1108 3823 p.
1136 3737 1210 3802 145.
1226 3737 1267 3802 15
1292 3744 1341 3803 est
1364 3737 1537 3804 Herchcri:

799 3853 1041 3910 ΚΛΛΛΙΡΡΟΗ
1066 3853 1294 3910 ΔΙΟΝΤΣίΩι
1318 3853 1551 3912 ΕΤΕΡΓΕΤΗι
1577 3854 1758 3912 XAlPElN.

731 3950 776 4016 Σὺ
806 3952 869 4031 γὰρ
901 3949 1078 4032 [εύεργίτης
1111 3951 1183 4026 ἐμὸς
1214 3954 1350 4017 inseruit
1381 3952 1593 4036 Heroherus],
1625 3953 1639 4017 ύ
1663 3954 1715 4018 καί
1740 3959 1870 4037 ληςείας

685 4057 737 4123 καί
769 4056 910 4128 δουλείαις
940 4081 982 4133 με
1012 4054 1218 4134 οὶταλλοίξας.
1254 4057 1375 4136 Δέομαί
1404 4082 1475 4138 σου,
1506 4058 1599 4136 μηδὲν
1623 4060 1780 4143 ύργισίῇς·
1804 4061 1868 4138 είμί

684 4165 747 4244 γοὶρ
779 4173 817 4247 τῇ
850 4170 942 4245 ψυχῇ
970 4164 1054 4239 μετὰ
1078 4168 1130 4229 σοῦ
1154 4163 1204 4229 διὰ
1229 4164 1294 4229 τὸν
1317 4164 1447 4229 κοινὸν
1471 4166 1574 4245 olda,
1601 4161 1631 4230 ὃν
1654 4169 1872 4247 παρακατατί-

686 4272 761 4347 ύημί
789 4295 834 4336 σοι
867 4270 1023 4351 ἐκτρέφειν
1055 4294 1090 4334 τε
1122 4270 1174 4336 καί
1207 4271 1361 4337 παιδεύειν
1389 4270 1483 4348 οίξίως
1508 4274 1600 4347 ἡμῶν.
1626 4322 1743 4341 ......
1765 4275 1869 4340 Ὅταν

687 4378 759 4456 ύνίηρ
782 4376 912 4455 γίνηται
1015 4377 1139 4456 πέμψον
1163 4378 1256 4443 αύτὸν
1279 4380 1323 4450 είς
1348 4378 1547 4456 Συρακούσας
1570 4378 1619 4444 ἵνα
1640 4382 1691 4444 καί
1713 4381 1764 4445 τίν
1784 4382 1869 4447 τοίσ-

688 4506 743 4548 σον
775 4483 922 4557 ύεοίοηται
1055 4484 1170 4549 Ταῦτύ
1199 4507 1243 4548 σοι
1268 4486 1422 4564 γέγραφα
1445 4494 1484 4568 τῇ
1509 4485 1567 4566 ἐμῇ
1591 4488 1683 4567 χειρί.
1715 4486 1866 4569 Ἔρροοσο,

686 4588 788 4666 α’γαύὲ
813 4588 966 4668 Διονύσιε,
991 4589 1042 4655 καί
1068 4590 1255 4668 Καλλιρρίης
1279 4591 1447 4667 μνημόνευε
1470 4598 1526 4665 τῆς
1549 4599 1616 4665 σῆς.

732 4695 769 4759 Ρ.
796 4693 904 4759 149.9
937 4697 1063 4762 tandem
1094 4696 1234 4783 legimus
1258 4719 1320 4783 quo
1344 4700 1449 4762 anime
1473 4697 1646 4786 Dionysius
1667 4699 1776 4766 literas
1798 4707 1867 4768 tam

684 4808 828 4867 amanter
851 4800 1011 4887 simulque
1034 4810 1101 4869 tam
1125 4802 1257 4869 subdole
1280 4807 1413 4890 scriptas
1437 4809 1608 4890 acceperit:
1635 4807 1809 4889 ὑσοςρέψας
1834 4808 1865 4873 δὲ

684 4909 734 4972 καί
760 4909 974 4981 κατακλείσας
997 4910 1115 4990 ἑαυτίν,
1139 4911 1289 4991 γνωρίσας
1313 4913 1355 4977 τοὶ
1380 4912 1567 4993 Καλλιρρίης
1586 4913 1767 4992 γροίμματα
1792 4922 1868 4997 τρῶ·
