5125 6150
807 816 872 880 298
1149 834 1192 879 so
1216 832 1349 880 rrrouos
1371 832 1640 880 scmurmrnsus.

803 1018 853 1060 no.
876 994 1029 1080 3251,,).
1055 996 1178 1060 Nomen
1202 996 1390 1074 Ὀφέλενμνς
1412 994 1650 1081 elegantissime
1668 996 1843 1082 explicavit
1863 998 1998 1065 Bechtel

806 1099 877 1169 GP’
903 1102 978 1166 227.

849 1208 1041 1292 Expositum
1072 1209 1138 1270 iam
1169 1214 1217 1270 cst
1248 1206 1287 1271 de
1317 1212 1420 1271 aetate
1447 1204 1620 1270 titulorum
1644 1205 1714 1273 les
1738 1209 1755 1271 1
1781 1230 1834 1273 no.
1859 1208 1995 1277 2718-

805 1312 912 1379 2721;
948 1316 1031 1377 circa
1065 1332 1185 1376 aunum
1221 1310 1288 1376 210
1323 1309 1477 1394 insculpti
1510 1318 1595 1375 sunt.
1632 1312 1669 1376 Iu
1703 1312 1864 1400 catalogo,
1897 1336 1996 1400 quem

804 1440 938 1484 numero
967 1418 1146 1482 indicamus
1177 1414 1246 1482 IGS
1272 1417 1288 1479 1
1323 1437 1373 1480 no.
1398 1414 1498 1493 2718,
1529 1416 1633 1481 Νίκων
1664 1418 1812 1482 Mestrro
1836 1421 1995 1486 tironibus

804 1524 995 1590 adscribitur
1017 1529 1078 1601 (vs.
1106 1522 1209 1598 16Α),
1233 1521 1317 1606 quod
1341 1542 1457 1585 nomeu
1480 1524 1616 1586 recurrit
1638 1524 1672 1586 iu
1695 1524 1901 1608 inscriptione
1925 1523 1995 1592 IGS

808 1631 824 1694 1
856 1652 908 1694 no.
940 1627 1028 1694 2716
1059 1634 1120 1705 (vs.
1145 1627 1190 1707 2).
1220 1626 1394 1711 Explorate
1424 1627 1555 1711 quidem
1586 1636 1671 1692 aetas
1694 1635 1829 1694 nonest
1853 1629 1995 1717 catalogi

804 1734 874 1801 IGS
900 1736 916 1799 1
949 1755 1000 1799 no.
1025 1733 1131 1811 2716;
1163 1732 1293 1798 videtur
1323 1738 1430 1797 tamen
1453 1735 1547 1797 initio
1570 1734 1761 1819 assignanda
1783 1755 1851 1799 esse
1874 1735 1995 1800 saeculi

804 1843 902 1906 tertii.
928 1840 1060 1911 Νίκωνος
1081 1840 1184 1924 igitur
1204 1838 1354 1913 alterius,
1375 1840 1430 1922 qui
1449 1836 1671 1922 polemarcbus
1690 1839 1753 1903 suit
1772 1841 1854 1904 circa
1873 1859 1994 1904 annum

805 1945 881 2022 300,
913 1944 1003 2021 alter,
1036 1947 1092 2028 qui
1124 1947 1228 2029 prima
1251 1943 1409 2027 stipendia
1432 1945 1551 2008 meruit
1573 1947 1655 2008 circa
1678 1964 1799 2009 anuum
1822 1944 1899 2024 210,
1925 1968 1995 2030 pro

804 2072 901 2136 nepos
924 2050 1022 2114 fuisse
1045 2049 1184 2113 videtur.

849 2155 913 2221 Uni
944 2176 982 2219 er
1013 2155 1160 2238 ephebis,
1192 2156 1249 2236 qui
1280 2151 1377 2217 titulo
1409 2151 1478 2219 lus
1510 2154 1526 2217 1
1559 2175 1609 2218 no.
1635 2151 1725 2220 2718
1755 2162 1993 2235 enumerantur,

804 2281 920 2326 nomen
942 2259 1059 2323 indidit
1078 2256 1305 2342 Ditteuberger
1324 2256 1504 2340 [Ν]δ[μ]ωνν
1525 2256 1792 2336 Κλναρὶνίστίδιο.
1817 2260 1904 2339 Quae
1924 2282 1995 2325 cou-

803 2369 941 2442 iectura,
965 2367 1027 2428 uisi
1050 2363 1153 2445 fallor,
1178 2362 1349 2427 reiicieuda
1373 2370 1430 2429 est.
1455 2363 1539 2429 Nam
1558 2365 1671 2439 Νόμων
1690 2386 1805 2430 nomeu
1824 2368 1994 2450 proprium

804 2469 964 2538 Graecum
987 2491 1048 2534 uon
1071 2474 1190 2546 exstat,
1212 2473 1296 2533 certe
1315 2469 1481 2553 bucusque
1499 2472 1669 2534 inventum
1688 2491 1751 2535 non
1769 2478 1826 2535 ast.
1851 2469 1995 2537 Circum·

804 2578 906 2642 fertur
941 2574 1089 2659 quidem,
1124 2574 1248 2638 homiui
1282 2574 1410 2637 cuidam
1442 2574 1565 2639 Rhodio
1595 2575 1693 2640 fuisse
1723 2597 1838 2641 nomen
1869 2575 1995 2654 Νδμωνν

805 2680 1021 2760 Μενενρᾶνενς
1053 2679 1202 2759 (Neuton
1233 2678 1329 2743 lusor.
1361 2679 1441 2745 Brit.
1473 2678 1560 2744 Mus.
1592 2702 1644 2745 no.
1668 2678 1734 2744 344
1765 2681 1856 2767 11„);
1888 2682 1995 2767 lapide

805 2792 975 2854 retractato
998 2787 1155 2850 veriorem
1179 2790 1286 2849 tamen
1310 2788 1449 2849 nominis
1472 2785 1608 2850 formam
1631 2806 1699 2851 esse
1719 2785 1851 2861 Κόμωνα
1870 2790 1996 2854 invenit

805 2892 911 2957 Hiller
942 2913 1005 2957 von
1036 2888 1232 2974 Gartriugcu
1263 2887 1340 2968 (IGI
1366 2889 1382 2952 1
1416 2912 1466 2955 no.
1491 2891 1510 2953 4
1535 2890 1618 2977 Hm).
1657 2891 1724 2957 Nec
1753 2892 1882 2969 dubito,
1916 2896 1995 2976 quin

804 3005 911 3063 nostro
935 3017 1061 3082 quoque
1083 2995 1151 3060 loco
1175 2995 1434 3059 substituendum
1459 2998 1501 3060 sit
1525 2997 1745 3081 ,,[Κ]ό[μ]ων”.
1771 2994 1871 3063 Ouius
1894 3000 1996 3062 norni-

804 3108 854 3169 nis
884 3103 970 3168 baud
1000 3105 1147 3166 inusitati
1178 3101 1262 3186 apud
1293 3102 1453 3178 Rhodios,
1485 3099 1584 3179 (loos,
1616 3099 1762 3180 Cnidios,
1794 3103 1995 3189 Mylasenses

805 3209 990 3295 exemplum
1014 3227 1140 3291 quoquo
1164 3213 1267 3271 exstat
1289 3206 1372 3291 apud
1396 3207 1533 3271 Boeotos
1555 3205 1639 3287 (IGS
1666 3208 1681 3270 1
1709 3230 1758 3273 uo.
1786 3208 1891 3292 5380.

851 3315 888 3379 In
919 3312 1015 3378 titulo
1042 3310 1113 3377 IGS
1139 3311 1156 3375 1
1184 3334 1234 3377 uo.
1259 3310 1359 3388 2719,
1387 3315 1443 3397 qui
1468 3311 1697 3378 mutilissimus
1721 3319 1784 3392 est,
1813 3312 1995 3379 adolescens

804 3421 955 3485 laudatur
990 3426 1171 3482 -ΛΤΙΟΣ
1207 3417 1419 3495 Ἀγλνοδώρω.
1455 3417 1490 3481 Iu
1526 3424 1679 3502 promptu
1713 3439 1787 3484 sane
1821 3442 1884 3485 non
1918 3427 1996 3485 sunt

805 3528 933 3590 uomina
964 3525 1091 3608 propria
1124 3520 1244 3588 Graeca
1274 3525 1308 3586 iu
1341 3524 1427 3593 άτννς
1458 3522 1645 3587 desinentia.
1670 3523 1708 3586 ln
1730 3523 1862 3589 Boeotia
1884 3529 1994 3590 tamen

806 3650 921 3695 nomen
945 3631 1083 3692 occurrit
1107 3628 1271 3707 Ἐχθάτννς
1297 3625 1380 3706 (las
1407 3627 1423 3690 1
1449 3650 1499 3693 uo.
1522 3625 1632 3707 1712),
1652 3632 1835 3713 ceteroquin
1853 3631 1996 3716 incogni-

807 3743 894 3812 tum;
927 3739 1125 3797 memoratur
1155 3733 1267 3798 deiude
1300 3734 1457 3813 Ἐχθντίνν
1488 3732 1596 3816 aliqua
1626 3736 1659 3797 in
1691 3737 1896 3820 inscriptione
1920 3733 1996 3802 OIG

807 3863 857 3906 no.
883 3836 1011 3923 5146„.

852 3943 1066 4029 (latalogum,
1099 3946 1155 4027 qui
1185 3942 1303 4008 dicitur
1333 3942 1404 4011 las
1430 3944 1445 4007 1
1480 3965 1530 4009 no.
1556 3941 1655 4021 2720,
1679 3947 1761 4010 circa
1783 3966 1903 4010 annum
1927 3946 1996 4011 210

808 4053 1023 4133 conscriptum
1057 4069 1123 4112 csse
1154 4068 1250 4132 supra
1278 4048 1494 4132 probavimus.
1528 4050 1589 4114 Res
1613 4056 1721 4114 tamen
1742 4052 1841 4116 ctiam
1866 4050 1995 4117 aliunde

807 4160 939 4222 constat.
970 4153 1119 4219 Subsidio
1142 4155 1228 4217 enim
1252 4159 1301 4217 est
1322 4153 1518 4231 adolescens,
1542 4157 1598 4238 qui
1621 4176 1715 4220 versu
1739 4155 1996 4224 duodevicesimo

806 4261 966 4337 laudatur,
1003 4258 1176 4337 Μένανδρος
1215 4258 1410 4337 'atroces
1447 4259 1549 4339 Quem
1585 4281 1745 4325 recurrere
1780 4261 1928 4327 videmus
1961 4267 1995 4328 in

807 4365 903 4431 titulo
926 4362 1015 4430 BOH
1034 4362 1169 4429 23.194
1192 4385 1243 4429 no.
1272 4366 1316 4449 14.
1340 4364 1435 4429 Hunc
1455 4371 1563 4430 autern
1585 4365 1720 4430 titulum
1740 4372 1908 4431 exaratum
1927 4388 1997 4434 csse

806 4472 990 4535 invenimus
1013 4472 1096 4534 circa
1119 4490 1238 4534 aunum
1260 4468 1336 4533 220.

852 4573 1001 4640 Subsidio
1024 4596 1148 4659 quoque
1169 4595 1235 4639 esse
1254 4581 1360 4659 potest
1379 4575 1461 4640 alius
1480 4576 1672 4654 adolescens,
1694 4580 1749 4660 qui
1767 4577 1864 4643 titulo
1885 4579 1997 4645 eodem

809 4681 967 4745 tironibus
998 4680 1285 4765 Acraephiensibus
1308 4680 1508 4757 adscribitur,
1534 4681 1715 4759 Δαμάτριον
1736 4681 1811 4748 volo
1836 4686 1998 4764 Κνφνσίνιν

809 4782 927 4862 (1001
950 4807 999 4850 no.
1022 4784 1148 4869 2720,).
1173 4783 1234 4849 Hic
1257 4787 1345 4850 enim
1365 4785 1450 4850 filius
1470 4789 1630 4851 maximus
1650 4792 1728 4851 natu
1748 4786 1846 4852 luisse
1865 4788 1998 4855 ridetur

808 4890 920 4976 ephebi
954 4892 1032 4967 eius,
1069 4911 1166 4976 quem
1200 4889 1364 4975 catalogus
1399 4889 1509 4955 laudat
1543 4889 1631 4957 BOH
1663 4890 1805 4956 23.193
1839 4913 1890 4958 no.
1923 4892 1995 4979 22„
