5125 6150
690 823 756 888 410
1097 881 1103 896 .
1152 843 1194 891 on
1215 843 1408 891 arroeoeurs

687 1009 812 1075 decreto
832 1009 1084 1075 reconciliatores
1104 1032 1178 1075 cum
1198 1013 1293 1074 cartis
1303 1010 1462 1075 mandatis
1474 1011 1585 1075 nonad
1598 1011 1872 1097 Phigalensessed

688 1116 727 1182 ad
748 1116 922 1182 Messenios
942 1120 1088 1194 mittunt,
1108 1120 1187 1182 item
1206 1117 1239 1182 id
1259 1117 1423 1182 studentes
1443 1124 1480 1182 nt
1500 1139 1561 1202 pax
1576 1120 1660 1183 inter
1671 1125 1773 1183 semet
1785 1122 1872 1205 ipsos

688 1230 720 1288 et
740 1223 946 1310 Phigalanses
964 1228 1154 1289 restituatur
1168 1224 1202 1302 ¹).
1222 1224 1466 1310 Phigalensium
1485 1246 1610 1310 quoque
1629 1225 1744 1290 adsunt
1758 1225 1870 1312 legati,

687 1330 848 1395 decretum
873 1330 911 1396 de
933 1331 1093 1417 isopolitia
1115 1338 1148 1396 et
1171 1331 1209 1396 de
1232 1335 1393 1418 epigamie
1412 1333 1532 1397 faciunt
1551 1332 1720 1410 Messenii,
1741 1332 1870 1398 firmant

686 1435 948 1522 phigalenses2);
973 1436 1087 1502 deinde
1111 1444 1245 1523 utreque
1269 1459 1343 1523 pars
1365 1441 1434 1503 iure
1457 1439 1588 1503 iurando
1611 1460 1678 1504 sese
1697 1438 1823 1526 obligat
1836 1437 1869 1518 ⁸).

686 1541 855 1610 Columnis
884 1543 1019 1628 denique
1049 1547 1082 1608 in
1114 1544 1242 1629 templis
1265 1545 1424 1631 erigendis
1447 1545 1557 1610 foedus
1579 1546 1707 1609 inscribi
1729 1547 1867 1611 iubetur.

687 1649 777 1715 Nihil
806 1653 910 1737 igitur
939 1650 976 1715 de
1007 1649 1146 1727 Aetolis,
1171 1654 1226 1736 qui
1249 1650 1466 1716 conciliatores
1489 1660 1593 1729 erant,
1618 1652 1751 1717 fortasse
1774 1655 1868 1717 etiam

687 1759 862 1822 amicitiam
897 1777 971 1821 cum
1006 1759 1150 1842 utrisque
1184 1756 1353 1822 firmamnt
1366 1757 1408 1837 ⁴),
1443 1761 1476 1822 in
1511 1761 1580 1844 ipse
1612 1779 1687 1823 vero
1722 1761 1865 1843 pectione

684 1862 852 1928 statuenda
885 1861 1007 1928 nullius
1041 1866 1197 1928 momenti
1234 1863 1373 1929 fuerunt.
1418 1863 1506 1930 Haec
1544 1867 1630 1929 enim
1661 1864 1756 1930 tiebat
1788 1866 1869 1929 inter

684 1968 891 2056 Phigalenses
914 1975 947 2035 et
969 1969 1161 2047 Messenios,
1184 1969 1260 2035 licet
1278 1970 1330 2035 illi
1349 1967 1537 2036 Aetolorum
1556 1971 1747 2058 sympolitae
1767 1978 1868 2037 esseut

685 2079 891 2163 ipsorumque
913 2076 1101 2143 Aetolomm
1123 2076 1267 2142 adessent
1287 2076 1398 2163 legati.

732 2182 859 2269 Optime
893 2189 1002 2248 eutem
1037 2184 1113 2248 baec
1147 2186 1254 2248 omnia
1283 2192 1464 2271 congmunt
1493 2205 1566 2249 cum
1598 2187 1639 2249 iis
1670 2205 1751 2269 quse
1774 2204 1868 2270 supra

685 2290 770 2355 dicta
799 2296 874 2354 sunt
901 2290 939 2354 de
962 2290 1166 2376 sympolitia;
1190 2289 1370 2356 luculenter
1392 2291 1468 2356 baec
1490 2294 1655 2377 inscriptio
1678 2291 1770 2356 docet
1791 2293 1868 2356 civi·

684 2402 765 2461 tates
789 2396 1008 2483 sympolitieas
1031 2418 1130 2482 aequo
1153 2400 1222 2462 inre
1246 2418 1320 2462 cum
1344 2396 1467 2462 Aetolis
1490 2401 1672 2462 coniunctas
1694 2398 1803 2462 fuisse.

730 2502 896 2568 Praeterea
915 2524 952 2567 ex
972 2505 1177 2589 inscriptione
1196 2511 1303 2568 nostre
1320 2508 1467 2589 apparet,
1488 2506 1653 2569 civitatem
1664 2502 1869 2590 sympolitiae

685 2613 755 2674 iure
778 2608 939 2673 fruentem
962 2631 1024 2674 non
1047 2612 1109 2674 nisi
1133 2631 1206 2674 cum
1225 2613 1303 2695 ipsis
1325 2608 1446 2674 Aetolis
1466 2615 1498 2675 et
1517 2631 1591 2674 cum
1612 2612 1724 2675 ceteris
1736 2609 1869 2674 urbibus

686 2714 899 2801 sympoliticis
929 2716 987 2781 boc
1017 2714 1145 2780 vinculo
1176 2717 1272 2781 fuisse
1303 2718 1457 2781 iunctam.
1489 2714 1572 2780 Nem
1600 2715 1708 2780 sihoc
1730 2716 1801 2800 ipso
1826 2717 1869 2779 in·
1912 2746 1914 2779 ι

686 2824 801 2886 stituto
831 2824 929 2886 etiem
960 2843 1034 2887 cum
1059 2824 1173 2887 ceteris
1196 2820 1337 2887 Aetoliae
1360 2824 1453 2887 sociis
1476 2824 1644 2887 coniuncta
1665 2821 1795 2899 fuisset,
1820 2842 1870 2886 su·
1912 2838 1914 2847 ·

685 2948 878 3013 pervaeanee
907 2929 1019 2993 fuisset
1049 2929 1126 2993 beec
1156 2931 1276 3014 pactio,
1307 2935 1383 2993 tunc
1406 2931 1492 2993 enim
1516 2931 1640 3013 reipsa
1663 2926 1870 3013 Phigalenees

686 3054 760 3099 cum
783 3033 951 3100 Messeniis
970 3040 1081 3121 utpote
1100 3036 1193 3100 sociis
1214 3033 1365 3100 Aetolicis
1386 3037 1528 3100 amicitie
1546 3037 1705 3100 coniuncti
1724 3034 1868 3100 fuissent.

685 3140 805 3206 Eadem
835 3144 937 3227 igitur
967 3145 1047 3206 ratio
1070 3139 1283 3206 intercedebat
1306 3144 1390 3205 inter
1412 3140 1602 3227 sympolites
1625 3148 1658 3206 et
1681 3141 1869 3206 Aetolorum

686 3250 785 3312 socios
817 3268 896 3332 quae
926 3250 1009 3311 inter
1039 3253 1160 3312 eeteros
1192 3250 1308 3325 socios;
1340 3267 1414 3311 nam
1439 3268 1479 3312 ne
1502 3247 1560 3311 bos
1584 3246 1713 3332 quidem
1737 3250 1870 3312 societas

686 3375 781 3438 quam
816 3375 891 3419 cum
927 3352 1052 3418 Aetolia
1081 3353 1256 3429 habebant,
1289 3374 1363 3418 oum
1393 3351 1526 3439 reliquis
1557 3351 1744 3418 Aetolorum
1777 3356 1870 3419 sociis

686 3461 899 3548 coniungebat
911 3462 947 3541 5).

731 3565 817 3645 Quae
847 3574 956 3632 autem
987 3569 1132 3631 civitates
1162 3565 1349 3651 sympolitie
1373 3564 1515 3630 Aetoliae
1538 3567 1664 3630 iunctae
1687 3571 1793 3642 erent,
1819 3586 1870 3631 eas

685 3676 769 3737 inter
800 3694 831 3737 se
863 3673 974 3738 eodem
998 3672 1126 3739 vinculo
1149 3673 1323 3738 cohaesisse
1347 3677 1483 3736 testetur
1506 3674 1610 3756 pactio
1632 3674 1715 3735 inter
1741 3672 1869 3737 Aetolos

687 3785 720 3843 et
740 3777 872 3845 Oeenses
889 3781 971 3844 inita
984 3784 1019 3859 ⁶),
1041 3800 1137 3864 quam
1156 3800 1251 3865 supra
1270 3777 1474 3844 laudavimus
1486 3778 1523 3857 ⁷).
1543 3777 1612 3843 Hac
1632 3780 1717 3843 enirn
1736 3786 1868 3843 cautum

686 3889 734 3948 est
758 3906 797 3949 ne
820 3882 953 3950 Oeenses
976 3892 1030 3950 eut
1053 3889 1115 3970 ipsi
1140 3884 1244 3951 Aetoli
1266 3885 1440 3970 diriperent
1462 3890 1519 3949 aut
1541 3886 1566 3949 oi
1591 3884 1818 3961 πολιτευόμενοι
1839 3886 1868 3948 ἐν

688 3992 843 4074 Airets'qt,
868 3994 924 4076 qui
946 3992 1130 4078 sympolitie
1153 3995 1256 4078 igitur
1277 3991 1472 4066 fruebantur,
1498 3998 1535 4055 ut
1558 3994 1619 4076 ipsi
1642 3988 1787 4057 Oeenses.

733 4096 850 4165 Oontra
873 4101 1051 4183 pactionem
1074 4105 1182 4163 eutem
1207 4101 1234 4162 si
1257 4095 1391 4163 Oeenses
1415 4098 1453 4162 ab
1478 4096 1598 4163 Aetolis
1621 4097 1727 4182 aliquo
1752 4096 1869 4164 damno

690 4258 883 4268 ...-——-—-—-

723 4329 747 4390 l)
766 4328 863 4377 Dittenb
889 4327 937 4377 l.l.:
956 4323 1049 4389 (ἐπειδὴ
1067 4327 1268 4388 παραγενόμενον)
1286 4323 1455 4386 πρεσβε(ν)τοιῖ
1471 4323 1514 4372 eei
1530 4322 1658 4385 deatum?
1675 4325 1741 4384 trapis
1758 4330 1808 4372 rtis
1826 4326 1871 4375 Al·

690 4415 784 4473 emaus
803 4448 824 4461 ..
838 4448 859 4460 ..
876 4410 906 4458 τὸ
929 4408 1061 4471 diploma
1083 4409 1113 4456 τὸ
1131 4409 1198 4469 παρὰ
1215 4412 1264 4455 τῶν
1281 4406 1398 4456 Αἰτωλῶν
1415 4404 1553 4469 ἀνι-(ἔδωκαν
1568 4404 1611 4454 nai
1625 4403 1707 4468 atreb
1724 4404 1871 4469 διελέγοντο

691 4492 764 4552 ὅμοια
787 4495 840 4550 τοῖς
862 4489 886 4541 ἐν
910 4496 965 4553 τ(ι”νι
989 4491 1152 4551 duplamve,
1175 4488 1301 4553 ἇῇιῶντες
1325 4487 1472 4549 desaevituri
1487 4486 1548 4536 ποτὶ
1565 4489 1622 4550 aelst
1639 4486 1747 4544 Φιαλέας
1764 4490 1872 4551 coexst-

696 4591 776 4635 ροντες
793 4573 820 4623 tl
835 4573 877 4623 καῖ
893 4578 941 4622 τῶν
959 4570 970 4622 ὲ
989 4573 1107 4630 maassiae
1196 4570 1264 4637 ’ἔδοξε
1282 4576 1325 4620 τᾶι
1344 4574 1411 4633 (πόλι
1429 4575 1472 4619 τᾶι
1489 4571 1623 4633 mesauloe
1640 4576 1684 4619 eet.

721 4657 746 4715 2)
762 4655 838 4704 ltin.-
854 4653 923 4719 ’ἔδοξε
940 4653 967 4703 δὲ
985 4654 1027 4703 καὶ
1044 4655 1096 4710 τοῖς
1115 4652 1237 4714 dictatore
1256 4655 1332 4700 ποιεῖν
1349 4651 1455 4713 καθάπερ
1472 4652 1506 4715 ν)ἱ
1519 4651 1653 4701 Μεσσήνιοι
1669 4647 1853 4717 imizam).

720 4738 745 4795 3)
762 4735 861 4799 dudem
879 4734 1041 4798 ἀμφντέρ)ως.

718 4823 743 4880 4)
763 4820 816 4868 Vid.
834 4835 893 4882 qnae
911 4817 1074 4881 Ditteuberger
1091 4817 1210 4882 supplerit
1226 4818 1252 4866 in
1270 4820 1316 4865 tine
1333 4816 1501 4881 inscriptionis.

721 4904 745 4961 5)
762 4901 799 4949 Oi.
817 4900 899 4964 Polyb.
917 4900 950 4947 IV
971 4901 1001 4949 lt
1019 4902 1122 4963 §8aqq..
1388 4899 1413 4960 d)
1431 4896 1611 4949 bitterness.

720 4982 747 5044 7)
764 4983 819 5033 vid.
837 4998 909 5047 snpra
927 4999 949 5048 p.
967 4984 1016 5032 408
1032 4985 1113 5031 annot.
1131 4982 1153 5030 2.
