5125 6150
793 813 858 877 314
1129 831 1293 878 nrosrsrrs
1316 829 1633 879 mnrcnmnssmers.

790 1001 1036 1075 λαμπροτάτας,
1076 1020 1150 1062 cum
1187 1019 1349 1083 perperam
1381 997 1508 1084 legatur
1536 1002 1569 1061 in
1600 996 1750 1063 Cbisiano
1779 997 1971 1075 ἐπεδείξατο.

794 1110 880 1171 Avus
912 1109 996 1192 regis
1026 1104 1114 1169 Tulli
1138 1104 1268 1169 Hostilii
1294 1108 1439 1185 moritur,
1463 1104 1510 1168 lll
1536 1106 1551 1167 l
1577 1126 1609 1188 p.
1633 1105 1710 1179 405,
1735 1105 1868 1181 μεγάλα
1891 1101 1971 1182 ἔργα

791 1213 1028 1289 ἀπσδιιξάμενος
1062 1213 1091 1274 ἐν
1122 1220 1192 1281 ταῖς
1222 1211 1294 1288 πρὸς
1327 1212 1479 1288 Σαβίνους
1509 1211 1638 1290 μάχαις
1667 1216 1796 1296 ipseque
1826 1232 1882 1274 rex
1905 1232 1971 1295 seq.

790 1340 864 1405 pag.
888 1322 998 1383 statim
1022 1332 1191 1403 postquam
1211 1339 1318 1382 rerum
1337 1321 1458 1402 potitus
1475 1332 1541 1392 est,
1561 1317 1686 1403 plebem
1705 1318 1766 1381 sibi
1786 1315 1973 1381 conciliavit

790 1424 875 1501 ἔργον
905 1424 1049 1488 ἀπάντυν
1082 1424 1400 1503 μεγαλοπρεπέσαπον
1429 1423 1678 1500 ἀπσδειξάμενσς.
1709 1422 1837 1498 Sabini,
1860 1438 1898 1486 ut
1921 1429 1972 1486 est

789 1530 836 1595 lll
856 1531 898 1595 64
918 1553 949 1615 p.
971 1531 1046 1609 573,
1067 1546 1155 1596 metu
1176 1530 1311 1616 perculsi
1330 1532 1412 1595 οὐδὲν
1432 1528 1477 1594 ἐτι
1495 1538 1633 1606 γενναίαν
1650 1528 1736 1608 ἔργον
1749 1528 1972 1605 ἀπεδείξαντο,

790 1658 871 1723 quae
902 1638 996 1702 verba
1027 1652 1192 1702 recurrunt
1223 1637 1264 1702 IV
1297 1638 1340 1700 52
1371 1660 1403 1722 p.
1437 1636 1511 1702 769.
1543 1636 1651 1701 Etiam
1685 1635 1838 1701 Horatius
1862 1633 1973 1702 Cocles

791 1743 980 1808 describitur
1010 1742 1036 1805 V
1068 1743 1110 1807 25
1141 1766 1172 1828 p.
1198 1744 1279 1807 902:
1312 1744 1469 1819 ίαυμαςὲν
1492 1742 1577 1821 ἔργον
1599 1741 1847 1819 ἀποδειξάμενος.
1878 1740 1975 1804 Nunc

789 1849 883 1914 facile
909 1866 956 1914 est
981 1850 1020 1914 ad
1042 1849 1296 1935 intellegendum
1319 1870 1376 1913 cur
1398 1846 1607 1923 ε’πιδείξασίαι
1631 1851 1761 1913 omnino
1783 1858 1867 1912 reete
1891 1849 1976 1931 posi·

790 1970 862 2019 tum
894 1959 936 2020 sit
965 1955 979 2019 1
1012 1954 1032 2019 3
1063 1977 1093 2040 p.
1121 1956 1172 2032 12,
1202 1957 1258 2020 ubi
1289 1955 1462 2042 Dionysius
1491 1956 1659 2042 profitetur
1688 1975 1755 2019 esse
1783 1975 1816 2018 se
1839 1955 1975 2037 scriptu·

791 2083 865 2127 rum
887 2062 955 2138 περί
975 2060 1112 2140 πράξεον
1133 2060 1171 2127 ὧν
1190 2062 1228 2127 ἀν
1249 2062 1317 2142 ἔχοι
1336 2087 1383 2135 τις
1403 2064 1507 2141 ἐτέρας
1521 2061 1729 2139 ἐπιδείξασθαι
1742 2061 1973 2139 λαμπροτέρας,

792 2190 867 2234 nam
890 2169 1025 2234 Romani
1048 2178 1121 2233 sunt
1145 2172 1200 2254 qui
1223 2190 1272 2233 res
1295 2182 1462 2255 gesserunt
1485 2186 1516 2234 et
1539 2167 1756 2246 ἀπεδείξαντο,
1775 2189 1854 2254 quas
1876 2168 1975 2231 histo

791 2279 911 2340 riarum
942 2278 1109 2360 scriptores
1141 2275 1352 2353 ἕπιδείξονται.
1382 2276 1468 2341 Huic
1498 2278 1614 2340 rationi
1645 2278 1738 2361 pauci
1760 2277 1888 2340 omnino
1910 2272 1974 2338 loci

792 2390 988 2468 repugnant,
1024 2384 1080 2466 qui
1112 2381 1243 2466 proinde
1274 2381 1453 2468 corrIgendi
1483 2388 1567 2446 sunt.
1609 2382 1646 2446 In
1676 2384 1820 2446 contione
1851 2379 1973 2444 tribuni

792 2485 837 2571 pl.
869 2486 907 2551 de
936 2488 1078 2571 patriciis
1108 2490 1154 2551 ita
1184 2487 1305 2573 legitur
1332 2486 1364 2551 X
1388 2486 1430 2553 37
1453 2510 1485 2573 p.
1509 2486 1612 2551 2092:
1646 2488 1726 2552 οὐδέν
1750 2486 1872 2566 ἔχοντες
1896 2487 1975 2549 ε’πι-

793 2594 855 2658 δεί
861 2593 1010 2671 ξασθαι
1029 2594 1120 2669 μέγα
1139 2593 1190 2658 καί
1211 2595 1343 2658 νεανικὸν
1363 2592 1448 2670 ἔργον
1468 2596 1721 2674 ἀναισχυντοῦσι,
1738 2596 1845 2658 verius
1867 2592 1974 2657 iudico

794 2699 1107 2777 ἀποδείξασθαι.
1140 2699 1277 2777 Consul,
1307 2704 1356 2765 uti
1379 2700 1520 2787 legimus
1543 2700 1569 2763 V
1593 2701 1635 2765 54
1659 2723 1690 2785 p.
1715 2699 1791 2776 973,
1815 2699 1974 2764 indicibus

796 2807 987 2891 quibusdam
1019 2809 1120 2871 maria
1150 2828 1186 2871 ac
1217 2818 1341 2872 montes
1358 2808 1538 2892 pollicetur,
1562 2808 1615 2871 ἐάν
1640 2808 1692 2870 καί
1716 2807 1759 2871 τὰ
1783 2804 1862 2884 ἔργα
1884 2801 1974 2883 ίμοια

795 2922 858 2985 τοῖς
881 2914 983 2990 λέγοις
1009 2911 1318 2992 ἐπιδείξωνται,
1342 2913 1396 2979 sed
1419 2911 1574 2979 Garrerus
1596 2922 1679 2979 reete
1703 2916 1864 2998 rescripsit
1886 2916 1975 2976 ἀπο-

796 3018 1021 3095 δείξωνται.
1053 3018 1134 3084 ltem
1166 3018 1197 3084 ll
1228 3019 1271 3085 30
1302 3042 1333 3105 p.
1357 3018 1441 3085 299:
1472 3021 1505 3085 αί
1537 3021 1642 3090 πίλεις
1673 3022 1726 3085 οὐκ
1748 3020 1787 3084 ἀν
1809 3019 1975 3084 συνέλίοιεν

797 3128 900 3197 αὐτοῖς
930 3128 1071 3205 λαμπρὸν
1103 3125 1187 3205 ἔργον
1218 3126 1573 3204 ἐπιδεδειγμένοις
1594 3126 1687 3204 οὐδέν,
1710 3126 1795 3191 idem
1819 3124 1975 3191 Garrerus

797 3235 931 3298 correxit
962 3233 1339 3309 ἀποδεδειγμένοις.
1371 3233 1513 3318 Denique
1544 3233 1617 3299 VIII
1648 3232 1691 3298 69
1721 3256 1751 3319 p.
1782 3231 1886 3297 1674:
1911 3241 1974 3304 τοῖς

798 3340 902 3403 πολλοὶ
933 3340 1045 3411 ἐννοίας
1077 3339 1154 3418 ἔργα
1192 3340 1543 3418 ἐπιδειξαμένοις,
1575 3342 1652 3404 satis
1683 3339 1814 3404 fidenter
1843 3338 1974 3403 emendo

797 3444 1153 3521 ἀποδειξαμένοις.

842 3550 1117 3630 Quemadmodum
1156 3553 1208 3617 hie
1245 3553 1439 3618 habebamus
1471 3554 1587 3625 εὐνοίας
1619 3551 1696 3631 ἔργα
1726 3551 1975 3630 ἀποδείκνυοίαι,

797 3657 910 3721 itidem
940 3656 1061 3743 legitur
1084 3657 1201 3722 εὔνοιαν
1225 3658 1458 3723 ἀποδείκνυοίαι
1483 3659 1623 3723 1111124
1647 3681 1677 3744 p.
1706 3657 1791 3722 1554
1800 3680 1808 3737 ;
1834 3657 1907 3722 VIII
1933 3659 1975 3724 42

797 3785 828 3848 p.
856 3762 958 3841 1603;
991 3764 1106 3828 ειίνοιαν
1129 3765 1181 3827 καί
1205 3765 1372 3842 προίυμίαν
1392 3765 1423 3828 Χ
1445 3765 1485 3831 16
1506 3789 1536 3851 p.
1556 3765 1660 3844 2028,
1683 3767 1849 3845 προίυμίαν
1868 3771 1977 3830 autem

797 3868 856 3933 VH
881 3868 923 3932 52
947 3891 976 3954 p.
1004 3868 1088 3933 1431
1114 3877 1146 3934 et
1169 3869 1227 3935 VII
1252 3870 1295 3934 54
1320 3893 1351 3956 p.
1379 3871 1480 3949 1435;
1506 3877 1649 3957 quocirca
1672 3871 1731 3935 Vll
1757 3871 1795 3935 41
1817 3894 1848 3957 p.
1872 3871 1976 3937 1401:

800 3976 866 4056 περὶ
891 3978 946 4048 τέιν
968 3977 1164 4053 ἀπαλλαγὴν
1187 3982 1245 4041 τῶν
1264 3978 1407 4051 πολέμιον
1427 3980 1554 4051 πλείςνιν
1579 3978 1886 4055 ἐπιδειξάμενοι
1909 4003 1978 4059 προ·

799 4085 922 4160 ίυμίαν,
964 4083 1027 4146 fere
1070 4081 1201 4146 malim:
1243 4083 1576 4159 ἀποδειξάμενοι.
1619 4085 1681 4150 Sed
1723 4106 1820 4171 pergo
1855 4085 1978 4171 reliqua

799 4195 973 4254 annectere.
1004 4188 1092 4268 Quod
1115 4187 1236 4274 legitur
1258 4188 1273 4253 I
1299 4191 1314 4253 1
1342 4213 1372 4275 p.
1397 4192 1436 4256 2:
1461 4193 1529 4264 τοὺς
1555 4193 1689 4268 ἐμαυτοῦ
1712 4194 1879 4270 λογισμοὺς
1903 4197 1981 4258 ἀπο-

800 4294 987 4371 δεικνύμενος
1020 4301 1052 4359 et
1074 4293 1121 4358 ΙΙΙ
1148 4294 1188 4358 12
1211 4317 1242 4380 p.
1268 4297 1351 4361 441:
1376 4299 1431 4370 τίρν
1453 4300 1549 4372 αὖτίρν
1572 4299 1713 4377 ἐκατέρου
1736 4305 1793 4363 τῶν
1816 4306 1980 4379 ςρατνιγῶν

799 4399 930 4464 διάνοιαν
961 4400 1228 4478 ἀποδεικνυμένου,
1260 4403 1296 4465 hi
1325 4402 1387 4467 loci
1410 4407 1486 4468 satis
1510 4404 1679 4470 ostendunt
1702 4404 1717 4468 1
1741 4404 1760 4470 6
1784 4427 1815 4490 p.
1843 4405 1883 4470 19
1909 4404 1980 4471 Rit

800 4505 956 4570 sabelium
980 4512 1063 4570 recte
1087 4509 1246 4590 tempsisse
1270 4507 1573 4585 ἀποδείξασθαι
1597 4511 1651 4582 τήν
1675 4511 1809 4584 ἐμαυτοῦ
1833 4511 1977 4590 διάνοιαν,

801 4629 874 4673 cum
908 4614 941 4673 in
970 4611 1059 4676 libris
1090 4615 1131 4675 eit
1162 4611 1461 4688 ἐπιδείξασθαι.
1492 4615 1607 4680 ltidem
1639 4617 1843 4701 probabimus
1875 4618 1902 4680 V
1935 4620 1977 4684 12

801 4735 831 4798 p.
856 4712 921 4779 873
953 4714 990 4780 de
1022 4716 1145 4782 Valerio
1168 4717 1350 4784 Publicola:
1381 4723 1555 4802 Φιλοσοφία
1578 4746 1623 4792 τις
1647 4722 1770 4799 ἐγένετο
1793 4723 1858 4801 περί
1884 4724 1979 4791 αὐτὸν

801 4814 834 4889 ἣν
867 4821 896 4883 ἐν
927 4835 1052 4893 πολλοῖς
1085 4821 1271 4898 ἀπεδείξατο
1303 4826 1498 4905 πράγμαοιν,
1530 4850 1603 4893 nam
1634 4832 1665 4891 in
1696 4827 1874 4902 ἐπεδείξατο
1898 4831 1978 4896 foret

802 4929 950 4990 vanitatis
973 4929 1179 5015 significatio,
1204 4953 1222 4995 a
1244 4954 1307 5017 qua
1330 4932 1386 4997 ille
1409 4937 1458 4997 vir
1480 4955 1575 5019 quam
1599 4938 1738 5000 maxime
1756 4936 1878 5001 ebenus
1896 4947 1974 5003 erat.

730 5259 919 5369 A
