5125 6150
670 822 758 890 272
1150 839 1191 888 on
1214 840 1425 890 nnanomaus.

691 1007 897 1083 crebruisset,
941 1026 1028 1070 mero
1062 1008 1189 1072 nomine
1222 1009 1419 1072 Amazonum
1456 1010 1534 1072 satis
1566 1014 1710 1074 accurate
1745 1010 1882 1076 indicari

692 1118 842 1199 putarent
870 1119 981 1199 poetae
1011 1110 1113 1198 spicil
1143 1112 1228 1193 Quae
1260 1135 1335 1179 cum
1366 1135 1383 1179 e
1414 1114 1500 1180 caelo
1523 1117 1556 1179 in
1581 1121 1680 1181 terras
1703 1116 1883 1183 descendis·

690 1227 778 1298 sent,
809 1223 830 1284 i.
854 1241 881 1285 e.
913 1240 988 1284 cum
1019 1218 1153 1306 mythns
1183 1220 1286 1286 factus
1311 1227 1392 1286 esset
1415 1222 1565 1299 historia,
1590 1221 1678 1288 sedes
1701 1222 1882 1310 domusque

691 1328 724 1391 in
756 1323 864 1412 Caspii
895 1329 994 1390 maris
1020 1327 1203 1412 regionibus
1234 1334 1422 1412 acceperunt
1452 1332 1643 1414 apostoris,
1669 1350 1749 1414 quos
1772 1334 1884 1396 nuntii

691 1435 877 1519 praesertim
901 1432 940 1498 de
963 1431 1224 1497 Sauromatarum
1248 1432 1441 1499 mulieribus
1463 1437 1496 1498 in
1516 1456 1655 1500 errorem
1674 1435 1882 1504 induxerant.

736 1539 805 1605 Iam
836 1539 994 1604 Pindarus
1025 1544 1106 1604 teste
1139 1539 1298 1605 Pausania
1313 1540 1335 1620 ¹)
1369 1540 1527 1629 Ephesiae
1561 1541 1682 1607 Dianae
1715 1543 1884 1630 templum

690 1646 856 1713 conditum
879 1646 976 1711 fnisse
999 1647 1115 1711 cecinit
1138 1648 1177 1711 ab
1202 1647 1416 1712 Amazonibus
1423 1669 1431 1726 ;
1456 1650 1636 1714 accuratius
1658 1655 1769 1715 autem
1793 1651 1884 1716 fabu-

688 1753 755 1819 lam
775 1755 927 1818 tractavit
942 1758 1036 1837 poeta
1055 1752 1272 1831 doctissimus,
1293 1773 1401 1818 rerum
1412 1757 1615 1839 antiquarum
1628 1776 1725 1840 qnam
1737 1759 1885 1823 maxime

690 1862 852 1937 curiosus,
886 1856 1119 1936 Callimachus,
1151 1861 1206 1944 qui
1236 1861 1270 1922 in
1302 1858 1435 1946 Hymno
1466 1860 1585 1926 Dianae
1614 1868 1690 1942 (vss.
1716 1860 1784 1929 237
1800 1869 1886 1948 sqq.)

691 1966 782 2032 deam
806 1968 852 2031 ita
875 1964 1064 2049 alloquitur:

871 2071 916 2137 roi
941 2070 992 2136 καὶ
1018 2068 1236 2151 Ἀμαζονίδες,
1261 2068 1397 2148 πολέμου
1421 2072 1648 2154 ε’τιθνμιὶτειραι

869 2178 900 2244 ἓν
925 2202 993 2243 ιιοτε
1018 2176 1172 2260 ταρραλὶῃ
1195 2177 1330 2258 Ἐφέσου
1354 2177 1471 2258 βρέτας
1493 2178 1653 2259 ἱδρύσαντο

869 2285 963 2366 <enni
989 2281 1093 2365 desid)
1116 2284 1253 2365 πρέμνῳ·
1278 2284 1404 2350 τέλεσεν
1428 2284 1460 2349 δέ
1482 2309 1527 2351 τοι
1552 2286 1626 2366 ἱερὸν
1650 2289 1767 2354 ‘larci‘

869 2392 964 2458 αὐταὶ
990 2391 1015 2456 δ’
1039 2386 1145 2470 ,Οὖτο
1170 2389 1315 2456 ἅνασσα”
1340 2391 1405 2473 περὶ
1430 2391 1537 2473 στρύλνν
1559 2395 1757 2475 ὠρχήσαντο,

869 2505 973 2578 πρῶτον
996 2497 1053 2574 μὲν
1077 2499 1107 2562 ἐν
1131 2496 1292 2562 σακέεσσιν
1314 2499 1460 2577 ε’νοτλοον,
1485 2494 1552 2564 αὖθι
1577 2499 1608 2564 δὲ
1632 2500 1733 2582 κύκλῳ

869 2606 1062 2682 στησάμενοι
1085 2606 1173 2684 χορὸν
1195 2605 1298 2687 σιἰρύν·
1325 2605 1472 2681 ὑτνὶεισοιν
1497 2606 1528 2671 δὲ
1551 2607 1668 2684 λίγειαι

869 2713 1043 2778 λεπταλέον
1067 2712 1233 2791 σύριγγες,
1256 2710 1304 2777 ἵνα
1329 2713 1506 2789 τλήσσωσιν
1529 2711 1667 2794 ὁμαρτῇ,

1417 2821 1451 2885 αι’
1475 2819 1506 2884 δὲ
1529 2820 1670 2888 πόδεσσιν

867 2923 944 2992 οὖλα
970 2922 1232 3006 κατεκροτοίλιζον,
1257 2925 1431 3006 ἐτεψόφεον
1453 2925 1485 2990 δὲ
1509 2928 1669 3008 Φαρὲτραο.

686 3033 735 3102 nn
764 3035 869 3121 igitur
897 3035 1039 3121 virgines
1069 3037 1226 3110 armatae,
1258 3032 1484 3112 Amazonidos,
1508 3035 1630 3099 circum
1653 3033 1778 3101 Dianae
1802 3039 1882 3103 ima·

685 3145 795 3230 ginem
819 3143 927 3228 fagino
948 3141 1007 3206 sub
1028 3146 1139 3206 trunco
1159 3145 1295 3204 erectam
1315 3140 1463 3205 ducentas
1481 3141 1631 3219 chorum;
1652 3141 1743 3207 deam
1765 3152 1879 3210 autem

684 3253 834 3315 invocant
856 3249 962 3313 verbis
986 3244 1092 3325 „olm
1117 3244 1274 3310 ἄνασσα”.

734 3355 812 3440 Upis
831 3354 882 3419 vel
901 3356 978 3440 Opis
996 3353 1080 3417 illud
1100 3374 1233 3430 nomen,
1258 3374 1275 3416 a
1296 3350 1444 3418 Cicerone
1464 3374 1588 3438 quoque
1601 3351 1626 3434 ²)
1646 3363 1877 3432 memoratum,

686 3462 822 3546 quadam
846 3468 938 3526 tenus
960 3459 1141 3524 illustratur
1165 3460 1319 3524 Athenaei
1343 3460 1562 3524 observatione
1576 3458 1611 3540 3),
1635 3464 1780 3526 carmina
1805 3463 1878 3528 Dia

686 3590 745 3633 nae
779 3572 813 3632 in
847 3570 999 3634 honorem
1029 3571 1155 3632 cantata
1184 3569 1349 3631 nominata
1380 3567 1478 3631 fnisse
1510 3569 1688 3644 οὐτίνροιις.
1723 3567 1875 3635 Scholion

688 3681 796 3740 autem
827 3674 866 3738 ad
896 3671 1005 3760 Apoll.
1036 3672 1137 3738 Rhod.
1163 3672 1178 3736 I
1209 3695 1255 3737 vs.
1282 3670 1347 3738 972
1373 3671 1478 3738 lucem
1502 3673 1590 3738 affert
1614 3673 1804 3740 clariorem:
1829 3676 1875 3740 οὕ-

687 3805 803 3860 σιγγος
828 3781 914 3858 ταρὰ
937 3778 1191 3860 Τροιζηνίοις
1215 3780 1256 3851 εἰς
1277 3782 1428 3856 Ἀρτεραιν
1453 3776 1554 3855 ὕμνος.

730 3886 885 3953 Troezene
902 3889 1006 3972 igitur
1025 3884 1127 3951 Diana
1140 3880 1239 3958 Οὖτις
1253 3884 1417 3965 audiebat;
1439 3886 1485 3949 ibi
1497 3886 1661 3951 exercebat
1673 3887 1789 3953 choros
1803 3887 1875 3967 dea,

1332 4013 1428 4077 quam
1452 3991 1541 4056 mille
1564 3997 1689 4057 secutae

819 4100 894 4165 hinc
917 4104 1012 4183 atque
1035 4099 1108 4163 hinc
1131 4098 1351 4184 glomerantur
1371 4098 1516 4163 oreades:
1540 4098 1596 4164 illa
1619 4098 1806 4183 pharetram

820 4208 881 4272 fert
904 4227 1031 4283 umero,
1055 4204 1265 4291 gradiensque
1288 4205 1361 4270 deas
1384 4207 1599 4290 supereminet
1621 4207 1735 4270 omnis.

730 4312 795 4379 Neo
829 4316 1035 4376 immemores
1069 4331 1181 4376 sumus
1213 4313 1317 4397 ipsam
1351 4310 1509 4375 Troezena
1540 4309 1665 4375 fabulae
1696 4311 1876 4400 Hippolyti

685 4422 783 4485 fuisse
807 4440 950 4497 scenam,
976 4420 1035 4484 hac
1057 4422 1090 4484 in
1115 4420 1192 4484 urbe
1216 4421 1384 4483 Amazonis
1407 4418 1502 4483 illum
1525 4418 1628 4483 filium
1652 4421 1773 4485 vixisse
1793 4443 1876 4486 mou

686 4534 816 4611 temque
846 4525 976 4604 obiisse,
1006 4527 1053 4590 ibi
1083 4528 1271 4611 praesertim
1297 4528 1437 4590 sonuisse
1461 4528 1583 4589 cantica
1605 4524 1698 4608 quale
1722 4525 1787 4591 fnit
1811 4526 1875 4592 En-

683 4633 860 4718 ripideum:

718 4894 744 4950 1)
762 4893 818 4950 Vll,
836 4895 859 4941 2.
870 4892 892 4943 7.
1425 4890 1453 4950 2)
1473 4888 1524 4936 Nat
1550 4890 1618 4936 Deor.
1637 4886 1675 4936 111
1696 4888 1737 4938 28.

716 4975 744 5035 3)
761 4973 817 5023 XIV
836 4991 858 5037 p.
876 4974 932 5022 ola.
