5125 6150
1059 866 1101 912 nn
1124 865 1355 913 aarsrorrrnnre
1377 866 1516 912 rnurun.
1813 843 1879 911 417

686 1030 822 1094 surdum
852 1031 1191 1114 interpretamentum,
1223 1030 1308 1116 quod
1337 1033 1372 1094 in
1402 1030 1473 1095 aliis
1498 1030 1659 1095 codicibus
1681 1029 1803 1115 legitur
1827 1028 1879 1093 ad-

687 1139 860 1221 scriptum:
894 1133 1099 1216 ,,κοὶρδοκος”,
1124 1136 1256 1201 fortasse
1280 1139 1379 1201 etiam
1402 1135 1556 1214 alterum,
1580 1135 1664 1222 quod
1687 1157 1750 1200 non
1772 1138 1880 1199 minue

688 1250 738 1306 est
769 1241 904 1307 salsum:
940 1243 1085 1319 ,,κοσκΙ
1093 1265 1155 1306 νου
1187 1241 1331 1307 κύκλον”.
1363 1243 1530 1308 Praeterea
1561 1263 1578 1307 e
1610 1241 1788 1328 vesparum
1810 1240 1880 1306 luco

686 1370 751 1413 non
782 1346 944 1412 intellecto
960 1346 982 1427 ¹)
1002 1347 1098 1412 fluxit
1117 1347 1246 1413 notula:
1271 1351 1326 1425 „rt
1347 1357 1402 1422 τῆς
1424 1348 1618 1427 καπνοδόκης
1639 1347 1768 1423 netad&
1793 1346 1882 1411 Alios

686 1453 822 1539 denique
846 1475 967 1518 errores
990 1456 1107 1539 genuit
1131 1453 1227 1518 lectio
1251 1457 1369 1519 vitiosa
1393 1456 1487 1529 τκλίοο
1513 1458 1583 1540 (pro
1608 1460 1681 1535 cc).

731 1559 833 1623 Erant
870 1566 979 1624 autem
1016 1559 1122 1634 rantur
1155 1558 1282 1624 tabulae
1314 1561 1486 1638 rotundae,
1520 1560 1646 1625 cardine
1679 1557 1882 1643 aliquantum

686 1667 938 1748 supereminenti
965 1667 1102 1741 cinctae,
1127 1665 1301 1750 inquibus
1325 1668 1489 1730 institores
1513 1686 1635 1729 merces
1659 1684 1732 1728 suas
1755 1666 1789 1727 in
1812 1664 1880 1727 soro

687 1770 923 1854 proponebant,
944 1770 1267 1835 immaterialium
1289 1772 1406 1834 terrete
1419 1772 1554 1834 ledentes
1566 1769 1724 1835 eiusmodi
1736 1767 1879 1834 tabulam

686 1874 871 1940 adhibuisse
901 1897 965 1940 non
996 1883 1044 1941 est
1075 1876 1159 1961 quod
1192 1880 1357 1955 miremur,
1389 1882 1457 1941 erat
1480 1880 1567 1940 enim
1589 1877 1665 1940 huic
1689 1877 1762 1938 usui
1788 1877 1885 1959 aptis-

686 1983 779 2045 sima.
812 1980 973 2046 Obscurus
1005 2002 1080 2047 vero
1113 1982 1191 2046 olim
1223 1982 1288 2046 fuit
1309 1984 1537 2067 interpretibus
1560 1980 1727 2066 Eupolidis
1749 1979 1880 2065 quidam

685 2089 720 2150 in
747 2085 922 2152 Maricante
944 2087 1052 2152 fabula
1076 2086 1183 2164 locus,
1207 2088 1264 2151 ubi
1290 2087 1489 2174 „Hyperboli
1511 2093 1613 2151 mater
1632 2085 1728 2168 rante
1747 2087 1880 2149 assimu-

686 2190 837 2256 labatur”
877 2199 909 2257 et
945 2195 1068 2278 „ipsius
1104 2193 1281 2279 Hyperboli
1314 2215 1384 2259 ossa
1415 2195 1460 2265 εἷς
1491 2194 1603 2266 runica
1636 2190 1879 2269 ipssessnricdur'’

686 2295 884 2362 dicebantur.
917 2299 960 2361 At
991 2301 1146 2383 posterior
1169 2307 1254 2364 certe
1277 2302 1393 2364 notitia
1414 2302 1514 2364 errori
1538 2302 1616 2384 quin
1642 2298 1794 2363 debeatur
1817 2318 1880 2361 non

686 2409 736 2468 est
756 2403 909 2480 dubium,
931 2407 1082 2488 qnoniam
1103 2405 1168 2468 cieo
1188 2404 1375 2491 Hyperbolo
1396 2426 1432 2470 ea
1451 2403 1713 2469 fabulaestdata.
1735 2402 1881 2466 Priorem

686 2514 798 2573 autem
823 2511 941 2574 vitium
966 2512 1045 2574 item
1069 2509 1197 2574 duxisse
1221 2512 1367 2588 arbitror,
1393 2510 1470 2574 dum
1490 2510 1529 2574 ab
1549 2508 1649 2574 altero
1669 2511 1881 2595 grammatico

686 2635 727 2679 er
758 2613 891 2679 alterius
922 2618 1161 2680 commentariis
1192 2616 1394 2691 exscribitur,
1436 2616 1606 2699 utrobique
1639 2617 1725 2679 enim
1757 2615 1879 2676 eundem

688 2720 861 2806 Eupolidis
892 2723 1000 2785 iocum
1032 2724 1161 2806 respici;
1188 2743 1284 2806 quern
1307 2723 1352 2784 to
1372 2724 1405 2785 in
1430 2743 1467 2786 ea
1490 2720 1598 2785 fabula
1622 2742 1660 2785 ex
1684 2718 1879 2784 incerniculo

686 2829 793 2891 iocum
813 2825 942 2890 duxisse
962 2827 1001 2891 ad
1020 2826 1201 2913 Hyperbcli
1220 2835 1359 2891 matrem
1379 2826 1593 2903 deridendam,
1614 2823 1823 2910 quiscredat?
1837 2862 1879 2872 -

686 2931 756 2995 Hoc
780 2933 886 3016 igitur
907 2932 1059 3016 estquod
1080 2935 1239 3017 suspicor:
1260 2932 1448 2997 Maricantis
1468 2939 1545 3012 (non
1566 2931 1758 3018 Hyperboli)
1777 2936 1880 2994 mater

686 3036 876 3116 οὶρτοπῶλος,
907 3058 1004 3122 quam
1036 3043 1134 3117 γραῦν
1165 3039 1298 3114 μεθύσην
1327 3037 1463 3124 Iiupolis
1494 3043 1528 3104 in
1559 3058 1684 3103 scenam
1708 3035 1877 3123 produxit,

686 3162 760 3206 cum
794 3145 860 3207 rita
891 3143 1001 3208 funeta
1032 3151 1114 3209 esset
1144 3145 1203 3208 sub
1236 3144 1363 3210 fabulae
1387 3149 1529 3221 exitum,
1554 3166 1615 3209 non
1638 3147 1673 3207 in
1696 3164 1810 3208 urnam
1834 3163 1879 3207 se

687 3246 865 3333 pulcralem
888 3248 943 3313 sed
966 3252 999 3313 in
1024 3271 1081 3315 vas
1104 3250 1187 3335 quod
1210 3254 1312 3335 ipsius
1335 3251 1505 3337 praebebat
1529 3271 1595 3328 ers,
1620 3253 1689 3314 eius
1709 3269 1779 3313 ossa
1796 3247 1879 3313 lecta

685 3374 753 3418 esse
786 3356 918 3418 nuntius
949 3357 983 3419 iu
1015 3375 1108 3419 scena
1131 3355 1255 3420 retulit.
1279 3357 1351 3422 Nisi
1377 3358 1524 3421 forte-
1550 3356 1603 3421 sed
1627 3357 1724 3419 nimis
1747 3354 1806 3419 hoc
1830 3376 1881 3419 ne-

685 3456 822 3522 farium!
840 3496 882 3506 -
895 3458 1000 3523 filium
1021 3463 1161 3545 impium
1181 3464 1294 3526 matris
1316 3462 1440 3527 ossibus
1460 3469 1497 3525 ut
1517 3461 1591 3526 talis
1609 3460 1775 3524 ludentem
1788 3459 1881 3524 tinxit

686 3562 830 3649 Eupolis.
856 3563 918 3628 Sed
943 3564 980 3629 de
1005 3586 1037 3630 re
1062 3586 1141 3650 quae
1164 3569 1238 3631 sciri
1258 3570 1324 3631 iam
1345 3573 1480 3650 nequeat
1500 3570 1696 3631 coniecturas
1715 3564 1879 3630 cumulare

685 3669 805 3746 nolim,
837 3691 911 3734 cum
942 3674 1130 3755 praesertim
1163 3671 1308 3738 dubitare
1340 3672 1434 3737 boeot
1465 3693 1505 3737 an
1527 3694 1567 3737 ex
1593 3671 1879 3751 ἑμβεβλοὶοεοθοιο

687 3781 801 3838 natum
821 3779 864 3839 sit
883 3775 1102 3853 ἐμβεβλῆσθαι
1123 3777 1206 3862 quod
1227 3778 1379 3863 praebent
1399 3777 1534 3855 scholia,
1554 3781 1600 3843 ita
1620 3786 1737 3842 utnon
1751 3781 1878 3856 peracto

686 3903 733 3942 rea
764 3887 946 3945 narraretur
973 3882 1146 3947 -funera
1177 3886 1262 3947 enim
1294 3904 1312 3947 a
1343 3905 1435 3949 scena
1466 3887 1586 3949 comica
1608 3887 1683 3947 sunt
1706 3880 1808 3944 aliena
1834 3915 1872 3925 -

686 3985 741 4049 sed
766 3986 862 4049 minoe
885 3992 1065 4072 agerentur.

730 4201 782 4267 Vs.
811 4202 907 4268 1080.
942 4204 990 4269 Ad
1020 4208 1171 4270 iuvenem
1204 4208 1420 4273 temulentum
1452 4207 1662 4293 Obremylus:
1691 4214 1877 4289 ‚protervum

683 4316 713 4371 te
736 4331 797 4372 eece
819 4309 943 4373 anicula
968 4311 1049 4373 itta”
1070 4347 1111 4359 -
1136 4312 1191 4376 sed
1209 4316 1346 4395 puellam
1369 4314 1492 4377 ludicre
1518 4334 1589 4377 eam
1615 4322 1708 4377 vocat
1728 4350 1770 4360 -
1793 4336 1879 4395 „per-

684 4414 765 4477 tibet
794 4415 908 4499 cibique
940 4416 1038 4480 dicere
1069 4418 1209 4500 adaptent
1241 4419 1339 4481 ithae.-
1372 4419 1436 4496 ,diu
1461 4427 1506 4482 eet
1529 4442 1565 4481 ec
1588 4440 1644 4503 quo
1668 4419 1765 4481 calidi
1781 4420 1879 4504 fuere

684 4519 851 4583 Milesii’ss'
878 4557 919 4568 -
944 4520 1066 4599 Quibus
1090 4524 1196 4588 verbis
1220 4523 1375 4609 neglectis
1400 4544 1479 4607 puer
1501 4524 1625 4600 ebrius,
1650 4524 1704 4588 sed
1727 4526 1761 4587 in
1782 4524 1879 4588 ebrie-

683 4633 748 4690 tate
780 4627 861 4689 mire
892 4625 1042 4703 callidus,
1071 4629 1166 4692 adid
1191 4629 1275 4713 quod
1301 4629 1393 4694 modo
1419 4629 1502 4693 dixit
1526 4633 1572 4693 ita
1594 4629 1677 4694 redit
1701 4638 1738 4693 nt
1761 4651 1799 4693 ne
1824 4630 1880 4694 du-

683 4734 786 4796 bitare
805 4731 933 4815 quidem
955 4733 1100 4797 rideatur
1120 4737 1197 4818 quin
1219 4734 1388 4819 „puellae”
1410 4734 1502 4799 illius
1523 4756 1630 4801 amore
1643 4735 1877 4821 senexflagret3

721 4960 747 5022 l)
765 4958 831 5023 Veep.
849 4959 903 5017 147,
919 4959 958 5007 ubi
973 4959 1019 5007 vid.
1036 4976 1095 5023 quae
1110 4958 1244 5017 observavi;
1259 4960 1390 5009 assentitur
1399 4961 1459 5009 mibi
1469 4963 1571 5011 ltoemer
1579 4963 1678 5011 Studien
1687 4978 1716 5011 zu
1726 4963 1790 5012 Aul
1799 4979 1822 5028 p.
1832 4963 1871 5014 73.
