5125 6150
1121 856 1285 904 ιιιοιιυιιε.
1730 839 1796 905 273

650 1027 750 1112 525:
783 1025 817 1090 τί
849 1025 880 1088 δέ
912 1023 1048 1099 ἑτέρου
1080 1020 1118 1086 δν
1151 1021 1214 1099 sin,
1237 1025 1290 1085 τοῦ
1315 1024 1364 1084 νῦν
1389 1019 1547 1101 ἄρχοντος.
1579 1021 1736 1108 Suppleo:
1762 1024 1796 1087 τὸ

601 1134 635 1197 δέ
663 1132 762 1210 ἑτέρου
786 1132 880 1210 (θεοῦ)
904 1128 943 1194 δον
966 1127 1020 1202 ein.

1003 1293 1172 1355 Conoioionr
1196 1315 1220 1354 ο.
1245 1293 1404 1372 Lapithae.

649 1450 668 1532 ξ
692 1447 743 1512 16.
769 1444 963 1511 Procedente
986 1446 1135 1509 convivio
1159 1442 1342 1507 Alcidamas
1371 1441 1513 1528 Cynicus
1536 1445 1633 1506 etiam
1656 1445 1799 1510 mulieri·

601 1555 664 1619 bus
697 1573 777 1637 quoe
808 1551 955 1625 aderant,
988 1549 1143 1614 molestus
1174 1556 1239 1625 est,
1265 1550 1466 1612 ἐπεπώκει
1491 1549 1555 1628 γδρ
1578 1548 1644 1622 ἤδη.
1670 1549 1798 1615 Scilicet

601 1663 672 1723 iam
695 1659 796 1721 nimio
819 1664 897 1741 potu
921 1677 953 1719 se
975 1657 1210 1740 ingurgitaret,
1236 1655 1267 1716 h.
1294 1674 1319 1716 e.
1346 1651 1619 1718 ὑτετετοίιιει.

650 1871 752 1957 eli:
784 1873 797 1934 ί
829 1872 859 1935 δέ
893 1874 1017 1941 Ἰςιαῑος
1048 1870 1062 1933 ί
1093 1870 1316 1948 γραμματικὸς
1347 1870 1511 1952 ἐρραψῴδει
1536 1871 1676 1952 ὅςεροο
1700 1898 1797 1940 κατα-

603 1981 743 2056 κείμενος
776 1977 828 2042 καί
860 1977 1086 2056 συνέφερεν
1116 1977 1158 2046 είς
1183 1975 1217 2038 τὸ
1242 1976 1318 2040 αὐτὸ
1343 1977 1385 2041 τίο
1410 1977 1557 2056 Πινδάρου
1581 1979 1632 2043 καί
1660 1978 1797 2045 Ἡσιίδου

603 2085 658 2149 καί
691 2083 922 2162 Ἀνακρέοντος,
953 2085 991 2151 τίς
1024 2079 1058 2156 έξ
1088 2078 1343 2156 οὶποίντον“μίαν
1368 2082 1443 2162 ᾧδίρν
1468 2083 1662 2160 παγγέλοιον
1687 2088 1799 2150 aaron·

601 2191 736 2253 λεῑτίαι.
768 2187 997 2253 Diversissima
1019 2188 1223 2251 commiscuit
1244 2188 1279 2249 in
1303 2208 1422 2265 unum,
1447 2188 1479 2253 h.
1504 2210 1530 2253 o.
1556 2191 1797 2270 συνίφυρεν,

601 2317 702 2380 quam
735 2298 961 2360 correctionem
992 2294 1092 2356 etiam
1124 2291 1236 2377 longio
1259 2292 1410 2376 probavi,
1435 2296 1490 2377 qui
1514 2317 1544 2379 p.
1571 2293 1612 2360 97
1638 2305 1799 2380 praeterea

602 2401 694 2465 addit
726 2400 966 2464 Rothsteinium
990 2401 1180 2462 correxisse:
1207 2397 1370 2479 ἐρραψῴδει
1396 2396 1540 2471 ὕπτιος
1564 2404 1798 2478 κατακείμενος.

651 2620 669 2702 §
701 2617 756 2683 17:
802 2617 815 2680 ί
853 2617 1015 2693 Ζηνόθεμις
1050 2618 1076 2680 δ’
1112 2616 1300 2692 ἀνεγίνωσκε
1336 2619 1422 2697 ταρὰ
1455 2625 1509 2684 τοῦ
1545 2620 1653 2694 παιδὸς
1689 2620 1798 2697 λαβὼν

602 2721 938 2801 λεττογραμμίν
957 2744 987 2785 τι
1008 2720 1143 2798 βιβλίον.
1165 2720 1397 2787 Herwerdenus
1416 2727 1449 2788 in
1469 2726 1580 2791 Μιοονα.
1605 2724 1690 2790 1879
1707 2747 1739 2811 p.
1754 2727 1796 2792 96

603 2827 736 2892 mavult
768 2826 874 2912 legere
906 2826 1196 2903 λεττογροίμματίν
1228 2851 1257 2891 τι
1292 2826 1435 2904 βιβλίον·
1471 2838 1538 2894 esto
1572 2830 1647 2909 hoc;
1685 2852 1797 2896 verum

602 2933 793 2997 auditorum
824 2932 901 3017 quid
925 2935 1057 2997 interest
1080 2938 1191 2996 utrum
1215 2931 1338 3017 aliquid
1362 2933 1525 3019 praelegas
1549 2957 1588 2999 er
1612 2936 1717 3001 codice
1740 2939 1801 3000 mi·

602 3041 694 3103 nutis
714 3037 817 3103 literis
838 3041 1010 3123 perscripto
1030 3060 1068 3103 an
1087 3036 1340 3124 grandiusculis,
1358 3038 1467 3123 quales
1486 3040 1608 3106 Paulus
1626 3044 1800 3128 Apostolus

601 3141 802 3229 usurpabat?
834 3144 933 3208 Aliud
959 3144 1058 3208 latere
1081 3150 1206 3209 certum
1230 3151 1288 3209 est.
1314 3143 1431 3210 Confer
1454 3155 1563 3211 autem
1586 3147 1719 3214 Suidam
1743 3151 1798 3233 qui

603 3250 644 3314 de
667 3252 882 3336 grammatico
905 3250 1038 3315 Nestore
1062 3249 1191 3326 retulit,
1216 3253 1272 3334 qui
1294 3249 1403 3314 floruit
1427 3253 1486 3316 sub
1507 3252 1594 3338 Rege
1613 3253 1746 3319 Seleuco
1766 3261 1799 3319 et

604 3358 735 3440 scripsit
766 3355 886 3419 Ὶλιοίδα
915 3353 1179 3434 λιτογροίμματον
1203 3358 1265 3430 ἦτοι
1290 3357 1505 3438 οίςοιχείωτον·
1532 3359 1639 3433 ίμοίυο
1664 3359 1689 3422 δ’
1715 3360 1797 3440 αὐτῷ

604 3463 619 3526 ί
653 3457 865 3540 Τρυφιοδοιροο
900 3461 1038 3539 ἔγραψεν
1072 3462 1273 3527 Ὀδύσσειαν·
1312 3458 1355 3529 te
1391 3462 1454 3542 γοδρ
1490 3464 1520 3527 έν
1552 3473 1589 3544 τῇ
1621 3463 1722 3544 aprica
1751 3466 1797 3540 μέν

606 3567 797 3647 εὑρίσκεσθαι
830 3577 875 3640 λ,
909 3569 959 3629 καί
992 3566 1078 3631 κατὰ
1109 3567 1264 3645 ῥαψῳδίαν
1297 3565 1586 3641 circumliniens
1612 3570 1796 3644 έκλιροτοίνει

605 3682 750 3752 ςοιχεῐον.
783 3672 883 3737 Paulo
906 3671 999 3736 aliter
1022 3671 1171 3737 Eustath.
1196 3672 1233 3735 ad
1258 3671 1373 3758 Odyss.
1398 3695 1429 3757 p.
1456 3672 1553 3738 1379.
1579 3674 1640 3739 55:
1664 3675 1798 3753 Τρυφιί-

607 3781 694 3857 δωρον
727 3778 912 3841 Ὀδύσσειαν
935 3774 1200 3856 λιτογροίμματον
1224 3787 1348 3850 ποιῆσαι
1373 3779 1527 3857 ίςίριρται,
1552 3779 1719 3850 οὶσελοίσας
1743 3782 1797 3844 αὐ-

606 3891 663 3955 τῆς
696 3884 730 3946 τὸ
761 3890 877 3960 σίγμα.
909 3883 1020 3968 Itaque
1049 3885 1108 3948 hoc
1131 3882 1313 3969 intelligere
1336 3884 1418 3949 mihi
1442 3887 1550 3950 videor
1573 3890 1721 3951 recitasse
1743 3886 1798 3952 Ze-

606 3990 773 4053 nothemin
816 3989 1144 4067 λισογραμμοιτί
1153 4011 1167 4050 ν
1211 4012 1240 4052 τι
1274 3988 1409 4065 βιβλίον.
1451 3989 1596 4075 Denique
1629 3994 1668 4057 cf.
1703 3991 1796 4058 Dion.

607 4094 714 4160 Halic.
747 4095 784 4159 de
816 4094 929 4179 Comp.
962 4093 1055 4158 Vorb.
1087 4115 1113 4158 c.
1147 4092 1206 4157 14:
1240 4093 1297 4157 είσί
1330 4092 1357 4157 δ’
1379 4094 1405 4158 οί
1437 4097 1592 4173 ἀσίγμους
1617 4097 1696 4177 ᾠδὰς
1721 4093 1796 4171 ὅλας

607 4200 735 4263 έτοίουν.
762 4200 896 4263 Patmm
920 4201 1076 4264 memoria
1098 4200 1197 4263 etiam
1219 4197 1305 4282 apud
1327 4218 1383 4262 nos
1406 4199 1535 4264 fuerunt
1557 4203 1614 4283 qui
1636 4200 1699 4266 tale
1719 4201 1796 4286 quid

605 4303 764 4368 luderent.

653 4523 671 4606 ξ
691 4521 745 4586 20.
771 4520 922 4606 Appellat
945 4521 1266 4600 Πολυπρέποντα
1287 4523 1338 4586 τίν
1357 4522 1503 4595 αὐλητήν.
1524 4523 1583 4587 Elst
1602 4523 1660 4589 hoc
1679 4547 1795 4593 nomen

606 4627 690 4691 mihi
720 4630 924 4711 caeteroquin
955 4630 1160 4713 incognitum
1190 4633 1223 4691 et
1246 4635 1354 4693 contra
1376 4628 1558 4714 analogiam
1583 4630 1712 4696 videtur
1736 4635 1797 4699 sor-

604 4741 743 4798 matum.
777 4732 922 4796 Fortasse
955 4731 1034 4797 latet
1067 4733 1327 4811 Πολυπέρχοντα,
1355 4732 1425 4810 vel,
1457 4737 1485 4798 si
1517 4734 1575 4800 hoe
1598 4740 1704 4802 mavis
1735 4749 1797 4804 Πο

608 4837 913 4915 λυστέρχοντα.
