5125 6150
1155 1352 1226 1442 ΑΙ)
1256 1350 1594 1441 AESCHYLUM.

883 1549 938 1622 DE
963 1549 1141 1623 IOANNIS
1165 1549 1352 1623 HENRIOI
1378 1548 1608 1624 seflulurss
1633 1545 1854 1621 1111111111

1149 1669 1381 1743 lih'lllltlhll
1405 1668 1596 1743 Musiris,

1310 1874 1433 1916 SCRIPSIT

1082 2054 1259 2124 GAROL.
1285 2056 1652 2124 LOESOHHORN.

1266 2360 1478 2404 -388-0·

819 2621 857 2687 In
884 2620 1121 2706 quaestionibus
1151 2617 1262 2711 lyricis
1296 2629 1328 2687 et
1359 2623 1489 2708 tragicis
1513 2622 1593 2686 meis
1616 2621 1836 2705 (Argentorati
1861 2617 1958 2697 1871,

774 2727 822 2793 ed.
846 2726 878 2792 11
900 2726 1114 2812 Msgdeburgi
1141 2724 1241 2805 1892)
1264 2749 1296 2813 p.
1324 2726 1452 2791 13-31
1478 2727 1708 2804 demonstravi,
1742 2725 1818 2812 quid
1842 2725 1959 2810 disqui-

773 2835 903 2898 sitiones
932 2831 1057 2898 locnnis
1089 2829 1221 2896 Henrici
1244 2831 1416 2898 Schmidtii
1441 2834 1543 2899 tribus
1566 2833 1730 2918 operibus:
1755 2831 1815 2897 Die
1838 2831 1958 2897 Konst-

772 2939 894 3004 tormen
917 2938 972 3003 der
994 2937 1209 3024 griechischen
1234 2937 1343 3005 Possie
1366 2939 1432 3005 und
1454 2942 1524 3005 ihre
1542 2939 1734 3026 Bedeutung
1755 2937 1852 3016 1868,
1873 2938 1958 3003 Leit

772 3044 863 3111 tuden
893 3046 927 3110 in
957 3043 1013 3110 dor
1042 3044 1223 3132 Rhythmik
1255 3046 1321 3111 und
1353 3044 1475 3113 Metrilr
1499 3046 1554 3112 der
1577 3045 1771 3111 klessischeu
1795 3044 1956 3133 Sprechen

771 3153 822 3216 fiir
844 3150 998 3229 Schulen,
1024 3150 1074 3216 dis
1097 3151 1206 3217 entike
1228 3152 1561 3239 Kompositionslehre
1583 3173 1640 3218 eus
1664 3153 1724 3218 den
1746 3152 1956 3218 Meisterwer-

770 3258 832 3323 hen
863 3257 918 3323 der
947 3258 1165 3344 griechischen
1188 3259 1386 3326 Dichtlrunst
1408 3259 1602 3326 ersohlossen
1626 3258 1766 3345 prolatae
1790 3259 1956 3325 admetto

768 3366 964 3430 canticorum
987 3363 1238 3452 Aeschyleorum
1262 3366 1379 3432 melius
1402 3366 1618 3454 cognoscenda
1640 3364 1841 3431 contulerint.
1866 3365 1953 3445 Quae

769 3471 808 3537 de
837 3470 896 3536 hec
924 3493 958 3536 re
981 3471 1091 3550 docui,
1122 3478 1193 3537 tum
1218 3495 1237 3539 1
1259 3476 1338 3540 viris
1362 3474 1463 3539 doctis
1486 3475 1519 3537 in
1542 3475 1727 3537 uuiversum
1750 3473 1954 3557 comprobata

768 3582 858 3656 sunt;
891 3579 958 3663 ipse
983 3584 1091 3643 eutem
1114 3601 1197 3645 nunc
1220 3579 1328 3665 plures
1352 3580 1562 3666 melioresque
1586 3600 1694 3645 causas
1717 3579 1756 3644 ed
1781 3582 1952 3644 sententias

767 3685 801 3748 in
823 3683 881 3749 hoc
904 3705 1020 3771 genere
1044 3685 1215 3751 firmandas
1238 3709 1326 3752 meas
1350 3708 1425 3752 cum
1448 3687 1557 3752 efferre
1580 3690 1718 3774 poesim,
1741 3708 1834 3752 nemo
1857 3690 1952 3751 mirc-

767 3791 863 3867 bitur,
905 3791 991 3876 quod
1024 3813 1090 3856 rem
1130 3792 1232 3859 denuo
1266 3795 1455 3859 adumbrare
1490 3794 1620 3870 studeo,
1655 3797 1842 3880 praesertim
1875 3815 1951 3858 cum

765 3900 872 3963 omnio
895 3900 1117 3983 quaestionum
1140 3898 1270 3965 illerum
1293 3900 1468 3988 lyricorum
1490 3906 1522 3965 et
1542 3903 1738 3987 tragicerum
1757 3898 1952 3986 exemplaria

763 4002 857 4069 hodie
880 4002 1041 4069 divendita
1065 4007 1138 4069 sint.

808 4111 848 4174 In
881 4111 1090 4174 dissertatione
1125 4135 1203 4190 mea,
1239 4136 1298 4197 qua
1332 4114 1517 4199 quaestiones
1545 4113 1683 4178 enetricce
1714 4120 1891 4191 tractantur,
1928 4138 1947 4177 α

763 4219 942 4283 &subactio
962 4220 1124 4298 (Rossbach
1144 4243 1174 4283 se.
1197 4219 1357 4303 Weetplet,
1380 4222 1567 4286 Griecls'eele
1584 4221 1949 4285 Metrikmitbeeonderer

763 4325 925 4388 Rsiekeicht
957 4327 1021 4412 cus
1048 4326 1098 4390 die
1127 4326 1432 4411 Stropltenqcttenqec
1462 4330 1527 4392 und
1560 4328 1609 4391 die
1641 4327 1761 4411 sibriqen
1790 4328 1947 4391 melischen

762 4431 874 4494 Metro.
901 4429 931 4494 3.
956 4433 1036 4514 Arest.
1061 4431 1081 4496 3
1106 4432 1178 4507 Bc,
1203 4431 1234 4496 2.
1260 4434 1429 4516 Abtee'tunq,
1462 4436 1619 4499 beurbeitet
1645 4457 1699 4497 oon
1722 4439 1837 4515 Aequet
1860 4435 1948 4498 Boeo-

761 4537 833 4599 bach
867 4534 963 4613 1889,
995 4539 1023 4600 8.
1050 4536 1113 4604 675
1142 4537 1175 4601 in
1199 4540 1286 4618 adn.)
1320 4549 1537 4605 conmemoraca
1568 4543 1694 4626 saepius
1716 4543 1869 4626 repetivi,
1894 4562 1946 4607 me

760 4662 876 4727 pouces
907 4648 974 4706 tem
1006 4649 1168 4721 extensas,
1201 4643 1310 4729 quales
1341 4651 1508 4713 constituit
1538 4647 1698 4713 Henricus
1729 4646 1947 4725 Schmidtius,

759 4748 897 4832 proferre
937 4769 999 4813 non
1040 4748 1154 4814 cudere
1190 4753 1435 4838 vitupererique
1467 4755 1502 4817 in
1537 4757 1725 4819 universum
1762 4753 1946 4839 disputandi

758 4855 912 4919 rationem
932 4875 950 4919 1
968 4853 1146 4920 Schmidtio
1167 4856 1363 4938 adhibitum,
1385 4881 1448 4945 qus
1466 4864 1673 4946 antiquorum
1685 4861 1945 4947 rhythmicorum
