<?xml version="1.0" encoding="UTF-8"?>
<!DOCTYPE html PUBLIC "-//W3C//DTD XHTML 1.0 Transitional//EN"
    "http://www.w3.org/TR/xhtml1/DTD/xhtml1-transitional.dtd">
<html xmlns="http://www.w3.org/1999/xhtml" xml:lang="en" lang="en">
 <head>
  <title>
</title>
<meta http-equiv="Content-Type" content="text/html;charset=utf-8" />
  <meta name='ocr-system' content='tesseract 3.04.00' />
  <meta name='ocr-capabilities' content='ocr_page ocr_carea ocr_par ocr_line ocrx_word'/>
</head>
<body>
  <div class='ocr_page' id='page_1' title='image "./mnemosyne04verdgoog_0777.png"; bbox 0 0 5125 6150; ppageno 0'>
   <div class='ocr_carea' id='block_1_1' title="bbox 687 828 1438 894">
    <p class='ocr_par' dir='ltr' id='par_1_1' title="bbox 687 828 1438 894">
     <span class='ocr_line' id='line_1_1' title="bbox 687 828 1438 894; baseline -0.004 -1"><span class='ocrx_word' id='word_1_1' title='bbox 687 828 754 894; x_wconf 81' lang='lat'>292</span> <span class='ocrx_word' id='word_1_2' title='bbox 1129 846 1170 892; x_wconf 82' lang='lat' dir='ltr'>ux</span> <span class='ocrx_word' id='word_1_3' title='bbox 1194 845 1302 891; x_wconf 75' lang='lat' dir='ltr'>uires</span> <span class='ocrx_word' id='word_1_4' title='bbox 1327 844 1438 892; x_wconf 72' lang='lat' dir='ltr'>uncus</span> 
     </span>
    </p>
   </div>
   <div class='ocr_carea' id='block_1_2' title="bbox 648 1006 1895 5009">
    <p class='ocr_par' dir='ltr' id='par_1_2' title="bbox 648 1006 1895 2578">
     <span class='ocr_line' id='line_1_2' title="bbox 687 1006 1892 1096; baseline -0.002 -20"><span class='ocrx_word' id='word_1_5' title='bbox 687 1016 868 1077; x_wconf 78' lang='lat' dir='ltr'><strong>accuratam</strong></span> <span class='ocrx_word' id='word_1_6' title='bbox 899 1030 1030 1086; x_wconf 83' lang='lat' dir='ltr'>curans,</span> <span class='ocrx_word' id='word_1_7' title='bbox 1062 1009 1287 1096; x_wconf 85' lang='lat' dir='ltr'>neglegentius</span> <span class='ocrx_word' id='word_1_8' title='bbox 1319 1011 1476 1094; x_wconf 78' lang='lat' dir='ltr'>exposuit.</span> <span class='ocrx_word' id='word_1_9' title='bbox 1501 1007 1592 1073; x_wconf 82' lang='lat' dir='ltr'><strong>Unde</strong></span> <span class='ocrx_word' id='word_1_10' title='bbox 1615 1011 1783 1094; x_wconf 85' lang='lat' dir='ltr'>quaeritur</span> <span class='ocrx_word' id='word_1_11' title='bbox 1807 1006 1892 1075; x_wconf 81' lang='lat' dir='ltr'>deal</span> 
     </span>
     <span class='ocr_line' id='line_1_3' title="bbox 687 1114 1892 1201; baseline -0.001 -20"><span class='ocrx_word' id='word_1_12' title='bbox 687 1117 827 1182; x_wconf 84' lang='lat' dir='ltr'>Ubinam</span> <span class='ocrx_word' id='word_1_13' title='bbox 847 1115 985 1201; x_wconf 89' lang='lat' dir='ltr'>adytum</span> <span class='ocrx_word' id='word_1_14' title='bbox 1003 1114 1084 1179; x_wconf 90' lang='lat' dir='ltr'>illud</span> <span class='ocrx_word' id='word_1_15' title='bbox 1110 1137 1148 1180; x_wconf 92' lang='lat' dir='ltr'>ex</span> <span class='ocrx_word' id='word_1_16' title='bbox 1173 1137 1234 1200; x_wconf 95' lang='lat' dir='ltr'>quo</span> <span class='ocrx_word' id='word_1_17' title='bbox 1257 1136 1321 1180; x_wconf 84' lang='lat' dir='ltr'>vox</span> <span class='ocrx_word' id='word_1_18' title='bbox 1346 1115 1478 1180; x_wconf 81' lang='lat' dir='ltr'>auditur</span> <span class='ocrx_word' id='word_1_19' title='bbox 1502 1114 1628 1192; x_wconf 86' lang='lat' dir='ltr'>divina,</span> <span class='ocrx_word' id='word_1_20' title='bbox 1653 1137 1732 1179; x_wconf 89' lang='lat' dir='ltr'>num</span> <span class='ocrx_word' id='word_1_21' title='bbox 1757 1118 1791 1179; x_wconf 90' lang='lat' dir='ltr'>in</span> <span class='ocrx_word' id='word_1_22' title='bbox 1816 1119 1892 1201; x_wconf 87' lang='lat' dir='ltr'>ipsa</span> 
     </span>
     <span class='ocr_line' id='line_1_4' title="bbox 686 1217 1893 1309; baseline -0.004 -21"><span class='ocrx_word' id='word_1_23' title='bbox 686 1224 765 1289; x_wconf 93' lang='lat' dir='ltr'>urbe</span> <span class='ocrx_word' id='word_1_24' title='bbox 795 1219 970 1309; x_wconf 73' lang='lat' dir='ltr'>Pergami?</span> <span class='ocrx_word' id='word_1_25' title='bbox 1002 1222 1051 1286; x_wconf 92' lang='lat' dir='ltr'>An</span> <span class='ocrx_word' id='word_1_26' title='bbox 1082 1221 1140 1286; x_wconf 88' lang='lat' dir='ltr'>boo</span> <span class='ocrx_word' id='word_1_27' title='bbox 1169 1242 1296 1307; x_wconf 90' lang='lat' dir='ltr'>quoque</span> <span class='ocrx_word' id='word_1_28' title='bbox 1326 1223 1360 1284; x_wconf 90' lang='lat' dir='ltr'>in</span> <span class='ocrx_word' id='word_1_29' title='bbox 1393 1220 1505 1298; x_wconf 82' lang='lat' dir='ltr'>„Idaeo</span> <span class='ocrx_word' id='word_1_30' title='bbox 1536 1220 1639 1306; x_wconf 85' lang='lat' dir='ltr'>iugo’&#39;</span> <span class='ocrx_word' id='word_1_31' title='bbox 1669 1221 1792 1285; x_wconf 87' lang='lat' dir='ltr'>factum</span> <span class='ocrx_word' id='word_1_32' title='bbox 1819 1217 1893 1286; x_wconf 77' lang='lat' dir='ltr'>est?</span> 
     </span>
     <span class='ocr_line' id='line_1_5' title="bbox 686 1325 1893 1413; baseline -0.001 -19"><span class='ocrx_word' id='word_1_33' title='bbox 686 1328 778 1394; x_wconf 90' lang='lat' dir='ltr'>Nihil</span> <span class='ocrx_word' id='word_1_34' title='bbox 809 1327 977 1413; x_wconf 81' lang='lat' dir='ltr'>respondet</span> <span class='ocrx_word' id='word_1_35' title='bbox 1008 1327 1160 1403; x_wconf 86' lang='lat' dir='ltr'>Ovidius;</span> <span class='ocrx_word' id='word_1_36' title='bbox 1193 1331 1349 1391; x_wconf 93' lang='lat' dir='ltr'>nimirum</span> <span class='ocrx_word' id='word_1_37' title='bbox 1381 1333 1474 1411; x_wconf 91' lang='lat' dir='ltr'>poeta</span> <span class='ocrx_word' id='word_1_38' title='bbox 1504 1325 1685 1404; x_wconf 88' lang='lat' dir='ltr'>Romanus,</span> <span class='ocrx_word' id='word_1_39' title='bbox 1718 1333 1758 1391; x_wconf 91' lang='lat' dir='ltr'>ut</span> <span class='ocrx_word' id='word_1_40' title='bbox 1788 1331 1825 1391; x_wconf 92' lang='lat' dir='ltr'>in</span> <span class='ocrx_word' id='word_1_41' title='bbox 1858 1349 1893 1394; x_wconf 88' lang='lat' dir='ltr'>rs</span> 
     </span>
     <span class='ocr_line' id='line_1_6' title="bbox 687 1427 1892 1517; baseline -0.001 -18"><span class='ocrx_word' id='word_1_42' title='bbox 687 1434 895 1511; x_wconf 81' lang='lat' dir='ltr'>miraculosa,</span> <span class='ocrx_word' id='word_1_43' title='bbox 926 1434 1002 1499; x_wconf 89' lang='lat' dir='ltr'>baec</span> <span class='ocrx_word' id='word_1_44' title='bbox 1033 1437 1141 1498; x_wconf 88' lang='lat' dir='ltr'>omnia</span> <span class='ocrx_word' id='word_1_45' title='bbox 1171 1434 1310 1498; x_wconf 90' lang='lat' dir='ltr'>indicare</span> <span class='ocrx_word' id='word_1_46' title='bbox 1342 1454 1470 1517; x_wconf 88' lang='lat' dir='ltr'>prorsus</span> <span class='ocrx_word' id='word_1_47' title='bbox 1501 1454 1563 1497; x_wconf 93' lang='lat' dir='ltr'>non</span> <span class='ocrx_word' id='word_1_48' title='bbox 1588 1427 1712 1499; x_wconf 83' lang='lat' dir='ltr'>necesse</span> <span class='ocrx_word' id='word_1_49' title='bbox 1736 1434 1892 1499; x_wconf 90' lang='lat' dir='ltr'>habebat.</span> 
     </span>
     <span class='ocr_line' id='line_1_7' title="bbox 686 1537 1893 1627; baseline 0.001 -23"><span class='ocrx_word' id='word_1_50' title='bbox 686 1540 1006 1627; x_wconf 88' lang='lat' dir='ltr'>Opportunissimum</span> <span class='ocrx_word' id='word_1_51' title='bbox 1035 1543 1143 1624; x_wconf 87' lang='lat' dir='ltr'>itaque</span> <span class='ocrx_word' id='word_1_52' title='bbox 1175 1561 1259 1603; x_wconf 89' lang='lat' dir='ltr'>nunc</span> <span class='ocrx_word' id='word_1_53' title='bbox 1291 1538 1450 1603; x_wconf 91' lang='lat' dir='ltr'>auxilium</span> <span class='ocrx_word' id='word_1_54' title='bbox 1481 1538 1571 1603; x_wconf 86' lang='lat' dir='ltr'>affert</span> <span class='ocrx_word' id='word_1_55' title='bbox 1603 1537 1720 1615; x_wconf 87' lang='lat' dir='ltr'>Varro,</span> <span class='ocrx_word' id='word_1_56' title='bbox 1744 1542 1779 1603; x_wconf 92' lang='lat' dir='ltr'>in</span> <span class='ocrx_word' id='word_1_57' title='bbox 1806 1538 1893 1605; x_wconf 92' lang='lat' dir='ltr'>libro</span> 
     </span>
     <span class='ocr_line' id='line_1_8' title="bbox 687 1643 1893 1730; baseline -0.001 -19"><span class='ocrx_word' id='word_1_58' title='bbox 687 1647 725 1711; x_wconf 92' lang='lat' dir='ltr'>de</span> <span class='ocrx_word' id='word_1_59' title='bbox 748 1646 784 1711; x_wconf 87' lang='lat' dir='ltr'>L.</span> <span class='ocrx_word' id='word_1_60' title='bbox 802 1645 838 1711; x_wconf 82' lang='lat' dir='ltr'>L.</span> <span class='ocrx_word' id='word_1_61' title='bbox 865 1644 952 1710; x_wconf 82' lang='lat'><strong>6.15</strong></span> <span class='ocrx_word' id='word_1_62' title='bbox 976 1648 1021 1710; x_wconf 89' lang='lat' dir='ltr'>sic</span> <span class='ocrx_word' id='word_1_63' title='bbox 1046 1645 1197 1709; x_wconf 78' lang='lat' dir='ltr'>delestis</span> <span class='ocrx_word' id='word_1_64' title='bbox 1222 1643 1306 1709; x_wconf 84' lang='lat' dir='ltr'>Deae</span> <span class='ocrx_word' id='word_1_65' title='bbox 1330 1645 1484 1709; x_wconf 85' lang='lat' dir='ltr'>referens:</span> <span class='ocrx_word' id='word_1_66' title='bbox 1511 1643 1733 1730; x_wconf 77' lang='lat' dir='ltr'>„Megalensia</span> <span class='ocrx_word' id='word_1_67' title='bbox 1759 1644 1893 1710; x_wconf 82' lang='lat' dir='ltr'>dictae</span> 
     </span>
     <span class='ocr_line' id='line_1_9' title="bbox 687 1749 1895 1838; baseline -0.002 -19"><span class='ocrx_word' id='word_1_68' title='bbox 687 1751 817 1819; x_wconf 82' lang='lat' dir='ltr'>Graecis</span> <span class='ocrx_word' id='word_1_69' title='bbox 841 1751 926 1838; x_wconf 92' lang='lat' dir='ltr'>quod</span> <span class='ocrx_word' id='word_1_70' title='bbox 951 1773 990 1817; x_wconf 87' lang='lat' dir='ltr'>ex</span> <span class='ocrx_word' id='word_1_71' title='bbox 1013 1750 1107 1815; x_wconf 91' lang='lat' dir='ltr'>libris</span> <span class='ocrx_word' id='word_1_72' title='bbox 1131 1750 1299 1836; x_wconf 82' lang='lat' dir='ltr'>Sibyllinis</span> <span class='ocrx_word' id='word_1_73' title='bbox 1322 1752 1472 1814; x_wconf 86' lang='lat' dir='ltr'>arcessita</span> <span class='ocrx_word' id='word_1_74' title='bbox 1495 1750 1534 1814; x_wconf 89' lang='lat' dir='ltr'>ab</span> <span class='ocrx_word' id='word_1_75' title='bbox 1559 1749 1669 1815; x_wconf 90' lang='lat' dir='ltr'>Attalo</span> <span class='ocrx_word' id='word_1_76' title='bbox 1692 1772 1792 1837; x_wconf 86' lang='lat' dir='ltr'>rege,</span> <span class='ocrx_word' id='word_1_77' title='bbox 1818 1751 1895 1816; x_wconf 90' lang='lat' dir='ltr'>Por-</span> 
     </span>
     <span class='ocr_line' id='line_1_10' title="bbox 686 1854 1894 1945; baseline -0.001 -22"><span class='ocrx_word' id='word_1_78' title='bbox 686 1880 795 1945; x_wconf 91' lang='lat' dir='ltr'>gamo.</span> <span class='ocrx_word' id='word_1_79' title='bbox 826 1858 876 1923; x_wconf 93' lang='lat' dir='ltr'>lbi</span> <span class='ocrx_word' id='word_1_80' title='bbox 906 1878 1002 1943; x_wconf 91' lang='lat' dir='ltr'>prope</span> <span class='ocrx_word' id='word_1_81' title='bbox 1025 1877 1156 1921; x_wconf 93' lang='lat' dir='ltr'>murum</span> <span class='ocrx_word' id='word_1_82' title='bbox 1181 1855 1380 1942; x_wconf 84' lang='lat' dir='ltr'>Megalesion</span> <span class='ocrx_word' id='word_1_83' title='bbox 1405 1854 1566 1939; x_wconf 89' lang='lat' dir='ltr'>templum</span> <span class='ocrx_word' id='word_1_84' title='bbox 1587 1859 1657 1922; x_wconf 90' lang='lat' dir='ltr'>eius</span> <span class='ocrx_word' id='word_1_85' title='bbox 1681 1856 1776 1933; x_wconf 90' lang='lat' dir='ltr'>deae,</span> <span class='ocrx_word' id='word_1_86' title='bbox 1804 1857 1894 1922; x_wconf 91' lang='lat' dir='ltr'>unde</span> 
     </span>
     <span class='ocr_line' id='line_1_11' title="bbox 689 1961 1016 2029; baseline -0.009 0"><span class='ocrx_word' id='word_1_87' title='bbox 689 1964 823 2029; x_wconf 81' lang='lat' dir='ltr'>advecta</span> <span class='ocrx_word' id='word_1_88' title='bbox 847 1961 1016 2027; x_wconf 87' lang='lat' dir='ltr'>Romem’&#39;.</span> 
     </span>
     <span class='ocr_line' id='line_1_12' title="bbox 648 2066 1892 2153; baseline -0.002 -17"><span class='ocrx_word' id='word_1_89' title='bbox 648 2128 652 2136; x_wconf 90' lang='lat'><strong>.</strong></span> <span class='ocrx_word' id='word_1_90' title='bbox 733 2067 952 2135; x_wconf 81' lang='lat' dir='ltr'>Confidentius</span> <span class='ocrx_word' id='word_1_91' title='bbox 982 2068 1115 2132; x_wconf 81' lang='lat' dir='ltr'>fortasse</span> <span class='ocrx_word' id='word_1_92' title='bbox 1147 2087 1244 2151; x_wconf 88' lang='lat' dir='ltr'>quam</span> <span class='ocrx_word' id='word_1_93' title='bbox 1276 2066 1387 2131; x_wconf 87' lang='lat' dir='ltr'>deceat</span> <span class='ocrx_word' id='word_1_94' title='bbox 1417 2066 1455 2131; x_wconf 91' lang='lat' dir='ltr'>de</span> <span class='ocrx_word' id='word_1_95' title='bbox 1489 2066 1742 2153; x_wconf 82' lang='lat' dir='ltr'>„Pergamenis”</span> <span class='ocrx_word' id='word_1_96' title='bbox 1776 2066 1892 2134; x_wconf 84' lang='lat' dir='ltr'>Ovidii</span> 
     </span>
     <span class='ocr_line' id='line_1_13' title="bbox 686 2172 1891 2259; baseline -0.001 -18"><span class='ocrx_word' id='word_1_97' title='bbox 686 2175 828 2241; x_wconf 87' lang='lat' dir='ltr'>fontibus</span> <span class='ocrx_word' id='word_1_98' title='bbox 847 2173 936 2259; x_wconf 91' lang='lat' dir='ltr'>loqui</span> <span class='ocrx_word' id='word_1_99' title='bbox 956 2173 1074 2250; x_wconf 81' lang='lat' dir='ltr'>videor,</span> <span class='ocrx_word' id='word_1_100' title='bbox 1096 2195 1171 2238; x_wconf 89' lang='lat' dir='ltr'>cum</span> <span class='ocrx_word' id='word_1_101' title='bbox 1191 2180 1316 2239; x_wconf 86' lang='lat' dir='ltr'>certum</span> <span class='ocrx_word' id='word_1_102' title='bbox 1338 2173 1459 2237; x_wconf 85' lang='lat' dir='ltr'>iontem</span> <span class='ocrx_word' id='word_1_103' title='bbox 1483 2172 1649 2258; x_wconf 90' lang='lat' dir='ltr'>designare</span> <span class='ocrx_word' id='word_1_104' title='bbox 1670 2194 1732 2238; x_wconf 92' lang='lat' dir='ltr'>non</span> <span class='ocrx_word' id='word_1_105' title='bbox 1754 2178 1891 2259; x_wconf 88' lang='lat' dir='ltr'>possim.</span> 
     </span>
     <span class='ocr_line' id='line_1_14' title="bbox 687 2278 1894 2365; baseline -0.001 -18"><span class='ocrx_word' id='word_1_106' title='bbox 687 2279 829 2347; x_wconf 86' lang='lat' dir='ltr'>Oousbor</span> <span class='ocrx_word' id='word_1_107' title='bbox 859 2278 975 2345; x_wconf 89' lang='lat' dir='ltr'>saltem</span> <span class='ocrx_word' id='word_1_108' title='bbox 1005 2278 1122 2343; x_wconf 88' lang='lat' dir='ltr'>indicia</span> <span class='ocrx_word' id='word_1_109' title='bbox 1151 2279 1304 2365; x_wconf 88' lang='lat' dir='ltr'>indagare</span> <span class='ocrx_word' id='word_1_110' title='bbox 1329 2299 1410 2363; x_wconf 88' lang='lat' dir='ltr'>quae</span> <span class='ocrx_word' id='word_1_111' title='bbox 1433 2278 1472 2342; x_wconf 88' lang='lat' dir='ltr'>sd</span> <span class='ocrx_word' id='word_1_112' title='bbox 1497 2285 1641 2343; x_wconf 88' lang='lat' dir='ltr'>auctores</span> <span class='ocrx_word' id='word_1_113' title='bbox 1668 2279 1894 2365; x_wconf 86' lang='lat' dir='ltr'>Pergamenos</span> 
     </span>
     <span class='ocr_line' id='line_1_15' title="bbox 687 2384 1894 2471; baseline 0.001 -19"><span class='ocrx_word' id='word_1_114' title='bbox 687 2388 814 2453; x_wconf 89' lang='lat' dir='ltr'>ducant.</span> <span class='ocrx_word' id='word_1_115' title='bbox 836 2385 920 2451; x_wconf 89' lang='lat' dir='ltr'>Nam</span> <span class='ocrx_word' id='word_1_116' title='bbox 940 2386 1088 2470; x_wconf 90' lang='lat' dir='ltr'>equidem</span> <span class='ocrx_word' id='word_1_117' title='bbox 1100 2385 1213 2450; x_wconf 88' lang='lat' dir='ltr'>lenem</span> <span class='ocrx_word' id='word_1_118' title='bbox 1233 2384 1393 2471; x_wconf 91' lang='lat' dir='ltr'>quandam</span> <span class='ocrx_word' id='word_1_119' title='bbox 1413 2392 1445 2449; x_wconf 90' lang='lat' dir='ltr'>et</span> <span class='ocrx_word' id='word_1_120' title='bbox 1461 2406 1559 2469; x_wconf 90' lang='lat' dir='ltr'>paene</span> <span class='ocrx_word' id='word_1_121' title='bbox 1573 2392 1752 2451; x_wconf 89' lang='lat' dir='ltr'>emortuam</span> <span class='ocrx_word' id='word_1_122' title='bbox 1765 2408 1894 2453; x_wconf 81' lang='lat' dir='ltr'>memo</span> 
     </span>
     <span class='ocr_line' id='line_1_16' title="bbox 687 2491 1891 2578; baseline 0.002 -21"><span class='ocrx_word' id='word_1_123' title='bbox 687 2496 769 2557; x_wconf 90' lang='lat' dir='ltr'>riam</span> <span class='ocrx_word' id='word_1_124' title='bbox 801 2492 992 2578; x_wconf 86' lang='lat' dir='ltr'>Pergameni</span> <span class='ocrx_word' id='word_1_125' title='bbox 1023 2494 1145 2555; x_wconf 88' lang='lat' dir='ltr'>inventi</span> <span class='ocrx_word' id='word_1_126' title='bbox 1170 2494 1335 2555; x_wconf 89' lang='lat' dir='ltr'>innostro</span> <span class='ocrx_word' id='word_1_127' title='bbox 1361 2493 1501 2555; x_wconf 88' lang='lat' dir='ltr'>carmine</span> <span class='ocrx_word' id='word_1_128' title='bbox 1524 2491 1634 2556; x_wconf 90' lang='lat' dir='ltr'>audire</span> <span class='ocrx_word' id='word_1_129' title='bbox 1658 2493 1741 2556; x_wconf 91' lang='lat' dir='ltr'>mihi</span> <span class='ocrx_word' id='word_1_130' title='bbox 1764 2494 1891 2559; x_wconf 89' lang='lat' dir='ltr'>videor.</span> 
     </span>
    </p>

    <p class='ocr_par' dir='ltr' id='par_1_3' title="bbox 683 2596 1893 3951">
     <span class='ocr_line' id='line_1_17' title="bbox 734 2596 1893 2683; baseline 0.001 -19"><span class='ocrx_word' id='word_1_131' title='bbox 734 2596 830 2664; x_wconf 82' lang='lat' dir='ltr'>Cordi</span> <span class='ocrx_word' id='word_1_132' title='bbox 859 2603 926 2663; x_wconf 88' lang='lat' dir='ltr'>erat</span> <span class='ocrx_word' id='word_1_133' title='bbox 956 2605 989 2662; x_wconf 91' lang='lat' dir='ltr'>et</span> <span class='ocrx_word' id='word_1_134' title='bbox 1018 2599 1081 2681; x_wconf 90' lang='lat' dir='ltr'>ipsi</span> <span class='ocrx_word' id='word_1_135' title='bbox 1111 2596 1221 2661; x_wconf 86' lang='lat' dir='ltr'>Attalo</span> <span class='ocrx_word' id='word_1_136' title='bbox 1252 2603 1285 2661; x_wconf 91' lang='lat' dir='ltr'>et</span> <span class='ocrx_word' id='word_1_137' title='bbox 1308 2596 1444 2661; x_wconf 88' lang='lat' dir='ltr'>eruditis</span> <span class='ocrx_word' id='word_1_138' title='bbox 1466 2598 1651 2663; x_wconf 91' lang='lat' dir='ltr'>homiuibus</span> <span class='ocrx_word' id='word_1_139' title='bbox 1674 2601 1730 2683; x_wconf 93' lang='lat' dir='ltr'>qui</span> <span class='ocrx_word' id='word_1_140' title='bbox 1754 2601 1790 2662; x_wconf 92' lang='lat' dir='ltr'>in</span> <span class='ocrx_word' id='word_1_141' title='bbox 1817 2601 1893 2665; x_wconf 85' lang='lat' dir='ltr'>aula</span> 
     </span>
     <span class='ocr_line' id='line_1_18' title="bbox 688 2701 1892 2791; baseline 0.001 -22"><span class='ocrx_word' id='word_1_142' title='bbox 688 2705 840 2791; x_wconf 88' lang='lat' dir='ltr'>Pergami</span> <span class='ocrx_word' id='word_1_143' title='bbox 870 2709 1032 2768; x_wconf 85' lang='lat' dir='ltr'>versantes</span> <span class='ocrx_word' id='word_1_144' title='bbox 1063 2703 1158 2767; x_wconf 89' lang='lat' dir='ltr'>rebus</span> <span class='ocrx_word' id='word_1_145' title='bbox 1189 2701 1407 2766; x_wconf 87' lang='lat' dir='ltr'>Attalidarum</span> <span class='ocrx_word' id='word_1_146' title='bbox 1441 2703 1607 2780; x_wconf 81' lang='lat' dir='ltr'>favebant,</span> <span class='ocrx_word' id='word_1_147' title='bbox 1643 2703 1702 2768; x_wconf 90' lang='lat' dir='ltr'>hoc</span> <span class='ocrx_word' id='word_1_148' title='bbox 1736 2707 1892 2789; x_wconf 86' lang='lat' dir='ltr'>inprimis</span> 
     </span>
     <span class='ocr_line' id='line_1_19' title="bbox 687 2807 1891 2894; baseline 0 -19"><span class='ocrx_word' id='word_1_149' title='bbox 687 2811 915 2884; x_wconf 85' lang='lat' dir='ltr'>demonstrare,</span> <span class='ocrx_word' id='word_1_150' title='bbox 937 2807 1063 2872; x_wconf 85' lang='lat' dir='ltr'>foedera</span> <span class='ocrx_word' id='word_1_151' title='bbox 1082 2828 1169 2872; x_wconf 89' lang='lat' dir='ltr'>sacre</span> <span class='ocrx_word' id='word_1_152' title='bbox 1190 2807 1348 2871; x_wconf 86' lang='lat' dir='ltr'>Romanos</span> <span class='ocrx_word' id='word_1_153' title='bbox 1368 2810 1452 2872; x_wconf 90' lang='lat' dir='ltr'>inter</span> <span class='ocrx_word' id='word_1_154' title='bbox 1471 2816 1503 2871; x_wconf 90' lang='lat' dir='ltr'>et</span> <span class='ocrx_word' id='word_1_155' title='bbox 1521 2807 1643 2873; x_wconf 86' lang='lat' dir='ltr'>incolas</span> <span class='ocrx_word' id='word_1_156' title='bbox 1664 2811 1736 2894; x_wconf 87' lang='lat' dir='ltr'>agri</span> <span class='ocrx_word' id='word_1_157' title='bbox 1757 2808 1891 2875; x_wconf 78' lang='lat' dir='ltr'>Troiani</span> 
     </span>
     <span class='ocr_line' id='line_1_20' title="bbox 686 2901 1889 3000; baseline 0.002 -20"><span class='ocrx_word' id='word_1_158' title='bbox 686 2918 879 3000; x_wconf 76' lang='lat' dir='ltr'>antiquitate</span> <span class='ocrx_word' id='word_1_159' title='bbox 899 2916 1007 2978; x_wconf 88' lang='lat' dir='ltr'>omnia</span> <span class='ocrx_word' id='word_1_160' title='bbox 1027 2901 1192 2997; x_wconf 82' lang='lat' dir='ltr'>superare,</span> <span class='ocrx_word' id='word_1_161' title='bbox 1214 2912 1356 2977; x_wconf 89' lang='lat' dir='ltr'>Matrem</span> <span class='ocrx_word' id='word_1_162' title='bbox 1375 2916 1483 2997; x_wconf 84' lang='lat' dir='ltr'>itaque</span> <span class='ocrx_word' id='word_1_163' title='bbox 1504 2913 1652 2992; x_wconf 86' lang='lat' dir='ltr'>iliacam,</span> <span class='ocrx_word' id='word_1_164' title='bbox 1677 2936 1776 2999; x_wconf 88' lang='lat' dir='ltr'>quam</span> <span class='ocrx_word' id='word_1_165' title='bbox 1805 2939 1889 2982; x_wconf 91' lang='lat' dir='ltr'>nunc</span> 
     </span>
     <span class='ocr_line' id='line_1_21' title="bbox 687 3018 1889 3106; baseline 0.001 -20"><span class='ocrx_word' id='word_1_166' title='bbox 687 3042 725 3087; x_wconf 91' lang='lat' dir='ltr'>ex</span> <span class='ocrx_word' id='word_1_167' title='bbox 756 3023 835 3106; x_wconf 91' lang='lat' dir='ltr'>ipsis</span> <span class='ocrx_word' id='word_1_168' title='bbox 867 3018 969 3085; x_wconf 85' lang='lat' dir='ltr'>Attali</span> <span class='ocrx_word' id='word_1_169' title='bbox 999 3020 1147 3084; x_wconf 91' lang='lat' dir='ltr'>manibus</span> <span class='ocrx_word' id='word_1_170' title='bbox 1178 3021 1356 3103; x_wconf 85' lang='lat' dir='ltr'>acciperent</span> <span class='ocrx_word' id='word_1_171' title='bbox 1386 3019 1539 3096; x_wconf 85' lang='lat' dir='ltr'>Romani,</span> <span class='ocrx_word' id='word_1_172' title='bbox 1562 3020 1636 3085; x_wconf 91' lang='lat' dir='ltr'>iude</span> <span class='ocrx_word' id='word_1_173' title='bbox 1660 3021 1698 3086; x_wconf 90' lang='lat' dir='ltr'>ab</span> <span class='ocrx_word' id='word_1_174' title='bbox 1723 3024 1821 3088; x_wconf 85' lang='lat' dir='ltr'>initio</span> <span class='ocrx_word' id='word_1_175' title='bbox 1844 3026 1889 3087; x_wconf 93' lang='lat' dir='ltr'>iu-</span> 
     </span>
     <span class='ocr_line' id='line_1_22' title="bbox 687 3125 1888 3212; baseline 0.002 -20"><span class='ocrx_word' id='word_1_176' title='bbox 687 3130 787 3212; x_wconf 87' lang='lat' dir='ltr'>eeptis</span> <span class='ocrx_word' id='word_1_177' title='bbox 812 3128 934 3191; x_wconf 88' lang='lat' dir='ltr'>Aeneae</span> <span class='ocrx_word' id='word_1_178' title='bbox 957 3128 1078 3189; x_wconf 92' lang='lat' dir='ltr'>mirum</span> <span class='ocrx_word' id='word_1_179' title='bbox 1103 3134 1259 3209; x_wconf 89' lang='lat' dir='ltr'>quantum</span> <span class='ocrx_word' id='word_1_180' title='bbox 1284 3125 1410 3188; x_wconf 81' lang='lat' dir='ltr'>favisse.</span> <span class='ocrx_word' id='word_1_181' title='bbox 1435 3125 1546 3189; x_wconf 84' lang='lat' dir='ltr'>Diviui</span> <span class='ocrx_word' id='word_1_182' title='bbox 1569 3127 1666 3191; x_wconf 91' lang='lat' dir='ltr'>huius</span> <span class='ocrx_word' id='word_1_183' title='bbox 1685 3127 1804 3192; x_wconf 91' lang='lat' dir='ltr'>auxilii</span> <span class='ocrx_word' id='word_1_184' title='bbox 1824 3151 1888 3194; x_wconf 87' lang='lat' dir='ltr'>me-</span> 
     </span>
     <span class='ocr_line' id='line_1_23' title="bbox 687 3230 1886 3317; baseline 0.003 -21"><span class='ocrx_word' id='word_1_185' title='bbox 687 3235 789 3296; x_wconf 89' lang='lat' dir='ltr'>moria</span> <span class='ocrx_word' id='word_1_186' title='bbox 805 3234 838 3295; x_wconf 91' lang='lat' dir='ltr'>in</span> <span class='ocrx_word' id='word_1_187' title='bbox 856 3230 992 3316; x_wconf 86' lang='lat' dir='ltr'>Vergilii</span> <span class='ocrx_word' id='word_1_188' title='bbox 1014 3230 1151 3295; x_wconf 87' lang='lat' dir='ltr'>Aeneide</span> <span class='ocrx_word' id='word_1_189' title='bbox 1171 3230 1340 3296; x_wconf 88' lang='lat' dir='ltr'>obliterata</span> <span class='ocrx_word' id='word_1_190' title='bbox 1361 3236 1426 3306; x_wconf 87' lang='lat' dir='ltr'>est,</span> <span class='ocrx_word' id='word_1_191' title='bbox 1447 3234 1598 3315; x_wconf 88' lang='lat' dir='ltr'>quoniam</span> <span class='ocrx_word' id='word_1_192' title='bbox 1617 3238 1709 3317; x_wconf 88' lang='lat' dir='ltr'>poeta</span> <span class='ocrx_word' id='word_1_193' title='bbox 1720 3233 1886 3299; x_wconf 87' lang='lat' dir='ltr'>Romanus</span> 
     </span>
     <span class='ocr_line' id='line_1_24' title="bbox 685 3335 1886 3422; baseline 0.001 -20"><span class='ocrx_word' id='word_1_194' title='bbox 685 3336 888 3403; x_wconf 84' lang='lat' dir='ltr'>Genetricem</span> <span class='ocrx_word' id='word_1_195' title='bbox 919 3339 1026 3422; x_wconf 88' lang='lat' dir='ltr'>gentis</span> <span class='ocrx_word' id='word_1_196' title='bbox 1056 3335 1158 3400; x_wconf 90' lang='lat' dir='ltr'>Iuliae</span> <span class='ocrx_word' id='word_1_197' title='bbox 1189 3336 1364 3420; x_wconf 87' lang='lat' dir='ltr'>Iovemque</span> <span class='ocrx_word' id='word_1_198' title='bbox 1394 3336 1563 3422; x_wconf 90' lang='lat' dir='ltr'>Optimum</span> <span class='ocrx_word' id='word_1_199' title='bbox 1587 3338 1772 3403; x_wconf 89' lang='lat' dir='ltr'>Maximum</span> <span class='ocrx_word' id='word_1_200' title='bbox 1797 3344 1886 3405; x_wconf 92' lang='lat' dir='ltr'>omui</span> 
     </span>
     <span class='ocr_line' id='line_1_25' title="bbox 683 3441 1886 3527; baseline 0.002 -19"><span class='ocrx_word' id='word_1_201' title='bbox 683 3443 776 3508; x_wconf 90' lang='lat' dir='ltr'>laude</span> <span class='ocrx_word' id='word_1_202' title='bbox 796 3441 948 3507; x_wconf 79' lang='lat' dir='ltr'>extollere</span> <span class='ocrx_word' id='word_1_203' title='bbox 970 3444 1101 3525; x_wconf 88' lang='lat' dir='ltr'>cupiens</span> <span class='ocrx_word' id='word_1_204' title='bbox 1126 3463 1189 3505; x_wconf 89' lang='lat' dir='ltr'>non</span> <span class='ocrx_word' id='word_1_205' title='bbox 1215 3443 1323 3526; x_wconf 90' lang='lat' dir='ltr'>potuit</span> <span class='ocrx_word' id='word_1_206' title='bbox 1348 3462 1409 3505; x_wconf 92' lang='lat' dir='ltr'>uon</span> <span class='ocrx_word' id='word_1_207' title='bbox 1434 3442 1605 3527; x_wconf 88' lang='lat' dir='ltr'>neglegere</span> <span class='ocrx_word' id='word_1_208' title='bbox 1631 3442 1747 3508; x_wconf 87' lang='lat' dir='ltr'>Matris</span> <span class='ocrx_word' id='word_1_209' title='bbox 1772 3445 1886 3511; x_wconf 82' lang='lat' dir='ltr'>idaeae</span> 
     </span>
     <span class='ocr_line' id='line_1_26' title="bbox 687 3547 1886 3632; baseline 0.003 -20"><span class='ocrx_word' id='word_1_210' title='bbox 687 3551 811 3612; x_wconf 88' lang='lat' dir='ltr'>merita.</span> <span class='ocrx_word' id='word_1_211' title='bbox 844 3547 905 3611; x_wconf 82' lang='lat' dir='ltr'>Sed</span> <span class='ocrx_word' id='word_1_212' title='bbox 936 3556 1042 3612; x_wconf 86' lang='lat' dir='ltr'>tomen</span> <span class='ocrx_word' id='word_1_213' title='bbox 1074 3553 1195 3612; x_wconf 86' lang='lat' dir='ltr'>restant</span> <span class='ocrx_word' id='word_1_214' title='bbox 1223 3550 1257 3611; x_wconf 92' lang='lat' dir='ltr'>in</span> <span class='ocrx_word' id='word_1_215' title='bbox 1288 3549 1347 3611; x_wconf 92' lang='lat' dir='ltr'>hoc</span> <span class='ocrx_word' id='word_1_216' title='bbox 1377 3550 1446 3632; x_wconf 91' lang='lat' dir='ltr'>ipso</span> <span class='ocrx_word' id='word_1_217' title='bbox 1471 3548 1580 3612; x_wconf 85' lang='lat' dir='ltr'>Ovidii</span> <span class='ocrx_word' id='word_1_218' title='bbox 1603 3552 1743 3615; x_wconf 91' lang='lat' dir='ltr'>carmine</span> <span class='ocrx_word' id='word_1_219' title='bbox 1766 3552 1886 3616; x_wconf 89' lang='lat' dir='ltr'>indicia</span> 
     </span>
     <span class='ocr_line' id='line_1_27' title="bbox 687 3654 1886 3742; baseline 0.003 -24"><span class='ocrx_word' id='word_1_220' title='bbox 687 3654 842 3740; x_wconf 89' lang='lat' dir='ltr'>quaedam</span> <span class='ocrx_word' id='word_1_221' title='bbox 864 3676 901 3717; x_wconf 92' lang='lat' dir='ltr'>ex</span> <span class='ocrx_word' id='word_1_222' title='bbox 922 3656 1038 3738; x_wconf 90' lang='lat' dir='ltr'>quibus</span> <span class='ocrx_word' id='word_1_223' title='bbox 1058 3654 1196 3718; x_wconf 86' lang='lat' dir='ltr'>divinari</span> <span class='ocrx_word' id='word_1_224' title='bbox 1216 3654 1340 3729; x_wconf 90' lang='lat' dir='ltr'>licebit,</span> <span class='ocrx_word' id='word_1_225' title='bbox 1363 3675 1501 3737; x_wconf 91' lang='lat' dir='ltr'>quanam</span> <span class='ocrx_word' id='word_1_226' title='bbox 1523 3655 1586 3719; x_wconf 82' lang='lat' dir='ltr'>sere</span> <span class='ocrx_word' id='word_1_227' title='bbox 1607 3658 1730 3720; x_wconf 86' lang='lat' dir='ltr'>ratione</span> <span class='ocrx_word' id='word_1_228' title='bbox 1753 3661 1886 3742; x_wconf 81' lang='lat' dir='ltr'>scripto</span> 
     </span>
     <span class='ocr_line' id='line_1_28' title="bbox 686 3759 1884 3845; baseline 0.002 -20"><span class='ocrx_word' id='word_1_229' title='bbox 686 3783 759 3826; x_wconf 91' lang='lat' dir='ltr'>rum</span> <span class='ocrx_word' id='word_1_230' title='bbox 780 3760 1052 3845; x_wconf 89' lang='lat' dir='ltr'>Pergamenorum</span> <span class='ocrx_word' id='word_1_231' title='bbox 1073 3781 1123 3824; x_wconf 88' lang='lat' dir='ltr'>ars</span> <span class='ocrx_word' id='word_1_232' title='bbox 1144 3759 1269 3824; x_wconf 83' lang='lat' dir='ltr'>erudita</span> <span class='ocrx_word' id='word_1_233' title='bbox 1288 3761 1381 3823; x_wconf 89' lang='lat' dir='ltr'>initia</span> <span class='ocrx_word' id='word_1_234' title='bbox 1400 3759 1520 3824; x_wconf 86' lang='lat' dir='ltr'>Romae</span> <span class='ocrx_word' id='word_1_235' title='bbox 1539 3782 1614 3824; x_wconf 90' lang='lat' dir='ltr'>cum</span> <span class='ocrx_word' id='word_1_236' title='bbox 1634 3761 1709 3826; x_wconf 87' lang='lat' dir='ltr'>deae</span> <span class='ocrx_word' id='word_1_237' title='bbox 1729 3761 1884 3827; x_wconf 82' lang='lat' dir='ltr'>Troianae</span> 
     </span>
     <span class='ocr_line' id='line_1_29' title="bbox 687 3866 1826 3951; baseline 0 -20"><span class='ocrx_word' id='word_1_238' title='bbox 687 3868 837 3951; x_wconf 87' lang='lat' dir='ltr'>urbisque</span> <span class='ocrx_word' id='word_1_239' title='bbox 859 3866 1011 3951; x_wconf 86' lang='lat' dir='ltr'>Pergami</span> <span class='ocrx_word' id='word_1_240' title='bbox 1034 3866 1183 3929; x_wconf 89' lang='lat' dir='ltr'>laudibus</span> <span class='ocrx_word' id='word_1_241' title='bbox 1207 3887 1263 3950; x_wconf 90' lang='lat' dir='ltr'>per</span> <span class='ocrx_word' id='word_1_242' title='bbox 1287 3866 1410 3930; x_wconf 84' lang='lat' dir='ltr'>fabulas</span> <span class='ocrx_word' id='word_1_243' title='bbox 1434 3866 1559 3930; x_wconf 88' lang='lat' dir='ltr'>divinas</span> <span class='ocrx_word' id='word_1_244' title='bbox 1583 3870 1826 3933; x_wconf 83' lang='lat' dir='ltr'>consociaverit.</span> 
     </span>
    </p>

    <p class='ocr_par' dir='ltr' id='par_1_4' title="bbox 732 3969 1456 4057">
     <span class='ocr_line' id='line_1_30' title="bbox 732 3969 1456 4057; baseline -0.003 -22"><span class='ocrx_word' id='word_1_245' title='bbox 732 3972 867 4036; x_wconf 87' lang='lat' dir='ltr'>Ovidius</span> <span class='ocrx_word' id='word_1_246' title='bbox 891 3973 977 4035; x_wconf 91' lang='lat' dir='ltr'>enim</span> <span class='ocrx_word' id='word_1_247' title='bbox 1001 3992 1074 4034; x_wconf 90' lang='lat' dir='ltr'>cum</span> <span class='ocrx_word' id='word_1_248' title='bbox 1100 3991 1148 4034; x_wconf 87' lang='lat' dir='ltr'>vs.</span> <span class='ocrx_word' id='word_1_249' title='bbox 1174 3969 1239 4035; x_wconf 74' lang='lat'>274</span> <span class='ocrx_word' id='word_1_250' title='bbox 1263 3973 1309 4034; x_wconf 90' lang='lat' dir='ltr'>ita</span> <span class='ocrx_word' id='word_1_251' title='bbox 1334 3974 1456 4057; x_wconf 89' lang='lat' dir='ltr'>pergit:</span> 
     </span>
    </p>

    <p class='ocr_par' dir='ltr' id='par_1_5' title="bbox 823 4076 1679 4268">
     <span class='ocr_line' id='line_1_31' title="bbox 823 4076 1621 4161; baseline 0.001 -21"><span class='ocrx_word' id='word_1_252' title='bbox 823 4077 975 4141; x_wconf 86' lang='lat' dir='ltr'>Protinus</span> <span class='ocrx_word' id='word_1_253' title='bbox 998 4078 1183 4140; x_wconf 90' lang='lat' dir='ltr'>innumerae</span> <span class='ocrx_word' id='word_1_254' title='bbox 1204 4076 1340 4140; x_wconf 90' lang='lat' dir='ltr'>caedunt</span> <span class='ocrx_word' id='word_1_255' title='bbox 1363 4080 1471 4161; x_wconf 89' lang='lat' dir='ltr'>pineta</span> <span class='ocrx_word' id='word_1_256' title='bbox 1496 4098 1621 4141; x_wconf 90' lang='lat' dir='ltr'>secures</span> 
     </span>
     <span class='ocr_line' id='line_1_32' title="bbox 869 4182 1679 4268; baseline 0.001 -21"><span class='ocrx_word' id='word_1_257' title='bbox 869 4182 941 4258; x_wconf 87' lang='lat' dir='ltr'>illa,</span> <span class='ocrx_word' id='word_1_258' title='bbox 967 4184 1084 4267; x_wconf 91' lang='lat' dir='ltr'>quibus</span> <span class='ocrx_word' id='word_1_259' title='bbox 1109 4183 1237 4268; x_wconf 88' lang='lat' dir='ltr'>fugiens</span> <span class='ocrx_word' id='word_1_260' title='bbox 1261 4184 1372 4268; x_wconf 84' lang='lat' dir='ltr'>Phryx</span> <span class='ocrx_word' id='word_1_261' title='bbox 1397 4186 1470 4268; x_wconf 91' lang='lat' dir='ltr'>pius</span> <span class='ocrx_word' id='word_1_262' title='bbox 1494 4205 1570 4247; x_wconf 91' lang='lat' dir='ltr'>usus</span> <span class='ocrx_word' id='word_1_263' title='bbox 1595 4191 1679 4260; x_wconf 89' lang='lat' dir='ltr'>erat,</span> 
     </span>
    </p>

    <p class='ocr_par' dir='ltr' id='par_1_6' title="bbox 687 4287 1885 5009">
     <span class='ocr_line' id='line_1_33' title="bbox 687 4287 1884 4375; baseline 0.002 -21"><span class='ocrx_word' id='word_1_264' title='bbox 687 4288 811 4354; x_wconf 88' lang='lat' dir='ltr'>subulae</span> <span class='ocrx_word' id='word_1_265' title='bbox 846 4288 992 4352; x_wconf 86' lang='lat' dir='ltr'>Aeneidis</span> <span class='ocrx_word' id='word_1_266' title='bbox 1025 4295 1149 4373; x_wconf 91' lang='lat' dir='ltr'>partem</span> <span class='ocrx_word' id='word_1_267' title='bbox 1182 4291 1288 4373; x_wconf 86' lang='lat' dir='ltr'>tangit</span> <span class='ocrx_word' id='word_1_268' title='bbox 1322 4287 1501 4373; x_wconf 85' lang='lat' dir='ltr'>neglectam</span> <span class='ocrx_word' id='word_1_269' title='bbox 1534 4289 1663 4373; x_wconf 91' lang='lat' dir='ltr'>quidem</span> <span class='ocrx_word' id='word_1_270' title='bbox 1695 4293 1728 4352; x_wconf 92' lang='lat' dir='ltr'>iu</span> <span class='ocrx_word' id='word_1_271' title='bbox 1753 4312 1884 4375; x_wconf 91' lang='lat' dir='ltr'>poeseos</span> 
     </span>
     <span class='ocr_line' id='line_1_34' title="bbox 688 4393 1884 4479; baseline 0.002 -19"><span class='ocrx_word' id='word_1_272' title='bbox 688 4396 850 4460; x_wconf 90' lang='lat' dir='ltr'>Romanae</span> <span class='ocrx_word' id='word_1_273' title='bbox 882 4393 1026 4478; x_wconf 89' lang='lat' dir='ltr'>reliquiis</span> <span class='ocrx_word' id='word_1_274' title='bbox 1055 4394 1148 4457; x_wconf 93' lang='lat' dir='ltr'>bodie</span> <span class='ocrx_word' id='word_1_275' title='bbox 1180 4394 1425 4478; x_wconf 87' lang='lat' dir='ltr'>superstitibus,</span> <span class='ocrx_word' id='word_1_276' title='bbox 1459 4394 1512 4458; x_wconf 89' lang='lat' dir='ltr'>sed</span> <span class='ocrx_word' id='word_1_277' title='bbox 1543 4395 1621 4458; x_wconf 93' lang='lat' dir='ltr'>olim</span> <span class='ocrx_word' id='word_1_278' title='bbox 1652 4396 1763 4479; x_wconf 89' lang='lat' dir='ltr'>procul</span> <span class='ocrx_word' id='word_1_279' title='bbox 1788 4399 1884 4462; x_wconf 92' lang='lat' dir='ltr'>dubio</span> 
     </span>
     <span class='ocr_line' id='line_1_35' title="bbox 687 4497 1885 4584; baseline 0 -17"><span class='ocrx_word' id='word_1_280' title='bbox 687 4501 809 4567; x_wconf 87' lang='lat' dir='ltr'>cultam</span> <span class='ocrx_word' id='word_1_281' title='bbox 833 4498 1096 4584; x_wconf 87' lang='lat' dir='ltr'>splendidiusque</span> <span class='ocrx_word' id='word_1_282' title='bbox 1119 4497 1325 4563; x_wconf 86' lang='lat' dir='ltr'>illustratam.</span> <span class='ocrx_word' id='word_1_283' title='bbox 1352 4498 1456 4563; x_wconf 80' lang='lat' dir='ltr'>Sacris</span> <span class='ocrx_word' id='word_1_284' title='bbox 1480 4500 1615 4565; x_wconf 86' lang='lat' dir='ltr'>navibus</span> <span class='ocrx_word' id='word_1_285' title='bbox 1636 4521 1672 4564; x_wconf 93' lang='lat' dir='ltr'>ex</span> <span class='ocrx_word' id='word_1_286' title='bbox 1694 4500 1790 4567; x_wconf 88' lang='lat' dir='ltr'>litore</span> <span class='ocrx_word' id='word_1_287' title='bbox 1811 4501 1885 4567; x_wconf 83' lang='lat' dir='ltr'>Tro·</span> 
     </span>
     <span class='ocr_line' id='line_1_36' title="bbox 687 4604 1883 4691; baseline 0.003 -23"><span class='ocrx_word' id='word_1_288' title='bbox 687 4610 759 4670; x_wconf 85' lang='lat' dir='ltr'>iano</span> <span class='ocrx_word' id='word_1_289' title='bbox 791 4605 950 4691; x_wconf 82' lang='lat' dir='ltr'>profectus</span> <span class='ocrx_word' id='word_1_290' title='bbox 981 4613 1065 4681; x_wconf 89' lang='lat' dir='ltr'>erat,</span> <span class='ocrx_word' id='word_1_291' title='bbox 1098 4604 1195 4669; x_wconf 88' lang='lat' dir='ltr'>classe</span> <span class='ocrx_word' id='word_1_292' title='bbox 1229 4606 1338 4670; x_wconf 87' lang='lat' dir='ltr'>divino</span> <span class='ocrx_word' id='word_1_293' title='bbox 1372 4604 1492 4670; x_wconf 91' lang='lat' dir='ltr'>auxilio</span> <span class='ocrx_word' id='word_1_294' title='bbox 1524 4626 1541 4669; x_wconf 87' lang='lat' dir='ltr'>a</span> <span class='ocrx_word' id='word_1_295' title='bbox 1569 4605 1720 4690; x_wconf 89' lang='lat' dir='ltr'>periculis</span> <span class='ocrx_word' id='word_1_296' title='bbox 1745 4608 1883 4674; x_wconf 80' lang='lat' dir='ltr'>defensa.</span> 
     </span>
     <span class='ocr_line' id='line_1_37' title="bbox 688 4708 1883 4797; baseline 0.003 -24"><span class='ocrx_word' id='word_1_297' title='bbox 688 4709 739 4773; x_wconf 89' lang='lat' dir='ltr'>Sic</span> <span class='ocrx_word' id='word_1_298' title='bbox 771 4715 949 4777; x_wconf 87' lang='lat' dir='ltr'>cecinerant</span> <span class='ocrx_word' id='word_1_299' title='bbox 971 4717 1083 4794; x_wconf 88' lang='lat' dir='ltr'>poetae</span> <span class='ocrx_word' id='word_1_300' title='bbox 1107 4708 1235 4789; x_wconf 84' lang='lat' dir='ltr'>Graeci;</span> <span class='ocrx_word' id='word_1_301' title='bbox 1262 4710 1378 4776; x_wconf 87' lang='lat' dir='ltr'>Ovidio</span> <span class='ocrx_word' id='word_1_302' title='bbox 1402 4718 1511 4775; x_wconf 88' lang='lat' dir='ltr'>autem</span> <span class='ocrx_word' id='word_1_303' title='bbox 1536 4710 1743 4797; x_wconf 87' lang='lat' dir='ltr'>Vergilioque</span> <span class='ocrx_word' id='word_1_304' title='bbox 1767 4716 1802 4777; x_wconf 91' lang='lat' dir='ltr'>in</span> <span class='ocrx_word' id='word_1_305' title='bbox 1826 4713 1883 4777; x_wconf 93' lang='lat' dir='ltr'>bac</span> 
     </span>
     <span class='ocr_line' id='line_1_38' title="bbox 690 4814 1885 4903; baseline 0.006 -27"><span class='ocrx_word' id='word_1_306' title='bbox 690 4814 817 4898; x_wconf 90' lang='lat' dir='ltr'>quidem</span> <span class='ocrx_word' id='word_1_307' title='bbox 849 4839 882 4881; x_wconf 88' lang='lat' dir='ltr'>rs</span> <span class='ocrx_word' id='word_1_308' title='bbox 914 4814 1110 4880; x_wconf 82' lang='lat' dir='ltr'>Graecorum</span> <span class='ocrx_word' id='word_1_309' title='bbox 1142 4815 1326 4901; x_wconf 90' lang='lat' dir='ltr'>exemplum</span> <span class='ocrx_word' id='word_1_310' title='bbox 1357 4820 1596 4881; x_wconf 86' lang='lat' dir='ltr'>accuratissime</span> <span class='ocrx_word' id='word_1_311' title='bbox 1618 4820 1708 4901; x_wconf 89' lang='lat' dir='ltr'>sequi</span> <span class='ocrx_word' id='word_1_312' title='bbox 1733 4839 1796 4883; x_wconf 91' lang='lat' dir='ltr'>nou</span> <span class='ocrx_word' id='word_1_313' title='bbox 1820 4817 1885 4903; x_wconf 87' lang='lat' dir='ltr'>pls·</span> 
     </span>
     <span class='ocr_line' id='line_1_39' title="bbox 690 4918 1884 5009; baseline 0.008 -30"><span class='ocrx_word' id='word_1_314' title='bbox 690 4918 789 4982; x_wconf 88' lang='lat' dir='ltr'>cebet.</span> <span class='ocrx_word' id='word_1_315' title='bbox 821 4920 887 4985; x_wconf 91' lang='lat' dir='ltr'>Nec</span> <span class='ocrx_word' id='word_1_316' title='bbox 915 4928 1021 4986; x_wconf 83' lang='lat' dir='ltr'>tamen</span> <span class='ocrx_word' id='word_1_317' title='bbox 1054 4923 1098 4985; x_wconf 91' lang='lat' dir='ltr'>rei</span> <span class='ocrx_word' id='word_1_318' title='bbox 1131 4922 1216 4985; x_wconf 81' lang='lat' dir='ltr'>fama</span> <span class='ocrx_word' id='word_1_319' title='bbox 1248 4944 1377 5007; x_wconf 90' lang='lat' dir='ltr'>prorsus</span> <span class='ocrx_word' id='word_1_320' title='bbox 1408 4925 1548 5000; x_wconf 88' lang='lat' dir='ltr'>interiit,</span> <span class='ocrx_word' id='word_1_321' title='bbox 1583 4924 1776 5008; x_wconf 82' lang='lat' dir='ltr'>vivebatque</span> <span class='ocrx_word' id='word_1_322' title='bbox 1800 4922 1884 5009; x_wconf 85' lang='lat' dir='ltr'>apud</span> 
     </span>
    </p>
   </div>
   <div class='ocr_carea' id='block_1_3' title="bbox 0 0 2568 6150">
    <p class='ocr_par' dir='ltr' id='par_1_7' title="bbox 0 0 2568 6150">
     <span class='ocr_line' id='line_1_40' title="bbox 0 0 2568 6150; baseline 0 0"><span class='ocrx_word' id='word_1_323' title='bbox 0 0 2568 6150; x_wconf 95' lang='lat' dir='ltr'> </span> 
     </span>
    </p>
   </div>
  </div>
 </body>
</html>
