5125 6150
688 792 752 856 144
1192 808 1362 855 33333333.

688 982 832 1059 tempora
866 969 1053 1047 Commodi,
1090 977 1174 1036 certe
1203 993 1265 1036 333
1297 992 1364 1036 esse
1395 974 1603 1057 posteriorem
1633 974 1726 1038 initio
1756 973 1874 1038 saeculi

685 1083 788 1156 tertii,
814 1100 915 1164 quum
938 1079 1124 1163 praesertim
1148 1080 1181 1141 in
1201 1084 1339 1143 reserato
1358 1076 1502 1162 sepulcro
1519 1077 1619 1142 313331
1637 1077 1701 1143 3113
1718 1078 1873 1164 quaedem

685 1187 875 1251 documenta
906 1187 1036 1248 1333313
1058 1187 1123 1248 3131
1146 1182 1427 1268 33331333133133
1450 1184 1636 1249 confirment
1659 1185 1743 1269 quod
1768 1188 1873 1270 primo

684 1294 799 1378 papyri
828 1290 980 1374 adspectu
1003 1292 1069 1353 iam
1092 1292 1270 1374 potuissent
1293 1310 1472 1375 agnoscere.
1498 1289 1625 1374 ltaque,
1650 1292 1820 1375 inquiunt,
1846 1293 1874 1355 si

683 1404 819 1462 exeunte
849 1395 974 1459 saeculo
1005 1395 1142 1459 secundo
1173 1392 1326 1460 Chariton
1358 1397 1423 1458 iam
1453 1393 1660 1459 lectitabatur
1690 1398 1722 1459 13
1750 1401 1874 1460 remoto

684 1504 827 1588 Aegypti
845 1499 981 1585 angulo,
1000 1500 1073 1565 inde
1090 1505 1162 1564 1313
1179 1499 1295 1564 efficies
1312 1520 1388 1563 eum
1400 1501 1519 1564 vixisse
1539 1501 1632 1564 initio
1650 1498 1740 1564 illius
1753 1500 1873 1565 saeculi

684 1607 736 1673 331
766 1607 898 1671 13313333
930 1608 1028 1669 etiam
1052 1606 1111 1669 suh
1136 1604 1231 1669 finem
1255 1607 1353 1689 primi
1373 1604 1493 1669 saeculi
1516 1605 1613 1668 huius
1635 1626 1736 1670 33333.
1767 1607 1874 1690 Atque

684 1714 757 1777 hinc
774 1710 999 1796 intelligimus,
1017 1710 1171 1795 quidquid
1188 1710 1268 1775 olim
1287 1709 1325 1774 de
1343 1710 1546 1775 Eroticorum
1558 1709 1758 1795 Scriptorum
1771 1718 1874 1775 aetate

683 1817 884 1901 disputatum
908 1815 1020 1890 fuerit,
1045 1814 1078 1878 id
1102 1836 1195 1879 omne
1218 1814 1390 1900 diligenter
1412 1835 1478 1879 3333
1501 1815 1798 1881 reconcinnandum.

729 1921 858 1986 Accedit
892 1926 1120 2006 argumentum
1155 1941 1217 2004 quo
1253 1920 1398 1984 Britanni
1430 1919 1574 1985 nondum
1608 1922 1659 1984 uti
1689 1925 1873 2006 potuerunt.

683 2027 813 2093 Novum
847 2027 1065 2112 fragmentum
1097 2031 1330 2110 repraesentat,
1371 2027 1421 2088 uti
1452 2025 1612 2103 vidimus,
1645 2028 1681 2090 in
1713 2025 1874 2110 plerisque

684 2134 832 2199 omnihus
851 2131 1067 2196 Florentinum
1088 2128 1269 2197 charitonis
1284 2133 1508 2195 recensionem.
1528 2130 1590 2196 Sed
1601 2131 1873 2216 quemadmodum
1897 2137 1900 2143 '

683 2259 785 2323 nuper
815 2237 1119 2314 demonstravimus,
1151 2238 1190 2301 ah
1221 2256 1258 2301 ea
1288 2235 1526 2320 aliquantulum
1555 2237 1713 2322 discrepat
1734 2239 1875 2301 recensio

685 2343 850 2419 Thebana,
882 2362 961 2426 quae
992 2341 1086 2407 modo
1118 2341 1242 2426 plenior
1264 2346 1329 2416 est,
1356 2341 1450 2406 modo
1472 2343 1505 2405 in
1530 2343 1711 2407 breviorem
1735 2342 1874 2406 formam

685 2454 845 2514 contracta
875 2448 948 2511 fuit.
978 2446 1107 2531 Itaque,
1132 2449 1194 2510 nisi
1217 2467 1299 2512 3333
1322 2450 1441 2531 species
1463 2432 1644 2523 meludit,
1670 2447 1874 2513 Florentinus

684 2555 781 2620 codex
804 2574 840 2618 ac
864 2552 993 2637 proinde
1017 2553 1237 2639 fragmentum
1260 2549 1490 2619 carenitanum
1513 2553 1665 2617 exhibent
1683 2575 1746 2618 oon
1765 2555 1876 2638 primi-

687 2663 789 2724 tivam
820 2656 946 2723 fabulae
970 2658 1106 2722 formam
1131 2657 1185 2722 331
1209 2663 1431 2735 retractatam,
1456 2657 1617 2723 nonnullis
1640 2661 1747 2723 minus
1771 2680 1876 2723 33333-

685 2767 775 2829 sariis
799 2766 935 2828 omissis.
960 2762 1044 2827 Hinc
1068 2763 1232 2828 evidenter
1254 2767 1458 2848 consequitur
1481 2786 1544 2829 333
1567 2764 1712 2829 13331333
1732 2761 1877 2830 Oharito

686 2891 759 2935 uem
779 2875 849 2954 post
868 2871 1001 2932 initium
1022 2867 1141 2933 saeculi
1160 2867 1293 2933 alterius
1312 2871 1492 2954 poteritque
1512 2872 1581 2934 eius
1600 2876 1687 2935 aetas
1706 2873 1784 2934 satis
1804 2876 1874 2935 tuto

684 2975 795 3041 referri
819 2974 858 3038 ad
881 2980 1025 3058 tempora
1048 2972 1175 3038 Traiani
1183 2994 1191 3050 ;
1217 2981 1313 3058 atque
1336 2977 1381 3039 313
1406 2975 1572 3040 commode
1596 2974 1773 3059 explicatur
1792 2975 1876 3056 Ulpii

685 3079 866 3147 Charitonis
896 3101 1011 3144 nomen
1043 3082 1075 3142 in
1105 3082 1313 3165 inscript-ione
1343 3101 1440 3164 quam
1463 3102 1558 3165 supra
1580 3081 1804 3146 iudicavimus.
1830 3119 1872 3131 —

686 3187 748 3251 Hic
783 3185 931 3269 equidem
965 3185 1121 3262 subsist03
1158 3185 1212 3250 sed
1244 3187 1340 3270 periti
1370 3186 1490 3251 iudices
1521 3185 1692 3271 aliquando
1723 3195 1876 3272 quaerent

685 3291 844 3378 quomodo
867 3290 900 3353 id
924 3289 1007 3374 quod
1032 3293 1215 3374 posuimus,
1240 3293 1408 3355 conveniat
1431 3313 1505 3355 cnm
1525 3294 1565 3356 113
1586 3313 1666 3375 3333
1685 3292 1724 3357 13
1743 3291 1875 3376 reliquie

685 3396 822 3461 Eroticis
853 3396 1062 3479 scriptoribus
1094 3398 1162 3459 3133
1193 3416 1231 3458 ex
1262 3398 1356 3459 certis
1379 3396 1507 3460 indiciis
1530 3398 1686 3473 sciamus,
1716 3400 1784 3462 3133
1806 3419 1878 3482 pro·

685 3500 834 3567 habiliter
857 3501 1072 3565 ratiocinando
1096 3502 1333 3565 coniecerimus.

732 3605 817 3670 illud
854 3627 989 3690 quoque.
1029 3607 1103 3669 fort
1137 3629 1168 3669 re
1202 3606 1295 3682 11331,
1335 3612 1373 3670 31
1409 3604 1496 3671 Galli
1529 3605 1716 3690 loquuntur.
1760 3607 1878 3693 Incipit

687 3711 868 3780 Charitonis
901 3713 1032 3795 quintus
1063 3710 1162 3776 liber:
1200 3711 1263 3781 Ὡς
1295 3711 1351 3783 μὲν
1383 3712 1525 3787 ἐγαμήθη
1558 3712 1729 3792 Καλλιρρόη
1762 3714 1877 3794 xersen

687 3924 828 4011 plurima
859 3943 939 4007 quae
971 3922 1146 3986 describere
1174 3943 1236 3986 non
1259 3928 1369 3999 vacat,
1394 3925 1498 3985 caira
1524 3923 1618 4001 ἐντῷ
1643 3921 1876 4003 3313133133

590 4016 592 4019 ’
689 4030 869 4104 detinerer.
894 4027 1002 4092 Etiam
1022 4036 1153 4093 3313333
1171 4026 1253 4092 liber
1271 4026 1422 4092 similiter
1440 4030 1554 4111 incipit
1575 4034 1607 4092 et
1627 4030 1702 4094 haec
1722 4032 1749 4093 31
1769 4033 1877 4114 pueris

687 4140 720 4202 13
745 4136 915 4223 gymnasio
939 4132 1089 4198 13333133
1110 4132 1264 4217 legenda,
1290 4135 1400 4197 statim
1425 4140 1631 4218 agnoscerent
1654 4134 1878 4219 Xenophontis

687 4244 913 4306 imitationem.
944 4239 1012 4304 Iam
1043 4242 1118 4302 3331
1149 4237 1234 4302 13331
1258 4238 1645 4314 333133333131311313,
1670 4260 1750 4323 3333
1774 4243 1875 4304 33331·

687 4350 750 4412 3131
785 4347 871 4411 13311
902 4346 963 4409 sihi
993 4348 1217 4429 persuaserunt
1246 4341 1319 4406 illas
1350 4343 1642 4422 ἁνακεφαλαιώσεις
1674 4347 1708 4407 13
1739 4345 1879 4409 Anabasi

687 4471 755 4515 3333
779 4454 920 4535 spurias,
945 4469 1007 4534 qua
1027 4448 1065 4512 de
1085 4468 1118 4512 re
1139 4447 1261 4511 Bittius
1280 4447 1403 4512 consuli
1422 4451 1543 4533 poterit
1562 4449 1629 4512 Dae
1648 4449 1759 4512 Antike
1779 4449 1879 4512 Buch-

688 4577 780 4617 weaen
804 4576 834 4638 p.
860 4555 935 4619 464.
960 4553 1117 4638 Equidem
1142 4574 1204 4617 non
1227 4572 1389 4639 repugno:
1415 4554 1469 4618 sed
1489 4575 1573 4619 nunc
1597 4554 1728 4619 demum
1747 4563 1879 4638 apparet

689 4679 787 4743 quam
822 4661 886 4722 3131
915 4658 989 4723 11133
1020 4656 1279 4742 interpolationes
1311 4664 1475 4736 vetustae,
1517 4680 1596 4744 quae
1630 4658 1758 4723 Traiani
1792 4667 1878 4725 certe

689 4763 887 4847 temporibus
909 4765 973 4826 iam
997 4767 1031 4827 13
1055 4763 1217 4828 codicibus
1238 4764 1529 4829 circumferrentur.
