5125 6150
1154 836 1404 885 menomenae.
1828 821 1870 887 45

735 1003 788 1069 Ve.
814 1003 890 1069 813.

735 1108 777 1190 ,ct
795 1109 885 1181 πίλις
898 1108 1046 1187 Ἄργους,
1064 1107 1165 1172 κλύεθ’
1179 1102 1228 1173 οίσι
1239 1108 1359 1186 λίχει”.
1382 1108 1419 1174 σὺ
1433 1118 1641 1188 Θεμιστοκλεῖ
1650 1110 1870 1193 ἀντιφερίζεις

734 1210 765 1289 ὃς
788 1218 926 1289 ἐποίησεν
948 1219 1002 1288 τίον
1026 1215 1115 1279 πίλιιι
1140 1217 1223 1290 ἡμῶν
1246 1216 1421 1294 μεσσνίν,
1444 1216 1532 1294 εὑρὼν
1556 1219 1711 1298 ἐπιχειλῆ.

683 1322 770 1390 Cum
801 1326 940 1409 antiquis
971 1324 1191 1409 grammaticis
1223 1323 1369 1401 ἐπιχειλῆ
1400 1321 1588 1409 intellegens
1621 1323 1707 1388 ἐνδεᾶ
1731 1327 1798 1390 eive
1822 1325 1871 1389 ε’λ-

684 1438 780 1504 λειπνῑ
802 1434 868 1494 iam
892 1450 970 1515 ego,
990 1428 1074 1514 qnod
1093 1428 1179 1493 idem
1197 1435 1342 1513 repetens
1363 1431 1511 1515 ignorare
1531 1429 1659 1496 videtur
1678 1429 1871 1510 vLeeuwen,

685 1558 744 1622 pro
775 1538 890 1611 μεσιίςν
922 1534 1000 1600 olim
1033 1514 1182 1620 propoe⁰ui
1211 1536 1421 1613 μεγοίλνιν,
1453 1536 1536 1621 quod
1567 1544 1728 1622 praeterea
1758 1536 1870 1602 suadet

684 1646 869 1728 oppoeitum
899 1643 1209 1720 μικροπολίτας.
1241 1641 1468 1708 Themistoclea
1499 1644 1612 1708 urbem
1636 1664 1731 1728 qnam
1756 1641 1870 1708 ineolis

683 1771 748 1812 non
789 1748 998 1813 sufficientem
1033 1750 1217 1825 invenerat,
1252 1768 1404 1834 magnam
1440 1748 1594 1826 reddidit,
1630 1747 1726 1815 Cleon
1761 1757 1870 1815 eontra

683 1875 782 1940 quam
801 1876 952 1941 magnam
973 1860 1152 1939 aooeperat,
1173 1875 1304 1939 parvam
1324 1854 1483 1920 reddebat.
1504 1855 1590 1920 Num
1611 1876 1686 1922 vero
1706 1861 1871 1941 propterea

684 1983 765 2047 opus
790 1963 831 2024 eit
854 1964 1046 2047 gravissima
1069 1963 1246 2026 mutatione
1270 1962 1394 2039 οίγοιίιῖιν
1414 1963 1443 2026 π’
1463 1965 1608 2042 ἐπιχειλῆ
1627 1983 1723 2048 quam
1744 1965 1871 2027 etiamsi

683 2089 759 2132 oum
784 2067 981 2145 Willemeio,
1006 2089 1102 2153 quem
1125 2065 1279 2152 seqnitur,
1304 2068 1449 2149 ἐπιχειλῆ
1472 2091 1594 2133 vomam
1612 2071 1869 2153 interpretemur,

682 2196 746 2240 non
778 2173 949 2261 intellego,
982 2175 1093 2239 dubito
1123 2172 1283 2251 multum,
1314 2174 1530 2260 traditumque
1553 2177 1758 2262 participium
1783 2176 1870 2256 εὑριίν

682 2283 897 2345 neceesarium
920 2302 987 2346 eeee
1006 2281 1142 2345 arbitror
1149 2301 1157 2358 ;
1179 2279 1398 2365 ampliandum
1420 2301 1548 2346 cenaene
1569 2282 1607 2346 de
1630 2301 1702 2347 vera
1721 2281 1872 2348 adieetivi

684 2386 926 2472 significatione.
962 2387 1143 2452 Leeuwenii
1175 2389 1356 2452 coniectura
1384 2390 1431 2451 ita
1461 2387 1684 2452 tantummodo
1707 2408 1783 2453 vera
1805 2409 1871 2454 ease

685 2498 810 2578 poeeet,
834 2494 861 2557 ei
885 2500 1042 2558 constaret
1066 2493 1209 2572 ἐπιχειλῆ
1228 2493 1351 2574 plenam
1372 2496 1572 2578 interpretari
1594 2492 1699 2559 lioere.

732 2672 785 2738 Vs.
810 2673 886 2739 853.
978 2674 1103 2746 τούτους
1127 2675 1159 2739 δέ
1183 2680 1431 2753 περιοικοῦσι
1456 2682 1680 2752 μελιτοπῶλαι.

685 2777 883 2848 coniecturis
913 2779 1019 2846 ellatie
1050 2781 1122 2846 addi
1153 2780 1262 2846 debuit
1285 2802 1356 2846 mea
1379 2783 1491 2847 oeterie
1514 2783 1662 2848 omnibus
1684 2781 1786 2849 lenior
1808 2807 1870 2850 πε-

686 2893 894 2968 ρινχοῦοι,
925 2890 999 2972 quia
1030 2891 1146 2972 passim
1178 2911 1202 2952 οι
1233 2892 1265 2952 et
1297 2913 1331 2966 ν,
1362 2893 1485 2968 κεοχ
1514 2888 1695 2955 alibreriie
1718 2891 1867 2956 confundi

686 3000 818 3060 oonetat.
839 2994 901 3060 Sed
920 2993 989 3059 fieri
1006 3000 1112 3079 potest
1131 3000 1168 3059 ut
1187 3001 1271 3060 reete
1291 2995 1392 3060 editor
1410 2996 1545 3061 verbum
1565 2997 1720 3062 traditum
1741 3004 1870 3064 tueatur

687 3100 874 3167 rheenwen.

732 3289 784 3355 Ve.
809 3289 885 3354 934.
977 3287 1118 3354 σπεύδειν
1141 3286 1222 3361 ὅπως
1245 3295 1302 3354 σῶν
1326 3290 1465 3356 σεοίίδοο

978 3395 1175 3473 ἐμπλήμενος
1199 3395 1315 3476 φίοιίνις
1338 3395 1382 3461 ἐπ’
1406 3397 1450 3470 είς

980 3502 1145 3576 εἰιιιλιςοίοιν
1169 3502 1312 3568 ε’λίεΐιι.

687 3606 801 3672 Veneti
823 3606 937 3672 oodioie
959 3605 1128 3674 lectionem
1152 3604 1270 3672 ε’λίοίν
1294 3608 1396 3673 editor
1418 3611 1554 3694 reoepit,
1577 3608 1765 3698 intellegens
1787 3610 1867 3687 ίπονς

686 3714 802 3794 φίοιίνις
826 3714 870 3776 ἔπ’
895 3714 984 3778 ε’λίιδν
1009 3715 1050 3786 είς
1077 3718 1130 3787 τὴν
1154 3713 1320 3788 ἐκκλησίοον
1345 3716 1551 3790 ἐμπλήμενος.
1583 3714 1645 3781 Sed
1668 3718 1717 3785 fao
1740 3720 1869 3787 admitti
1979 3717 1982 3722 ⁵

685 3841 776 3906 poeee
806 3821 977 3886 verborum
1002 3820 1145 3886 ordinem
1168 3841 1281 3905 pamm
1305 3819 1500 3900 naturalem,
1523 3818 1586 3887 looi
1608 3829 1782 3906 sententia,
1806 3830 1870 3894 nisi

684 3927 787 4005 fallor,
821 3928 896 3993 huie
925 3925 1056 3993 lectioni
1085 3928 1200 3992 obstat.
1233 3925 1345 3994 Cleoni
1369 3930 1454 3993 enim
1477 3928 1536 3994 hoo
1558 3930 1720 4017 agendum
1743 3940 1810 3999 erat
1833 3942 1869 4000 ut

684 4056 724 4098 ne
754 4056 823 4100 eero
853 4037 976 4099 veniret
1006 4037 1041 4098 in
1072 4035 1219 4111 comitia,
1254 4055 1316 4098 non
1347 4040 1384 4098 ut
1413 4037 1502 4116 priua
1532 4041 1642 4122 (quam
1672 4060 1752 4124 opue
1773 4048 1868 4121 eseet)

685 4143 817 4205 veniret.
849 4140 1048 4225 Quapropter
1075 4139 1312 4225 praeferendam
1343 4141 1478 4207 arbitror
1501 4141 1693 4208 Ravennatis
1716 4149 1748 4209 et
1771 4144 1870 4231 plero-

682 4268 819 4331 rumque
850 4244 1007 4311 librorum
1038 4247 1248 4331 scripturam,
1280 4248 1348 4312 eive
1379 4243 1422 4311 ἔπ’
1446 4268 1574 4313 meeum
1596 4251 1630 4313 in
1654 4250 1722 4330 πρίν
1745 4257 1868 4316 mutan·

685 4353 764 4418 dum
798 4360 863 4430 eet,
896 4356 964 4418 eive
995 4356 1013 4427 ἢ
1044 4353 1086 4426 είς
1119 4354 1322 4419 scribendum
1345 4374 1419 4420 oum
1441 4353 1593 4435 Zaohero,
1617 4356 1702 4442 quod
1725 4379 1808 4423 nuno
1831 4364 1869 4422 ut

684 4459 790 4526 lenius
813 4458 1028 4546 praetulerim.

731 4647 784 4716 Vs.
809 4649 906 4715 1399.
931 4651 973 4714 σοδ
998 4651 1100 4716 ιιιίνεισι
1123 4650 1235 4728 μιγνὺς
1259 4659 1323 4725 σοῖς
1345 4651 1445 4725 ίνείοις
1470 4652 1723 4734 πράγμασιν.

684 4752 751 4824 Gur
782 4760 922 4823 oonioere
953 4778 1048 4822 ausus
1078 4760 1140 4823 eim
1164 4760 1453 4842 <σ>ιίχμιισιν,
1475 4761 1712 4847 foraminibus,
1734 4767 1866 4848 exposui

682 4885 785 4950 nuper
806 4867 841 4929 in
865 4864 1090 4952 Mnemosynen
1113 4864 1177 4932 vol.
1203 4864 1325 4944 XXIX,
1350 4872 1430 4953 part.
1455 4866 1495 4932 Π.
