5125 6150
710 826 777 895 350
1078 842 1120 889 sn
1144 841 1373 888 sarsrerunrus
1396 842 1532 889 rnurnu.

799 1008 881 1075 λίθον
899 1007 1052 1086 οθμεγίθη
1071 1009 1144 1086 πρὸς
1161 1016 1199 1089 τῇ
1219 1011 1361 1088 κεφαλῇ·
1381 1010 1529 1073 σιτεῖσθαι
1549 1008 1586 1085 δ’,
1605 1006 1674 1073 οίντί
1694 1009 1751 1086 μὲν
1769 1008 1871 1090 ἄρτον

798 1115 955 1197 μαλοίχης
973 1113 1127 1195 πτθρίους,
1146 1112 1214 1178 sieri
1233 1113 1264 1178 δὲ
1283 1111 1386 1194 μάζης
1403 1115 1532 1194 Φυλλεῖ
1549 1114 1662 1193 ίσχνῶν
1681 1115 1877 1196 ῥαφανίδων·

710 1223 774 1288 545
799 1223 867 1288 οίντί
889 1222 920 1287 δὲ
937 1221 1043 1301 θροίνον
1060 1221 1200 1297 στοίμνου
1217 1222 1361 1300 κεφαλῶν
1378 1218 1584 1299 κατεαγθτος,
1603 1220 1672 1286 οίντί
1685 1221 1717 1287 δὲ
1729 1222 1877 1304 μοίκτρας

797 1326 944 1402 πιθοίκνης
969 1325 1117 1406 πλευροίν,
1142 1326 1306 1405 ἐρρωγυῖαν
1331 1325 1383 1390 καί
1408 1324 1535 1399 ταύτην.
1558 1320 1619 1406 σίροί
1643 1350 1684 1404 γε
1708 1335 1832 1392 πολλῶν

798 1437 924 1513 ἀγαθῶν
947 1437 1043 1499 πᾶσιν
1067 1440 1129 1504 τοῖς
1154 1432 1316 1510 οίνθρῶποις
1341 1431 1507 1510 οίπσφαίνιο
1530 1435 1560 1496 τ’
1583 1431 1680 1497 αίτιον
1703 1430 1796 1499 οὖσαν
1804 1455 1812 1513 ;

751 1540 894 1606 Tandem
924 1539 963 1605 ad
994 1537 1068 1604 illos
1091 1557 1202 1604 versus
1226 1541 1418 1622 perventum
1441 1542 1506 1615 est,
1531 1559 1667 1623 quorum
1692 1559 1788 1604 causa
1811 1540 1899 1605 hunc

705 1647 814 1712 locum
843 1647 950 1731 tetigi.
981 1643 1034 1710 Sic
1065 1645 1169 1731 igitur
1197 1645 1273 1709 haec
1297 1645 1406 1708 omnia
1428 1644 1604 1728 procedunt
1627 1681 1670 1694 -
1694 1666 1796 1731 neque
1820 1649 1899 1711 novi

704 1753 783 1839 quid
810 1772 895 1817 nnnc
918 1752 1040 1829 dicam,
1063 1770 1140 1815 nam
1162 1750 1286 1814 dnobus
1307 1749 1420 1814 abhinc
1444 1749 1579 1815 saeculis
1601 1771 1716 1815 verum
1738 1751 1900 1819 indicavit

706 1858 838 1945 Bergler
862 1878 921 1922 -:
953 1856 992 1922 σὺ
1020 1855 1121 1922 θθναιο
1145 1855 1183 1922 ῶν
1206 1855 1327 1934 πορίσαι
1351 1855 1530 1935 κολοσυρτὸν
1553 1857 1718 1937 παιδαρίων
1743 1857 1795 1922 καί
1822 1882 1900 1942 γρα-

704 1963 783 2041 δίυν,
812 1963 866 2029 καί
898 1962 970 2043 πρθς
995 1962 1113 2034 τούτοις
1137 1960 1221 2041 ἔχειν
1243 1961 1362 2042 Φορμθν
1385 1963 1469 2042 (μὲν)
1495 2010 1565 2048 ...,
1591 1964 1672 2028 λίθον
1698 1963 1729 2028 δὲ
1756 2011 1830 2043 ...,
1856 1990 1900 2031 σι-

703 2071 822 2135 τεῖοθαι
843 2067 874 2134 di
892 2117 900 2133 .
916 2115 923 2134 .
938 2116 965 2152 .,
985 2069 1128 2148 κεφαλῶν
1148 2067 1178 2133 δὲ
1199 2066 1303 2146 θριίνου
1324 2117 1353 2135 ..
1369 2115 1397 2146 .,
1417 2069 1553 2147 πλευρῶν
1566 2069 1597 2133 δὲ
1610 2070 1757 2145 πιθάκνης
1771 2072 1839 2136 κτὲ.
1855 2111 1896 2122 -

702 2174 843 2240 Verbum
866 2175 987 2253 πορίσαι
1012 2173 1148 2239 adscivit
1171 2174 1295 2239 obiecta
1317 2173 1396 2238 duo:
1422 2177 1643 2240 accusativum
1663 2178 1845 2256 κολοσυρτθν
1865 2184 1900 2244 et

700 2280 899 2346 infinitivum
934 2281 1124 2360 (accusativi
1153 2281 1257 2344 vicem
1289 2279 1475 2359 obeuntem)
1506 2278 1600 2360 ἔχειν,
1633 2300 1652 2345 a
1683 2282 1780 2348 verbo
1809 2281 1898 2366 ἔχειν

701 2392 809 2451 autem
843 2406 995 2471 suspensa
1026 2390 1103 2449 sunt
1133 2387 1263 2449 nomina
1294 2384 1429 2466 φορμίς,
1455 2384 1555 2464 λίθος,
1580 2387 1725 2468 κεφαλή,
1752 2389 1897 2470 πλευρά,

701 2503 734 2557 et
764 2491 946 2557 infinitivus
977 2491 1126 2556 σιτεῖσθαι
1151 2495 1324 2569 (κοῖτος).
1356 2490 1483 2556 Dicitur
1505 2512 1589 2557 nune
1612 2490 1697 2571 ἔχειν
1719 2497 1896 2575 σιτεῖσθαι,

700 2603 738 2662 ut
761 2596 838 2663 alibi
861 2596 911 2670 θίς
934 2596 1025 2663 κθσαι
1048 2595 1101 2662 vel
1124 2597 1138 2660 θ
1162 2592 1237 2668 σίνος
1263 2594 1334 2670 sidric
1358 2596 1424 2660 ἔστι
1447 2603 1539 2662 πιεῖν.

744 2703 843 2770 Nullo
864 2706 969 2791 igitur
991 2705 1071 2771 vitio
1094 2703 1211 2768 horum
1234 2723 1390 2768 versuum
1411 2707 1574 2770 structura
1595 2703 1729 2770 laborat.

742 2917 861 2983 Levior
882 2922 931 2982 est
953 2918 1097 3002 quaestio
1120 2935 1200 3001 quae
1224 2916 1363 3000 pertinet
1386 2915 1426 2981 ad
1450 2938 1498 2981 vs.
1525 2915 1609 2984 587:

788 3022 891 3090 οθιιουν
916 3023 1013 3105 τοθτςο
1037 3022 1132 3099 diros
1156 3022 1243 3097 δηλοῖ
1263 3026 1360 3101 τιμῶν
1384 3021 1435 3087 τὸν
1458 3027 1590 3089 πλοῦτον
1614 3024 1749 3102 incisum

696 3131 891 3218 Chremylus
913 3128 1140 3216 Paupertatem
1164 3128 1201 3194 de
1224 3129 1302 3195 Iove
1324 3135 1426 3215 rogat.
1451 3130 1520 3209 Quo
1539 3129 1608 3196 loco
1629 3129 1750 3197 Onbeto
1772 3153 1889 3199 verum

695 3236 865 3306 videbatur.
894 3237 1031 3313 διῖλος,
1063 3242 1101 3301 ut
1131 3235 1195 3299 dici
1225 3233 1306 3300 solet
1336 3234 1423 3300 alibi.
1455 3235 1527 3300 Non
1559 3241 1666 3300 tamen
1690 3236 1785 3302 video
1811 3239 1887 3323 quid

694 3345 804 3408 vitiosi
834 3345 877 3407 sit
906 3344 939 3406 in
969 3339 1104 3407 lectione
1134 3340 1286 3426 vulgata,
1307 3361 1382 3405 cnm
1406 3340 1593 3404 accusativus
1616 3346 1699 3407 certe
1723 3346 1887 3430 participii

692 3450 727 3514 in
746 3447 902 3513 eiusmodi
923 3449 1096 3512 enuntiatis
1116 3451 1148 3511 et
1167 3446 1253 3531 apud
1273 3445 1351 3511 alios
1370 3449 1412 3511 sit
1430 3447 1578 3532 frequens
1593 3452 1626 3513 et
1638 3447 1723 3532 apud
1737 3456 1885 3516 nostrum

692 3554 736 3617 sit
759 3551 860 3617 lectus
883 3573 978 3637 supra
1002 3558 1063 3632 (vs.
1088 3551 1186 3631 269):
1338 3559 1340 3563 “

783 3658 884 3732 δηλοῖς
907 3661 970 3739 γὰρ
994 3659 1088 3724 αὐτὸν
1110 3658 1201 3736 σωρὸν
1226 3655 1308 3733 ίὶκειν
1331 3656 1503 3739 χρημάτων
1527 3656 1654 3737 ἔχοντα.

691 3764 834 3829 Ismenus
858 3770 967 3829 autem
988 3763 1183 3851 Sophocleae
1202 3766 1230 3827 si
1249 3762 1343 3829 licuit
1362 3762 1481 3829 dicere:
1503 3765 1604 3837 δηλοῖς
1623 3787 1653 3828 τι
1674 3768 1881 3847 ιιαλγραίνουσΙ

692 3870 781 3948 θπος,
813 3875 846 3936 et
875 3869 1075 3957 Thucydidi:
1108 3870 1122 3933 θ
1147 3868 1282 3946 πίλεμος
1307 3864 1392 3941 οὗτος
1497 3870 1554 3933 σῖτ’
1579 3870 1679 3935 αὐτῶν
1703 3878 1763 3936 τῶν
1787 3872 1881 3952 ἔργον

691 3979 836 4041 σκοποῦσι
859 3975 985 4050 θηλιθσει
1010 3972 1120 4055 μείζων
1144 3981 1202 4040 τῶν
1225 3976 1354 4054 τροιίκῶν
1376 3973 1599 4052 γεγενημένος,
1625 3976 1737 4059 quidni
1761 3978 1882 4044 Ariste

690 4083 788 4167 phani
815 4081 944 4147 licuerit
966 4082 1077 4147 eadem
1100 4082 1272 4147 verborum
1296 4087 1457 4146 structura
1481 4084 1548 4158 uti,
1572 4083 1606 4146 in
1630 4102 1667 4147 es
1690 4088 1881 4167 praesertim

689 4187 797 4253 fabula
826 4190 918 4253 cuius
949 4188 1045 4254 dictio
1069 4187 1243 4274 peculiaria
1265 4188 1381 4252 habeat
1404 4186 1518 4251 multa.
1543 4186 1675 4251 Accedit
1699 4194 1812 4254 autem
1837 4212 1882 4256 ar·

689 4298 883 4380 gumentum
916 4296 1048 4359 minime
1079 4292 1368 4358 contemnendum:
1400 4292 1503 4358 οὔκουν
1535 4290 1626 4366 θῖλθς
1658 4294 1751 4373 (ἐστι)
1784 4302 1880 4373 τιμῶν

688 4398 864 4485 significat:
885 4421 981 4463 ιιοιιαο
1001 4399 1096 4480 icitur
1115 4406 1241 4481 apparet
1260 4422 1323 4463 escas
1345 4447 1397 4463 ...
1418 4398 1658 4482 neuquifcccrc?
1677 4397 1782 4465 οθκουν
1795 4401 1881 4477 δηλοῖ

687 4512 784 4586 τιμῶν
806 4504 892 4570 idem
914 4504 1001 4570 valet
1023 4505 1125 4591 quod:
1146 4505 1249 4571 οθκουν
1268 4505 1356 4581 δηλοῖ
1372 4506 1480 4570 ἑαυτὸν
1500 4511 1648 4582 τιμῶντα,
1668 4528 1766 4570 nenne
1785 4509 1878 4589 θριῗίαι

687 4612 815 4676 ostendit
845 4614 898 4691 (iis
930 4631 1010 4695 quae
1041 4610 1137 4676 modo
1159 4610 1240 4690 dixi)
1263 4610 1364 4691 ιιιοριοί
1386 4633 1417 4673 ss
1433 4610 1569 4694 facere?
1598 4609 1689 4689 Quod
1713 4611 1876 4698 aliquanto

685 4718 828 4781 vividius
858 4722 906 4780 est
936 4720 1149 4782 enuntiatum.
1182 4716 1264 4781 Illud
1297 4721 1365 4781 erat
1395 4715 1518 4801 placide
1550 4719 1712 4802 rogantis,
1744 4719 1806 4785 hnc
1830 4730 1876 4787 est

685 4840 849 4886 assensum
872 4824 1099 4906 extorquentis.
