5125 6150
693 760 757 825 114
1189 778 1372 825 utmrrts.

689 952 793 1008 cetera
811 965 867 1029 per
885 944 1087 1029 parenthesin
1106 943 1189 1007 dicta
1209 944 1317 1006 suut.'’
1339 942 1447 1019 Recte,
1467 947 1529 1007 uisi
1547 943 1651 1007 fallor.
1673 941 1767 1009 Certe
1779 943 1869 1008 facile

688 1054 872 1137 agnoscitur
895 1052 969 1113 enin
994 1051 1108 1114 habere
1132 1053 1198 1113 rim
1223 1049 1394 1114 causalem.

735 1154 819 1222 Cum
843 1158 902 1221 hoc
926 1156 994 1222 loco
1017 1156 1264 1241 comparandum
1288 1174 1337 1220 est
1359 1156 1445 1240 quod
1467 1155 1590 1242 legitur
1611 1160 1690 1222 Aen.
1711 1156 1844 1222 1574:

828 1267 930 1348 Atque
955 1264 1006 1327 hic
1031 1266 1170 1327 Aeneam
1194 1285 1311 1348 magua
1334 1280 1383 1326 ter
1405 1284 1481 1327 soce
1505 1267 1645 1327 vocavit.

823 1370 945 1434 ‚leneas
969 1369 1134 1455 sadguorit
1158 1373 1257 1449 euim)
1279 1368 1446 1454 laetusque
1468 1388 1632 1454 precatur:

689 1474 789 1540 Verba
818 1497 897 1560 quae
921 1492 994 1558 suut
1018 1477 1159 1555 adquorit
1180 1478 1255 1538 enim
1282 1497 1337 1561 per
1359 1477 1560 1561 parenthesin
1583 1476 1668 1541 dicta
1687 1497 1755 1541 esse
1778 1475 1869 1542 facile

688 1581 921 1657 concederetur,
956 1584 1016 1645 nisi
1047 1585 1191 1666 proxima
1221 1585 1441 1646 coniunctione
1471 1605 1526 1666 quc
1556 1592 1660 1647 esseut
1690 1585 1867 1647 coniuncta.

686 1685 810 1751 Similis
840 1691 1031 1751 constructio
1062 1690 1225 1751 iuvenitur
1246 1686 1273 1745 Y
1298 1686 1487 1763 tot-703,
1518 1687 1573 1752 sed
1605 1689 1724 1772 ibique
1745 1686 1868 1752 facilius

686 1812 857 1859 excusatur
881 1806 950 1879 post
974 1794 1151 1880 longiorem
1176 1795 1378 1879 parenthesin
1401 1812 1432 1859 et
1456 1795 1637 1860 subiectum
1656 1798 1845 1880 repetitum:

822 1900 907 1965 Tum
931 1904 1034 1966 senior
1057 1901 1182 1976 stantes,
1207 1923 1308 1965 unum
1331 1899 1474 1964 'l'ritonia
1498 1899 1604 1965 Pallas

821 2029 918 2092 quem
942 2007 1048 2071 docuit
1073 2006 1240 2092 multaque
1263 2010 1426 2093 insignem
1450 2007 1586 2071 reddidit
1611 2024 1679 2073 arte

821 2114 893 2177 (hac
917 2134 1064 2198 responsa
1087 2112 1180 2176 dabat
1205 2111 1258 2177 vel
1281 2135 1363 2197 quae
1386 2112 1586 2198 portenderet
1609 2117 1657 2178 ira

821 2241 939 2304 magua
962 2219 1058 2284 deum
1082 2218 1133 2283 vel
1157 2240 1238 2304 quae
1261 2220 1399 2283 fatorum
1421 2232 1562 2304 posceret
1585 2219 1674 2297 ordo)

820 2330 904 2410 isque
926 2325 976 2389 his
1000 2328 1125 2390 Aenean
1149 2324 1268 2389 solatus
1293 2326 1426 2389 vocibus
1448 2324 1535 2390 infit:

730 2431 924 2498 Ribbeckius
953 2434 987 2495 in
1011 2432 1149 2497 editione
1172 2434 1282 2496 critica
1306 2434 1428 2495 minore
1449 2432 1570 2495 confert
1593 2430 1635 2495 vl
1660 2430 1736 2507 317,
1760 2431 1868 2497 locum

685 2560 781 2624 supra
810 2559 828 2603 a
859 2559 909 2603 me
933 2537 1110 2613 laudatum,
1135 2537 1190 2602 sed
1213 2539 1258 2602 ibi
1277 2560 1333 2621 quc
1351 2535 1478 2623 copulat
1497 2537 1561 2601 duo
1580 2541 1747 2623 participia
1766 2560 1868 2623 neque

685 2644 814 2712 offendit
838 2647 1041 2709 constructio.
1066 2642 1168 2707 Miror
1191 2660 1299 2707 autem
1322 2642 1471 2707 Servium
1494 2641 1611 2717 locum,
1635 2643 1674 2708 de
1697 2664 1760 2728 quo
1782 2665 1867 2708 nunc

685 2751 772 2821 dico.
804 2771 866 2814 non
897 2752 1141 2834 interpretatum
1168 2769 1246 2825 esse,
1270 2769 1466 2834 quamquam
1489 2748 1568 2813 alios
1589 2748 1684 2825 locos,
1710 2750 1766 2813 ubi
1791 2750 1868 2815 enim

684 2854 904 2921 difficultatem
933 2856 1045 2929 babet,
1082 2876 1143 2918 non
1174 2857 1398 2940 praetermisit.
1430 2853 1569 2919 Aliudnc
1598 2854 1681 2941 legit
1712 2853 1867 2921 fortasse?

685 2962 863 3028 Deteriores
893 2962 1022 3047 quidem
1044 2960 1121 3025 libri
1143 2982 1217 3025 cum
1241 2960 1388 3026 Palatino
1411 2960 1563 3025 dicuntur
1585 2962 1700 3027 habere
1723 2986 1785 3026 eum
1809 2984 1867 3048 pro

684 3070 772 3147 euim,
801 3066 885 3155 quod
915 3077 1016 3133 totam
1048 3066 1268 3133 difficultatem
1299 3066 1401 3144 tollit,
1434 3089 1489 3132 nec
1512 3066 1645 3132 alteram
1669 3068 1768 3144 affert,
1792 3091 1866 3135 nam

684 3197 774 3241 casus
797 3174 946 3260 obliquus
967 3176 1063 3239 huius
1088 3177 1285 3258 pronominis
1302 3194 1530 3258 nonnunquam
1550 3173 1628 3238 alibi
1647 3196 1771 3261 quoque
1789 3174 1870 3262 legi-

684 3291 747 3358 tur,
772 3291 810 3346 ut
831 3291 945 3346 uotum
970 3288 1036 3357 est,
1062 3283 1139 3345 Aen.
1164 3279 1179 3344 l
1204 3280 1280 3357 423,
1305 3277 1447 3344 1v479.

729 3387 762 3452 Si
795 3409 879 3464 vero,
911 3389 1099 3452 auctoritate
1131 3390 1326 3472 optimorum
1360 3386 1505 3454 codicum
1527 3387 1620 3463 freti,
1645 3389 1721 3451 enim
1744 3411 1869 3454 servan-

683 3493 761 3557 dum
792 3507 953 3579 putamus,
986 3494 1043 3557 hoc
1074 3513 1147 3557 sane
1179 3501 1303 3557 constat
1332 3513 1394 3557 uon
1417 3492 1511 3558 alitor
1533 3494 1614 3558 hanc
1637 3494 1784 3559 voculam
1807 3496 1867 3560 hoc

683 3599 752 3665 loco
771 3620 838 3664 esse
858 3598 1106 3685 intellegendam
1127 3611 1222 3684 atque
1240 3602 1274 3663 in
1287 3600 1337 3663 his
1349 3599 1427 3664 locis
1440 3599 1618 3665 Ovidianis:
1634 3601 1713 3665 hiet.
1726 3600 1772 3664 XI
1784 3600 1866 3665 622:

1397 3706 1567 3791 cubitoque
1590 3704 1731 3782 levatus,

820 3810 896 3895 quid
919 3812 1028 3875 veniat
1050 3812 1215 3895 (cognovit
1238 3813 1349 3890 enim),
1373 3814 1516 3876 scitatur.

685 3925 717 3983 st
740 3916 767 3980 V
790 3915 873 3980 280:

821 4020 1084 4098 „Mnemonidas”
1110 4025 1275 4105 (cognorat
1293 4025 1402 4099 enim),
1428 4023 1634 4099 „consistite”
1658 4024 1755 4101 dixit,

685 4130 758 4206 uhi,
782 4127 866 4213 quod
889 4127 927 4191 ad
948 4136 1104 4202 metrum,
1126 4126 1257 4190 eandem
1278 4128 1382 4192 sedem
1404 4131 1599 4214 parenthesis
1619 4137 1751 4215 occupat
1770 4137 1865 4215 atque

684 4240 836 4300 inversu
861 4232 1059 4319 Vergiliano,
1084 4233 1121 4297 de
1146 4253 1207 4317 quo
1231 4236 1369 4318 agimus.

730 4343 790 4419 Qui
815 4341 873 4405 hoc
895 4339 963 4405 loco
987 4347 1019 4403 et
1043 4336 1202 4402 similibus
1225 4346 1340 4423 putant
1359 4340 1435 4402 enim
1455 4343 1524 4404 vim
1544 4342 1657 4406 habore
1677 4341 1865 4417 affirmandi,

687 4466 747 4509 non
772 4455 903 4529 possunt
927 4465 1044 4530 negare
1062 4441 1251 4529 particulam
1271 4468 1338 4506 nam
1358 4466 1482 4528 quoque
1502 4446 1617 4511 habere
1637 4447 1768 4510 eandem
1785 4450 1863 4524 vim,

685 4551 718 4614 id
742 4551 824 4634 quod
849 4551 994 4615 Haudius
1018 4549 1232 4614 demonstrare
1257 4557 1387 4614 conatus
1411 4565 1474 4628 est,
1498 4552 1562 4616 vol.
1587 4552 1629 4615 IV
1652 4574 1725 4638 pag.
1747 4553 1864 4637 9ssqq.

687 4655 819 4722 Kiihner
851 4658 940 4721 Ausf.
966 4654 1021 4722 Gr.
1046 4655 1075 4720 II
1100 4678 1129 4741 p.
1156 4655 1230 4720 721.
1263 4655 1353 4735 Quod
1377 4678 1472 4741 quam
1497 4657 1612 4725 falsum
1636 4662 1761 4724 sitnon
1786 4681 1865 4746 opus

685 4768 732 4828 est
757 4784 840 4827 nunc
863 4762 995 4827 ostendi.
