5125 6150
1105 843 1226 892 meras.
1657 790 1662 798 .
1691 827 1754 897 431

570 1005 638 1086 περὶ
664 1009 718 1070 τοῦ
739 1005 890 1082 διδομένου
911 1014 972 1077 τοῖς
994 1007 1154 1078 ἀδυνάτοις
1175 1008 1304 1085 ὀβολοῦ·
1326 1008 1406 1087 „Kal
1428 1011 1459 1072 τί
1477 1009 1586 1073 κωλύει
1608 1010 1690 1084 ὑμᾶς
1702 1010 1758 1087 μὲν

571 1113 761 1190 ὦΦελεῒσίαι
785 1113 827 1191 τῷ
861 1113 959 1192 ὀβολῷ
994 1114 1033 1185 ὥς
1066 1115 1163 1191 ὑγιεῖς
1192 1113 1299 1191 ὄντας,
1325 1114 1420 1195 τούτῳ
1443 1115 1473 1179 δὲ
1497 1115 1696 1195 ψηφίσασθαι
1719 1117 1757 1187 ὥς

569 1220 734 1299 ἀναπήρῳ
755 1219 862 1283 Petita
883 1227 958 1285 sunt
978 1220 1055 1285 haec
1078 1241 1117 1285 ex
1140 1221 1192 1286 Or.
1218 1220 1325 1285 XXIV
1350 1223 1368 1306 t
1390 1220 1441 1298 13,
1466 1221 1522 1286 ubi
1544 1223 1646 1286 nostri
1670 1220 1758 1286 codd.

569 1325 707 1391 habent:
733 1328 832 1389 καίτοι
852 1327 877 1390 εἰ
898 1331 988 1390 τοῦτο
1007 1328 1106 1391 πείσει
1129 1327 1214 1399 τινας
1236 1330 1328 1405 ὑμῶν,
1353 1324 1509 1405 ὦβουλη,
1535 1328 1567 1392 τί
1589 1352 1630 1405 με
1651 1327 1759 1392 κωλύει

568 1432 751 1510 κληροῦσθαι
771 1434 830 1497 τῶν
851 1432 934 1496 ἔνιίοι
957 1432 1124 1513 ιἰρχίντοον,
1149 1434 1200 1498 καί
1226 1433 1308 1511 ὑμᾶς
1334 1434 1407 1510 ἐμοῦ
1432 1436 1487 1509 μὲν
1512 1433 1685 1514 οἱφελὲσίαι
1709 1433 1759 1496 τίν

570 1537 682 1616 ίβολδν
705 1540 746 1610 ὥς
770 1539 977 1617 ὑγιαίνοντος,
1001 1541 1098 1617 τούτῳ
1121 1540 1152 1603 δὲ
1176 1540 1375 1619 ψηφίσασθαι
1397 1540 1518 1612 ποίντας
1537 1543 1574 1611 ὥς
1596 1540 1758 1627 &tandm

571 1646 717 1730 Apparet
735 1648 970 1730 comparatione
993 1648 1143 1711 instituta
1166 1666 1262 1730 quam
1287 1667 1434 1730 perversa
1457 1649 1521 1711 sint
1544 1667 1624 1731 quae
1647 1644 1760 1710 Suidas

571 1751 740 1838 praebeat,
770 1773 807 1817 eo
832 1755 937 1838 magis
961 1773 1108 1838 perversa
1130 1752 1213 1838 quod
1238 1755 1341 1837 primo
1365 1753 1481 1818 obtutu
1504 1755 1641 1838 speciem
1665 1773 1760 1838 quau-

572 1858 646 1923 dam
684 1860 836 1924 orationis
869 1859 948 1924 bene
984 1858 1179 1925 decurrentis
1214 1881 1289 1944 prae
1324 1881 1356 1923 se
1387 1860 1499 1924 ferant.
1532 1861 1672 1945 Apparet
1703 1859 1761 1924 hoc

570 1985 715 2051 quoque,
748 1964 802 2029 vel
833 1967 1063 2051 corruptiorem
1095 1986 1191 2050 quam
1222 1987 1305 2031 nunc
1336 1966 1560 2030 circumfertur
1590 1968 1623 2030 in
1647 1967 1762 2030 nostris

569 2070 664 2136 libris
688 2093 745 2136 nos
769 2071 901 2158 Lysiam
926 2073 1023 2136 fuisse
1043 2070 1196 2149 lecturos,
1217 2074 1359 2156 siquem
1380 2072 1520 2137 codicem
1539 2070 1653 2137 Suidas
1673 2092 1762 2136 usur-

571 2180 664 2264 pavit
695 2177 733 2242 ad
765 2185 873 2243 nostra
904 2185 1047 2264 tempora
1078 2177 1164 2243 solus
1189 2181 1394 2262 pervenisset.
1408 2160 1411 2167 ¹
1424 2177 1508 2245 Satis
1531 2186 1639 2243 autem
1663 2180 1760 2243 etiam

573 2306 659 2350 nunc
679 2284 888 2368 depravatum
909 2284 1107 2350 circumferri
1127 2307 1228 2370 neque
1248 2293 1402 2372 negatum
1423 2306 1563 2370 unquam
1584 2291 1640 2363 est,
1661 2305 1762 2368 nequo

573 2395 642 2477 ipse
675 2394 861 2477 negaverim
885 2391 1018 2457 vulnera
1041 2394 1109 2457 eius
1133 2414 1229 2478 quam
1252 2390 1394 2478 plurima
1417 2398 1472 2456 aut
1495 2389 1684 2456 insanabilia
1706 2412 1763 2475 pu·

575 2497 673 2564 tanda
704 2519 769 2563 esse
801 2504 858 2562 aut
885 2507 994 2564 sauata
1018 2498 1071 2563 vel
1093 2499 1248 2576 sananda,
1274 2499 1330 2564 ubi
1354 2501 1426 2584 quis
1450 2501 1585 2583 peritam
1610 2496 1762 2561 simulet

575 2604 703 2671 felicem
727 2625 859 2668 manum
883 2605 1072 2670 admoverit.
1103 2605 1146 2669 Et
1169 2608 1336 2692 ingenium
1358 2609 1391 2669 in
1411 2611 1534 2670 oratore
1554 2608 1660 2669 nostro
1681 2622 1762 2667 ema-

574 2710 713 2776 culando
744 2710 951 2776 ostenderunt
974 2733 992 2776 a
1014 2714 1133 2777 renatis
1156 2712 1229 2776 inde
1253 2711 1372 2777 litteris
1396 2711 1604 2777 eruditissimi
1627 2712 1761 2795 quique,

573 2820 607 2883 in
638 2819 689 2883 hie
722 2821 841 2882 summi
865 2820 943 2896 viri,
968 2839 1045 2903 quos
1070 2839 1229 2883 recensere
1252 2820 1388 2883 minime
1411 2838 1507 2904 opus,·
1531 2819 1632 2903 pietas
1655 2823 1762 2881 tamen

573 2923 718 3012 postulat
741 2930 778 2989 ut
802 2946 818 2990 e
842 2926 1053 3001 nostratibus9
1078 2927 1133 3009 qui
1157 2924 1288 3009 quidem
1312 2925 1376 2989 fato
1400 2925 1500 2989 functi
1524 2931 1614 3002 suut,
1633 2926 1762 2989 nomine

572 3038 671 3099 tenus
690 3052 940 3097 commemorem
959 3031 1116 3109 Balrium,
1139 3029 1312 3108 Cebetem,
1332 3031 1581 3109 Franckenium,
1601 3030 1763 3097 Halborts·

574 3160 673 3205 mam.
709 3137 786 3203 Post
817 3141 962 3203 omnium
993 3159 1084 3202 curas
1114 3138 1320 3223 spicilegium
1352 3136 1501 3203 relictum
1533 3159 1600 3202 esse
1631 3143 1763 3203 nonest

573 3244 662 3332 quod
693 3247 858 3322 miremur,
891 3244 1159 3330 quemadmodum
1183 3248 1282 3309 etiam
1306 3245 1477 3330 posthaec
1501 3247 1677 3310 tentamina
1700 3246 1762 3330 spi·

572 3350 731 3437 oilsgium
753 3349 903 3416 relictum
926 3354 996 3415 erit.

1065 3581 1256 3589 ...φῇ-.-

624 3779 675 3843 Ad
698 3782 836 3864 primam
861 3782 1037 3845 orationem
1061 3801 1117 3845 nec
1141 3779 1244 3845 multa
1267 3780 1368 3845 habeo
1390 3801 1447 3844 nec
1466 3783 1577 3866 magui
1598 3784 1762 3846 momenti.

624 3884 677 3949 Or.
709 3883 725 3947 l
753 3886 771 3969 ἓ
795 3884 825 3949 2.
860 3886 931 3965 Περὶ
963 3888 1070 3951 τούτου
1101 3888 1163 3965 γὰρ
1195 3885 1287 3963 μόνον
1319 3890 1372 3950 τοῦ
1404 3886 1593 3964 ἀδικήματος
1627 3889 1692 3950 καί
1726 3888 1762 3951 ἐν

574 3992 836 4073 δημοκρατίᾳ
856 3993 922 4056 καί
945 3992 1175 4074 ὀλιγαρχία
1196 3995 1212 4068 η
1234 3992 1455 4070 αὑτηπιμοιρία
1474 4030 1549 4041 --
1569 3991 1763 4058 οίποδίδοται.

576 4098 718 4182 Requiro
737 4118 809 4161 cum
832 4095 945 4163 Contio
969 4104 1001 4162 ct
1024 4100 1165 4184 Augerio
1189 4123 1217 4163 κ.
1242 4103 1272 4164 ἐν
1295 4099 1484 4182 δημοκρατίᾳ
1507 4099 1558 4163 καί
1583 4100 1682 4174 <ἐν>
1706 4102 1765 4164 ὀλι-

574 4203 722 4284 γαρχία,
755 4208 850 4288 atque
882 4205 928 4268 ita
959 4203 1126 4269 ediderunt
1156 4202 1295 4270 Cobetus
1324 4210 1357 4270 et
1380 4204 1621 4270 Herwerdenua.
1647 4204 1765 4269 Omisit

575 4329 653 4374 cum
685 4307 717 4371 X
748 4310 1014 4393 praepositionem
1044 4312 1194 4375 iteratam
1217 4307 1455 4386 Thalheimiue,
1480 4308 1593 4373 adlatis
1615 4309 1662 4374 Ill
1684 4312 1702 4395 t
1722 4309 1764 4373 38

576 4414 645 4496 (καί
677 4415 744 4493 περί
776 4421 830 4485 τῆς
862 4417 1008 4493 πατρίδος
1034 4416 1085 4479 καί
1110 4424 1165 4489 τῆς
1189 4416 1323 4495 οὐσίας);
1348 4414 1391 4479 IV
1414 4418 1432 4500 ξ
1456 4414 1494 4481 18
1519 4416 1599 4497 (περὶ
1624 4424 1679 4488 τῆς
1704 4438 1765 4477 πα-

575 4519 674 4600 τρίδος
706 4543 757 4596 μοι
783 4520 834 4584 καί
859 4525 912 4585 τοῦ
937 4521 1006 4596 βίου
1032 4522 1045 4585 ί
1070 4522 1155 4597 eya
1179 4522 1290 4602 ἐστιν);
1317 4521 1409 4586 XVII
1432 4524 1449 4603 ξ
1471 4522 1489 4585 5
1514 4523 1598 4602 (πρός
1623 4546 1657 4585 τε
1682 4522 1762 4598 ὑμᾶς

575 4626 630 4692 καί
655 4625 726 4698 τοὺς
750 4625 902 4705 ίδιοίτας);
929 4626 1035 4691 XVlll
1060 4626 1115 4712 §6
1139 4627 1203 4707 (καί
1230 4627 1280 4692 διοὶ
1305 4630 1373 4698 τοὺς
1398 4628 1559 4708 προγόνους
1585 4630 1634 4691 καί
1660 4628 1765 4704 αὐτὸν,

575 4734 612 4797 in
637 4730 706 4796 loco
730 4731 904 4796 admodum
928 4731 1056 4811 dubio);
1086 4733 1128 4797 ib.
1153 4734 1171 4817 ᾖ
1192 4731 1234 4796 13
1259 4734 1345 4810 (πρὸς
1370 4733 1439 4805 τοὺς
1463 4735 1594 4805 πολίτας
1618 4735 1670 4798 καὶ
1694 4733 1765 4805 τοὺς

575 4838 703 4919 ξένους).
731 4838 774 4903 Ut
797 4838 986 4915 concedam,
1011 4838 1094 4924 quod
1117 4860 1177 4903 non
1198 4839 1237 4902 ab
1257 4843 1345 4904 omni
1364 4847 1454 4925 parte
1474 4844 1519 4905 ita
1538 4847 1600 4917 est,
1620 4843 1766 4906 omnium

576 4946 698 5010 horum
733 4944 876 5010 locorum
911 4927 1067 5011 rationem
1101 4965 1168 5009 esse
1198 4944 1417 5024 simillimam,
1448 4949 1482 5010 iu
1511 4950 1698 5012 universum
1722 4950 1767 5012 sic
