5125 6150
972 827 1015 872 aa
1038 825 1270 873 1100000010ιο
1293 826 1385 873 runs.
1744 806 1785 874 75

592 989 715 1055 Melius
738 991 823 1054 enim
847 990 906 1054 hoo
929 988 1033 1074 placet
1056 1009 1153 1074 quam
1176 989 1261 1074 quod
1285 989 1365 1054 item
1388 990 1421 1053 in
1446 992 1588 1053 mentem
1612 990 1719 1054 venit:

638 1097 807 1174 ἀρχαῖοι
833 1095 911 1171 γοὶρ
935 1096 999 1158 κτὲ.

591 1200 792 1266 Perridioule
827 1203 931 1286 igitur
965 1203 1024 1265 hoo
1055 1221 1130 1286 prae
1160 1203 1274 1265 oeteris
1306 1207 1539 1289 argumentum
1562 1205 1660 1288 urget
1684 1207 1790 1267 orator

590 1309 716 1392 regiam
736 1307 849 1370 avibus
870 1305 1064 1391 dignitatem
1084 1326 1242 1383 asserens,
1265 1307 1351 1390 quod
1371 1306 1424 1372 vel
1444 1307 1478 1370 ιὀο
1490 1307 1586 1390 aprum
1598 1307 1787 1393 legitimum

589 1415 631 1476 iis
667 1414 711 1476 eit
743 1413 929 1496 imperium.
966 1410 1131 1476 Sententia
1165 1418 1275 1477 autem
1309 1417 1480 1498 postquam
1511 1416 1691 1498 interrupta
1719 1423 1785 1490 est,

589 1539 653 1583 non
678 1518 724 1581 ita
747 1516 787 1582 ad
811 1516 908 1581 finem
932 1516 1101 1582 deducitur
1124 1521 1161 1581 ut
1184 1524 1298 1602 coepta
1321 1523 1389 1583 erat
1412 1520 1558 1595 institui,
1583 1521 1654 1603 ipsa
1676 1527 1784 1583 tamen

588 1625 828 1709 argumentatio
859 1623 936 1687 bene
967 1623 1124 1688 cohaeret.
1156 1623 1240 1688 Nam
1272 1625 1333 1690 hoo
1363 1629 1412 1688 est
1441 1624 1527 1708 quod
1558 1623 1638 1689 dioit
1660 1631 1783 1690 orator:

590 1730 757 1807 ὑπεραλγῶ
783 1728 875 1806 ὑμῶν,
899 1724 1005 1800 οἵτινες
1030 1728 1170 1810 πρθτερον
1193 1728 1333 1806 βασιλῆς
1357 1726 1441 1801 θντες
1461 1735 1511 1794 νῦν
1532 1728 1567 1794 τὸ
1585 1728 1680 1807 μηδὲν
1700 1728 1781 1796 ἔστε.

589 1834 714 1899 πάντων
733 1835 796 1915 γὰρ
816 1833 951 1913 πρθτεροι
970 1835 1127 1914 ε’γθνεσθε,
1148 1830 1225 1900 θστε
1243 1836 1331 1915 ὀρθῶς
1345 1834 1477 1914 ὑμετέρα
1492 1835 1574 1900 ἐστὶν
1588 1838 1605 1911 sl
1618 1835 1782 1913 βασιλεία.

636 2020 690 2085 Vs.
715 2020 781 2085 486
807 2021 845 2086 de
867 2021 955 2109 gallo
977 2021 1157 2109 gallinaceo
1181 2022 1319 2088 dieitur:

636 2127 688 2191 διὰ
708 2130 800 2193 ταῦτ’
821 2127 869 2204 ἄρ’
889 2125 970 2207 ἔχων
991 2128 1041 2192 καὶ
1064 2132 1123 2210 νῦν,
1144 2126 1243 2207 ὥσπερ
1262 2128 1417 2205 βασιλεὺς
1436 2129 1449 2193 θ
1468 2126 1592 2206 μέγας,
1616 2128 1783 2206 διαβάσκει

588 2234 654 2298 κτὲ.
668 2282 675 2298 .
691 2284 698 2298 .
713 2283 720 2298 .

587 2339 651 2404 Sed
683 2360 757 2404 oum
789 2339 944 2406 locutioni
975 2344 1066 2406 ταῦτ’
1090 2339 1151 2419 ἄρα
1174 2343 1367 2426 praepositio
1391 2344 1556 2427 praemitti
1579 2363 1641 2408 non
1665 2341 1783 2419 soleat,

587 2447 733 2529 suspicor
755 2466 870 2510 verum
894 2466 978 2511 esse:

635 2552 726 2613 ταῦτ’
751 2548 813 2630 ἄρα
837 2551 904 2615 καὶ
929 2557 994 2616 νῦν
1018 2549 1070 2615 ἔτ’
1096 2549 1218 2632 ἔχων,
1242 2550 1342 2634 ὥσπερ
1365 2552 1400 2628 β.
1424 2553 1449 2618 θ.
1474 2578 1521 2631 ια,
1546 2553 1572 2618 δ.

635 2753 791 2820 Graviora
822 2757 902 2820 vitio
930 2754 1055 2820 laborat
1085 2777 1197 2821 versus
1227 2758 1353 2821 vicinus
1384 2756 1462 2821 492.
1493 2755 1557 2822 Ubi
1587 2759 1620 2820 in
1652 2755 1781 2822 laudem

551 2872 559 2885 ·
589 2858 672 2946 galli
695 2862 772 2925 haeo
795 2860 884 2924 addit
906 2868 1028 2925 orator:

635 2968 697 3029 οὶπδ
712 2963 737 3046 ¹)
760 2974 817 3040 τῆς
839 2968 940 3046 ῥώμης
963 2975 1020 3039 τῆς
1043 2966 1108 3032 τότ’
1133 2966 1266 3045 ἐκείνης,
1293 2966 1408 3032 θπθταν
1433 2966 1521 3044 νθμον
1535 2966 1563 3046 ⁹)
1582 2964 1686 3046 θρθριον
1707 2967 1784 3052 ᾄση,
1879 2957 1881 2960 ⁴

636 3073 829 3144 ἀναπηδῶσιν
852 3071 969 3145 πάντες
994 3074 1043 3136 ἐπ’
1068 3070 1165 3151 ἔργον,
1189 3083 1335 3153 χαλκῆς,
1362 3082 1517 3153 κεραμῆς,
1543 3072 1749 3152 σκυλοδέψαι,

635 3188 770 3256 σκυτῆς,
792 3178 955 3256 βαλανῆς,
981 3179 1233 3256 οὶλΦιταμοιβοῙ,
1257 3179 1679 3259 τορνευτολυρασπιδοπηγοί,

635 3276 662 3347 οἳ
685 3283 716 3347 δὲ
738 3283 897 3363 βαδίζοντ’
922 3266 1144 3357 ὑποδησάμενοι
1170 3286 1294 3360 νύκτωρ.

592 3393 718 3453 Cunctos
749 3391 853 3474 igitur
877 3390 1022 3454 homines
1045 3412 1062 3454 e
1085 3390 1168 3455 10010
1192 3393 1331 3456 excitare
1353 3394 1451 3475 inque
1474 3389 1576 3457 officia
1599 3390 1785 3475 quotidiana

588 3494 758 3580 impellere
788 3495 907 3559 dieitur
934 3494 999 3559 ales
1021 3516 1153 3560 aurorae
1176 3498 1312 3560 0000100
1319 3517 1328 3575 ,·
1354 3496 1408 3560 sed
1432 3498 1563 3582 quinam
1587 3498 1686 3560 etiam
1710 3496 1784 3561 sub·

588 3603 788 3685 iunguntur:
821 3599 905 3663 alii
934 3623 1025 3664 vero
1048 3608 1137 3664 noctu
1161 3602 1240 3665 aiam
1263 3602 1477 3683 ingrediantur
1500 3601 1626 3665 00100011
1635 3601 1654 3664 f
1675 3601 1783 3667 Infeli-

590 3709 672 3771 citer
702 3704 794 3769 Koolr
824 3705 862 3769 de
886 3705 1016 3789 furibus
1044 3706 1199 3769 nocturnis
1229 3710 1372 3792 cogitans
1403 3699 1430 3770 ol
1453 3705 1484 3770 δὲ
1507 3705 1669 3787 βαδίζουσ’
1692 3709 1783 3771 οὶπο-

591 3810 786 3882 δύοοντες
811 3813 946 3875 00010011
954 3833 962 3890 ;
988 3832 1062 3876 nam
1088 3810 1270 3888 „latrones”
1295 3812 1371 3877 11001
1395 3812 1455 3889 „de
1478 3818 1570 3877 00010
1594 3819 1728 3899 surgant
1748 3819 1786 3877 ut

589 3914 742 4002 iugulent
772 3916 951 3993 homines''‚
984 3923 1018 3980 at
1043 3924 1230 3997 praasotorea
1260 3920 1433 4002 inoipiente
1464 3921 1671 4003 potissimum
1694 3924 1786 3984 00010

589 4023 867 4106 praetereuntibus
896 4023 1090 4086 insidiantur
1102 4020 1137 4100 ³),
1162 4022 1325 4109 gallorum
1349 4024 1571 4099 00101ονθμος
1596 4020 1702 4103 θρθριος
1726 4023 1785 4088 sub

589 4128 693 4191 000110
723 4126 854 4191 demum
883 4127 979 4191 finam
1011 4128 1206 4198 dormientes
1238 4128 1363 4194 010010
1386 4132 1513 4195 excitat.
1542 4128 1654 4213 Itaque
1680 4128 1786 4194 multo

590 4231 789 4317 probabilius
813 4232 965 4319 Blaydes:

638 4333 731 4400 εἶτα
755 4336 914 4415 βαδίζουσ’
940 4338 1162 4411 ὑποδησάμενοι
1187 4340 1320 4418 νθκτυρ,
1345 4377 1387 4389 -

593 4443 666 4506 dein
700 4443 826 4506 calceati
854 4466 915 4526 per
949 4446 1083 4508 tenebras
1111 4445 1168 4523 (ἔτι
1201 4444 1297 4524 θρθρου
1328 4444 1441 4521 βαθέος
1472 4443 1570 4523 ὄντος)
1601 4444 1680 4507 0νόνο
1702 4466 1785 4507 auam

591 4550 716 4625 ineunt,
748 4556 786 4612 01
818 4569 892 4613 oum
924 4549 1049 4614 lumine
1080 4551 1188 4616 adesse
1211 4554 1335 4637 possint
1357 4552 1401 4622 εἰς
1425 4548 1460 4613 τὸ
1484 4550 1642 4628 ἐργαλεῖον
1665 4552 1699 4614 10
1722 4548 1786 4615 0110

627 4762 654 4823 1)
672 4760 710 4807 Sia
728 4758 850 4808 Hamalrer
866 4775 911 4824 pro
929 4757 985 4809 ὑπὸ.

627 4842 654 4899 2)
671 4841 774 4904 Egregia
792 4841 849 4889 liaeo
867 4846 901 4889 est
921 4841 1021 4889 Porsoni
1038 4841 1185 4897 emendatio:
1207 4843 1279 4901 μθνον
1296 4842 1362 4890 codd.

627 4925 655 4988 8)
671 4921 781 4973 Conferri
798 4928 876 4987 potant
893 4938 913 4970 0.
930 4939 953 4985 g.
971 4938 1052 4971 venua
1068 4921 1159 4971 vicians
1175 4922 1233 4975 49‘1·
