5125 6150
1222 849 1341 898 ureris.
1806 826 1870 892 421

688 1016 793 1081 detur.
817 1014 896 1080 Ibid.
923 1017 939 1100 ᾗ
962 1014 1005 1079 24
1030 1036 1086 1101 pro
1111 1014 1211 1088 ἐπειδὴ
1236 1015 1266 1079 δὲ
1290 1014 1484 1089 ἐκίνησαν
1506 1016 1649 1079 restituit
1672 1014 1757 1077 ἐκεῖ
1778 1009 1874 1087 ἦσαν

686 1121 818 1209 Taylor,
851 1120 967 1187 melius
998 1143 1095 1207 quam
1126 1120 1151 1188 O
1183 1121 1337 1186 ἐκάθισαν.
1374 1121 1454 1186 Ibid.
1480 1119 1578 1206 §34:
1609 1122 1658 1185 καί
1693 1124 1876 1184 τοιοῦτον

686 1230 819 1295 δεινὸν
843 1240 887 1310 τῇ
908 1228 995 1293 πόλει
1019 1229 1140 1305 ἐγένετο
1162 1229 1203 1305 Χ,
1227 1230 1265 1293 τί
1289 1230 1329 1292 οὖ
1353 1234 1426 1292 τῶν
1448 1227 1582 1292 δεινῶν
1601 1226 1770 1312 Sauppius.
1794 1226 1873 1291 ibid.

684 1339 780 1423 §552
800 1337 993 1418 sipiritus
1014 1361 1047 1399 τε
1070 1337 1151 1415 αὐτῷ
1246 1333 1352 1399 ἄδειαν
1373 1335 1415 1412 Χ,
1436 1334 1693 1413 εὑρίσκονται
1714 1333 1873 1398 Reislriua.

686 1444 741 1509 Or.
774 1442 847 1507 XIV
879 1444 923 1527 ἓξ
944 1442 996 1519 20,
1022 1441 1063 1506 21
1097 1442 1144 1506 bis
1175 1440 1371 1506 tralaticium
1402 1440 1555 1506 mendum
1585 1438 1787 1519 πραττόμενα
1818 1462 1874 1526 pro

684 1551 967 1629 προσταττόμενα·
990 1547 1151 1633 Quidquid
1184 1548 1264 1612 latet
1299 1551 1333 1611 in
1363 1546 1557 1613 conclamato
1591 1546 1660 1612 loco
1691 1546 1782 1632 §25,
1815 1548 1873 1612 hoc

684 1667 812 1725 certum
835 1664 883 1722 est
905 1677 978 1721 vere
1000 1659 1172 1721 correxisse
1193 1655 1361 1720 Reiakium
1379 1654 1476 1719 Imm
1497 1676 1554 1740 pro
1574 1652 1619 1718 ἔτι
1638 1654 1695 1730 μὲν
1713 1654 1868 1719 codicum.

684 1763 765 1829 Ibid.
791 1765 808 1847 ᾗ
829 1761 871 1827 29
895 1763 1092 1826 τολοστθν
1118 1761 1205 1840 μέρος
1229 1768 1304 1825 τῶν
1325 1760 1436 1826 οἰδῶν
1459 1765 1517 1824 τῶν
1540 1760 1638 1840 ἐαυτῷ
1662 1758 1868 1838 προσηκόντων

686 1869 808 1955 triplici
831 1871 912 1934 vitio
934 1868 975 1944 X,
1000 1890 1056 1953 pro
1080 1890 1143 1953 quo
1167 1872 1291 1952 oportet
1314 1869 1505 1932 πολλοστὸν
1528 1867 1615 1945 μέρος
1641 1872 1698 1931 τῶν
1722 1867 1768 1950 <l
1778 1869 1841 1938 ν>ε
1850 1892 1873 1930 ι-

683 1978 757 2042 θῶν
788 1981 846 2039 τῶν
877 1976 974 2055 ἑαυτῷ
1005 1974 1230 2053 προσόντων,
1263 1995 1401 2059 quorum
1422 1977 1564 2059 primum
1588 1973 1791 2039 levissimum
1815 1995 1871 2061 per

684 2105 720 2149 se
744 2085 926 2168 corrigitur,
954 2084 1139 2169 graviorum
1163 2080 1245 2146 illud
1269 2080 1496 2157 Marklandus,
1520 2082 1579 2146 hoo
1602 2079 1741 2147 Cobetus
1763 2103 1873 2167 procu-

684 2195 840 2254 raverunt
856 2186 888 2270 ¹).
914 2187 966 2253 Or.
990 2187 1049 2252 XV
1068 2188 1119 2272 §4
1138 2186 1221 2252 roae
1242 2187 1375 2262 δεήσει
1398 2187 1438 2266 Χ,
1458 2188 1519 2252 οὐδ.
1541 2188 1685 2252 διοίσει
1706 2187 1871 2274 flagilaute

672 2297 845 2368 ¹sententia
880 2293 1053 2359 Bekkerus.
1089 2292 1173 2357 Tum
1203 2291 1280 2377 ᾖδε
1313 2288 1358 2357 ὅτι
1391 2293 1519 2371 φίνων
1550 2295 1600 2357 τὸν
1630 2290 1722 2357 ἵππον
1753 2293 1870 2366 ἱππέως

685 2402 851 2481 ἄτεστέρει
874 2404 928 2475 την
951 2402 1048 2479 πθλιν,
1074 2402 1128 2465 ubi
1153 2400 1269 2465 dubius
1294 2401 1421 2466 haereas
1445 2407 1554 2466 utrum
1575 2403 1692 2465 rectius
1712 2400 1873 2466 refluxerit

685 2511 748 2574 hoo
770 2509 974 2573 Laurentiaui
993 2505 1045 2602 (O)
1065 2509 1166 2573 scriba
1178 2510 1211 2571 in
1224 2510 1363 2589 ἀφαιρῶν
1375 2529 1414 2573 an
1427 2506 1638 2572 Marklandus
1649 2510 1682 2572 iu
1696 2508 1820 2587 ιὶφελθιν
1833 2509 1869 2590 ²).

687 2616 741 2681 Or.
765 2614 856 2680 XVII
880 2617 954 2700 §41
979 2614 1013 2689 ἐξ
1033 2617 1132 2679 αὐτῶν
1156 2616 1384 2694 ἀπογράφω
1407 2616 1447 2693 X,
1469 2615 1502 2692 ἐξ
1522 2615 1870 2701 αὐτῶν<τῶν>σὶτο-

687 2728 858 2802 γραφῶν
882 2727 954 2808 post
977 2720 1146 2786 Schottum
1170 2721 1328 2786 Reiskius.
1353 2720 1431 2787 Ibid.
1457 2723 1475 2807 ξ
1495 2720 1515 2785 9
1539 2722 1608 2792 τοὺς
1633 2726 1682 2784 νῦν
1705 2720 1868 2795 αὖτοδίκας

687 2830 721 2895 Χ
754 2851 810 2915 pro
842 2827 1072 2900 ναυτοδίκας.
1107 2827 1157 2892 Or.
1191 2827 1298 2892 XVIII
1328 2828 1427 2912 §19:
1459 2829 1572 2892 πλείων
1604 2824 1773 2905 συγγνώμη
1797 2830 1869 2911 [μη]

686 2944 904 3012 μνησικακεῖνε
936 2938 1063 3022 negatio
1094 2956 1259 3021 perperam
1290 2935 1433 3000 adhaesit
1464 2933 1609 3000 Palatino
1640 2956 1740 3019 neque
1763 2934 1871 3000 abesse

687 3043 816 3109 videtur
846 3062 864 3107 a
894 3039 929 3109 O.
962 3040 1014 3105 Or.
1041 3041 1118 3106 XIX
1142 3040 1239 3126 §13:
1270 3055 1350 3107 ιιλλο
1375 3065 1409 3106 τε
1433 3044 1491 3122 (sic
1515 3040 1639 3128 Kayser
1662 3061 1711 3126 ap.
1735 3041 1871 3119 b'cheib,

687 3151 857 3216 'Phalheim
887 3152 1028 3214 enotavit
1059 3147 1188 3228 ιἰλλοτε)
1214 3148 1254 3225 Χ,
1281 3151 1356 3213 αλλ’
1381 3145 1429 3213 ὅτε
1455 3148 1624 3214 Sluiterus.
1649 3146 1805 3213 Similiter
1828 3148 1870 3212 ib.

688 3256 769 3343 §36
802 3251 876 3319 εἶναι
908 3255 961 3320 ίσα
992 3255 1120 3341 praebet
1153 3255 1193 3332 Χ,
1218 3262 1358 3340 oportet,
1384 3255 1466 3340 quod
1490 3253 1627 3321 Oobetus
1651 3256 1768 3331 suasit,
1793 3249 1869 3318 είναι

687 3367 747 3428 σῖι.
772 3363 818 3427 lb.
840 3362 927 3447 §422
953 3372 1012 3438 γῆν
1030 3362 1086 3437 μὲν
1106 3363 1156 3425 καί
1180 3363 1283 3426 οὐσίαν
1306 3362 1336 3427 Χ
1356 3364 1436 3427 viiio
1454 3361 1662 3448 pervulgato,
1686 3384 1712 3425 κ.
1737 3361 1872 3424 οἰκίαν

687 3468 868 3534 Markland.
905 3467 949 3532 lb.
973 3470 991 3552 ξ
1012 3467 1071 3532 61:
1097 3470 1137 3546 τῷ
1162 3466 1275 3548 χρόνῳ,
1301 3465 1315 3532 ὃ
1340 3472 1404 3531 νῦν
1429 3469 1487 3540 είς
1511 3468 1713 3548 σαφέστατον
1738 3464 1869 3546 ἔλεγχον

686 3583 740 3643 τοῦ
776 3576 904 3647 ἀληθοῦς
942 3575 1086 3648 νομίσατε
1119 3575 1159 3651 Χ,
1195 3574 1329 3639 absurde
1362 3596 1419 3659 pro
1451 3571 1487 3638 ὃν
1521 3575 1639 3651 ὑμεῖς
1669 3572 1870 3653 σαφέστατον

688 3682 822 3762 ἔλεγχον
854 3697 935 3758 κτλ,
967 3682 1050 3766 quod
1082 3681 1164 3745 vidit
1194 3680 1355 3745 Reiskius.
1392 3681 1444 3745 Or.
1478 3679 1557 3744 XXI
1587 3683 1605 3765 ξ
1636 3680 1694 3744 15:
1730 3677 1779 3745 ἵνα
1811 3686 1869 3744 τῶν

687 3790 746 3864 μὲν
777 3788 916 3865 ἑτέρων
950 3788 1153 3862 ἐπιθυμήσωσι
1186 3787 1233 3864 Χ,
1279 3790 1453 3872 requiritur
1486 3793 1543 3851 τῶν
1578 3787 1634 3863 μὲν
1670 3785 1871 3870 <ὑμ>ετέ-

687 3920 758 3974 ρων
781 3894 893 3973 <μὶι>
919 3895 1052 3971 ἕπιθυμ,
1077 3893 1248 3978 inquibus
1272 3894 1316 3968 μίν
1342 3891 1455 3959 Ooutio
1479 3893 1620 3972 debetur,
1642 3893 1791 3971 ὑμετέρων
1810 3892 1871 3958 Do

688 4004 781 4067 braeo
796 3998 830 4076 ³).
852 3999 905 4063 Or.
926 3999 1021 4063 XXII
1040 4001 1107 4083 §Iu
1129 4000 1195 4063 εἰπὲ
1214 4001 1250 4063 σὺ
1274 4000 1342 4076 ε’μοί
1351 4047 1359 4076 ,
1380 4000 1517 4076 μέτοικος
1541 3995 1578 4064 εί
1584 4024 1656 4064 ναι.
1677 3999 1729 4065 sic
1746 4000 1786 4078 X,
1807 4022 1873 4065 cor·
1945 4025 1948 4031 ·

685 4110 773 4172 rexit
798 4126 911 4170 manus
935 4105 1070 4169 secunda
1094 4105 1163 4180 μέτ.
1190 4101 1240 4184 εί;
1266 4106 1357 4170 Ναί.
1382 4104 1435 4170 Or.
1460 4105 1572 4171 XXIII
1596 4107 1646 4191 §3
1670 4107 1756 4172 haud
1780 4105 1872 4173 aliter

684 4214 736 4278 X:
761 4212 794 4276 τθ
818 4220 944 4291 κουρεῖον
969 4213 1004 4277 τθ
1027 4213 1113 4292 παρὰ
1137 4213 1207 4280 τοὺς
1233 4213 1443 4290 ἑρμασινῖι.
1468 4208 1505 4277 οί
1525 4210 1706 4285 δεκ-ελεΐς
1729 4222 1872 4294 προσφοι-

722 4399 749 4460 l)
768 4398 849 4445 Minus
865 4400 928 4444 recte
944 4394 1108 4444 'l'lralheiqua
1127 4396 1270 4443 πολλοστὸν
1284 4394 1357 4456 μέρος
1373 4394 1529 4444 ὀνειδῶντῶν
1545 4394 1625 4457 ιάντζι
1641 4399 1779 4456 προσόντων
1787 4398 1873 4445 omisso

682 4486 742 4530 aute
764 4476 857 4526 ὀνειδῶν
879 4478 994 4535 articulo,
1020 4478 1060 4541 qui
1085 4481 1108 4526 et
1132 4494 1173 4542 per
1196 4495 1219 4526 sa
1245 4479 1389 4527 necessarius
1413 4486 1447 4526 eat
1464 4478 1502 4540 (oi.
1521 4495 1572 4526 uo.
1592 4479 1634 4526 Or.
1656 4477 1713 4527 XIV
1731 4481 1792 4540 §46;
1814 4478 1871 4528 XIX

683 4564 749 4625 535)
767 4565 790 4607 et
807 4564 869 4608 certe
887 4560 911 4608 iu
929 4560 973 4608 hac
991 4560 1123 4607 sententiae
1140 4560 1327 4608 conformatione
1347 4559 1385 4608 ubi
1404 4560 1521 4624 appositio
1539 4560 1653 4624 sequitur.

719 4645 747 4705 2)
770 4641 807 4690 Ob
830 4657 928 4705 sequeus
951 4647 1029 4690 tamen
1054 4638 1190 4705 ἐξελαύνων
1214 4645 1238 4690 et
1254 4642 1329 4691 totius
1346 4642 1464 4691 enuntiati
1483 4646 1589 4691 tenorem
1607 4643 1762 4692 laurentiani
1780 4643 1869 4694 scribae

682 4726 747 4777 ratio
765 4725 917 4789 praelereuda
934 4725 1034 4773 violetur.
1055 4724 1149 4772 Rectius
1165 4724 1228 4773 culm
1248 4740 1349 4789 ‚equum
1367 4724 1507 4773 allmendo’'
1525 4742 1596 4789 quam
1616 4742 1691 4790 ‚equo
1707 4726 1827 4777 adamto''.

721 4811 749 4870 8)
775 4807 878 4856 Cobetus
902 4808 1086 4869 (Hartmaouus)
1112 4804 1248 4868 ἀλλοτρίων
1275 4808 1401 4872 praetulit,
1428 4809 1467 4856 aed
1493 4809 1539 4858 iam
1567 4809 1624 4857 olim
1649 4814 1712 4857 recto
1736 4809 1867 4860 Dobraeuar

687 4889 793 4951 ,ἑτέρων
818 4906 859 4955 per
881 4906 904 4937 se
927 4889 1027 4947 bonum,
1051 4893 1077 4938 ut
1099 4890 1206 4954 capiatur
1228 4905 1271 4954 pro
1289 4888 1436 4951 ἀλλοτρίων,
1454 4918 1527 4928 --
1545 4893 1583 4939 sed
1601 4889 1629 4938 ob
1649 4891 1725 4940 vicina
1743 4892 1868 4954 legendum

687 4971 836 5035 ὑμετέρων”.
855 4974 937 5033 (Aduo.
955 4972 966 5019 l
985 4988 1008 5037 p.
1026 4971 1074 5020 242
1088 4994 1111 5013 =
1126 4972 1191 5033 243).
