5125 6150
799 788 865 854 398
1258 810 1300 857 nn
1324 810 1513 858 mrononou

841 974 884 1038 At
922 974 1055 1040 simulac
1093 974 1216 1040 bellum
1253 976 1433 1062 gerebatur,
1473 979 1579 1041 omnia
1618 980 1728 1041 statim
1758 978 1978 1043 mutabantur.

796 1079 880 1145 Tum
914 1084 1074 1167 pactiones
1107 1103 1181 1146 cum
1215 1085 1355 1147 externis
1388 1083 1538 1169 gentibus
1573 1083 1733 1149 faciendae
1764 1092 1871 1162 erant,
1904 1107 1979 1149 cnm

794 1186 910 1274 legatis
942 1188 1102 1275 agendum
1132 1194 1214 1265 erat,
1246 1188 1347 1275 legati
1377 1188 1541 1267 mittendi,
1573 1193 1729 1255 exercitus
1760 1191 1922 1278 cogendus
1947 1197 1980 1256 et

795 1293 936 1359 alendus.
972 1294 1056 1359 Tum
1089 1301 1215 1381 praetor
1249 1316 1394 1361 summae
1427 1298 1472 1361 rei
1507 1303 1666 1381 praeerat,
1698 1296 1836 1383 populus
1868 1304 1979 1364 autem

794 1422 932 1486 quocum
965 1407 1074 1488 ageret
1108 1408 1261 1487 perpetuo
1296 1405 1324 1467 ei
1360 1407 1427 1467 erat
1461 1407 1602 1487 praesto:
1640 1404 1694 1468 ubi
1726 1407 1901 1483 exercitus,
1933 1405 1979 1469 ibi

793 1506 919 1573 Aetolia
956 1514 1039 1585 erat,
1075 1511 1226 1594 quoniam
1260 1511 1323 1594 ipsi
1356 1512 1442 1574 cives
1477 1509 1634 1594 stipendia
1670 1509 1825 1575 faciebant
1840 1508 1875 1591 ¹).
1916 1509 1980 1575 Sed

792 1616 931 1700 praetori
954 1617 1052 1680 etiam
1075 1614 1210 1701 collegio
1235 1637 1315 1701 opus
1338 1620 1405 1681 erat
1428 1614 1510 1701 quod
1535 1613 1712 1681 contulerat
1732 1616 1769 1682 de
1789 1618 1883 1682 rebus
1902 1638 1981 1701 quo-

792 1721 938 1799 tidianis,
969 1721 1235 1807 quemadmodum
1260 1725 1294 1786 in
1317 1742 1392 1807 pace
1415 1727 1559 1786 senatum
1585 1721 1784 1799 consulebat,
1808 1730 1979 1809 antequam

792 1829 888 1894 ferret
920 1828 958 1892 ad
990 1827 1156 1914 populum.
1188 1827 1271 1895 Cum
1303 1833 1411 1893 autem
1443 1831 1593 1893 universa
1621 1828 1747 1894 Aetolia
1778 1832 1810 1894 in
1835 1832 1979 1895 exercitu

793 1934 929 2011 adesset,
954 1932 1092 2021 populus
1116 1956 1210 2020 penes
1232 1955 1329 2019 quem
1353 1955 1479 1999 summa
1497 1940 1637 2020 potestas
1655 1940 1739 2012 erat,
1760 1943 1791 1999 et
1812 1938 1981 2021 magistra·

792 2047 864 2117 tus,
897 2062 953 2105 cur
976 2041 1105 2105 tandem
1127 2062 1183 2126 pro
1207 2048 1319 2105 senatu
1342 2039 1431 2106 aliud
1454 2039 1627 2128 collegium
1651 2063 1700 2106 res
1722 2038 1868 2127 gereret?
1891 2041 1979 2106 Fieri

793 2152 900 2211 tamen
919 2167 981 2210 non
1000 2152 1124 2232 poterat
1142 2155 1179 2211 ut
1198 2150 1323 2233 integer
1342 2152 1470 2212 senatus
1489 2149 1523 2210 in
1543 2150 1652 2212 castris
1664 2147 1803 2227 adesset;
1817 2146 1979 2212 imbecilla

792 2253 879 2316 euim
901 2272 1032 2337 corpora
1054 2252 1223 2317 hominum
1243 2258 1346 2317 aetate
1365 2255 1601 2338 provectiorum
1621 2254 1787 2318 obstabant
1806 2256 1979 2339 quominus

793 2348 934 2422 universi
969 2357 1091 2423 adirent
1126 2357 1203 2423 belli
1237 2357 1379 2443 pericula
1413 2365 1444 2423 et
1475 2357 1607 2424 labores.
1643 2358 1840 2445 Quapropter
1871 2365 1978 2424 statuo

794 2468 918 2529 certum
941 2470 1123 2529 senatorum
1147 2485 1335 2541 numerum,
1356 2485 1493 2549 eumque
1513 2486 1573 2529 non
1593 2468 1639 2529 ita
1658 2486 1811 2551 parvum,
1834 2466 1979 2552 designa·

794 2576 866 2634 tum
902 2569 1017 2643 fuisse,
1052 2573 1107 2655 qui
1139 2591 1213 2634 cum
1244 2575 1387 2656 praetore
1417 2576 1449 2635 et
1478 2569 1597 2656 populo
1627 2574 1660 2634 in
1692 2574 1802 2636 castris
1833 2574 1979 2637 universi

794 2674 924 2762 collegii
945 2675 1013 2741 loco
1036 2684 1183 2763 agerent,
1208 2698 1310 2763 neque
1333 2676 1394 2741 alio
1418 2678 1514 2743 modo
1537 2699 1633 2762 quam
1657 2692 1808 2765 prytanea
1833 2679 1979 2756 Athenis,

794 2804 850 2869 pro
881 2785 1031 2848 universo
1055 2795 1167 2849 senatu
1191 2805 1240 2848 res
1264 2782 1464 2868 quotidianas
1487 2783 1742 2863 administrasse,
1766 2786 1847 2850 hanc
1871 2792 1980 2851 autem

793 2895 918 2976 partem
955 2896 1082 2955 senatus
1122 2891 1317 2964 ἀποκλήτους
1355 2893 1422 2956 sive
1457 2889 1613 2969 ἄρχοντας
1648 2891 1744 2957 fuisse
1779 2892 1889 2957 dictos.
1926 2891 1980 2957 Sic

795 2994 925 3060 demum
951 2995 1055 3061 Aetoli
1079 2995 1232 3072 πανδημεὶ
1258 2996 1367 3085 egredi
1390 3019 1464 3062 vere
1488 2996 1551 3061 dici
1573 3002 1755 3084 potuerunt.

840 3103 914 3168 Mea
943 3103 1072 3189 quidem
1104 3107 1260 3170 sententia
1292 3105 1354 3169 huc
1378 3107 1484 3191 potius
1508 3126 1564 3170 nos
1588 3105 1676 3170 ducit
1698 3107 1796 3182 ratio,
1820 3125 1917 3190 quam
1940 3113 1979 3170 ut

793 3212 992 3294 suspicemur
1023 3210 1061 3274 ad
1092 3232 1141 3275 res
1171 3211 1310 3287 subitas,
1343 3231 1420 3296 quas
1452 3210 1573 3276 bellum
1597 3211 1677 3276 ferre
1699 3211 1795 3287 solet,
1820 3211 1979 3297 peculiare

794 3315 952 3401 quoddam
984 3314 1199 3403 apocletorum
1230 3316 1404 3402 collegium
1435 3317 1532 3382 fuisse
1562 3319 1751 3381 institutum
1771 3314 1808 3396 ⁹).
1847 3316 1980 3403 Semper

794 3425 879 3487 enim
909 3425 943 3487 in
966 3425 1059 3488 rebus
1082 3422 1184 3501 bello,
1209 3445 1271 3488 non
1295 3422 1425 3488 Thermi
1447 3426 1582 3510 peractis
1605 3422 1823 3508 apocletorum
1847 3422 1979 3488 illorum

793 3529 829 3594 fit
864 3532 993 3595 mentio.
1029 3529 1081 3595 Sic
1115 3539 1405 3595 commemorantur
1439 3551 1520 3596 anno
1550 3530 1627 3607 211,
1659 3551 1732 3595 cum
1764 3529 1980 3595 deliberarunt

794 3636 900 3701 Aetoli
929 3639 963 3700 in
994 3636 1125 3702 concilio
1153 3636 1400 3703 extraordinario
1425 3637 1462 3704 dc
1486 3639 1637 3701 societate
1661 3657 1735 3700 cum
1761 3636 1911 3701 Romanis
1932 3639 1979 3700 in-

795 3743 898 3809 eunda
912 3741 953 3822 ³);
978 3764 1058 3808 anno
1082 3742 1147 3809 207
1172 3743 1359 3809 Heracleam
1382 3750 1598 3808 convenerunt
1621 3741 1749 3806 Attalus
1769 3749 1800 3806 et
1819 3744 1978 3828 principes

794 3847 980 3914 Aetolorum
1011 3850 1050 3914 ad
1082 3848 1324 3914 consultandum
1356 3849 1393 3914 de
1422 3847 1504 3914 bello
1526 3853 1635 3913 contra
1658 3847 1847 3933 Philippum
1872 3849 1979 3914 Mace·

795 3954 910 4021 donem
923 3953 966 4034 4);
997 3977 1078 4021 anno
1111 3956 1175 4020 192
1206 3956 1334 4020 Lamiae
1365 3958 1498 4041 triginta
1522 3957 1679 4040 principes
1703 3954 1860 4040 designati
1884 3962 1977 4034 sunt,

796 4063 851 4146 qui
882 4082 956 4125 cum
988 4062 1143 4127 Antiocho
1174 4082 1249 4148 rege
1281 4069 1412 4148 agerent
1423 4068 1466 4142 Β);
1498 4064 1531 4125 in
1562 4059 1694 4124 concilio
1726 4081 1849 4145 quoque
1873 4066 1979 4126 extra-

830 4293 856 4352 I)
880 4291 916 4339 Ci.
942 4290 1026 4354 Polyb.
1044 4290 1068 4337 11
1087 4289 1109 4347 2,
1130 4288 1148 4335 V
1168 4290 1213 4338 108
1231 4289 1274 4351 52,
1293 4288 1377 4337 ibidem
1397 4289 1444 4350 §⁶²
1462 4288 1487 4335 ol
1502 4285 1524 4335 δ’
1542 4285 1652 4335 Αἰτωλοὶ
1667 4286 1742 4350 χωρὶς
1759 4292 1806 4335 τῶν
1824 4286 1905 4336 ὅπλων
1923 4282 1982 4344 ἧκον

794 4371 923 4434 πανδημεί.

827 4457 855 4518 2)
877 4456 914 4504 nd
940 4455 999 4503 hanc
1024 4469 1075 4502 rem
1099 4454 1170 4502 etiem
1196 4454 1365 4503 attendendum
1388 4456 1436 4511 eet,
1461 4453 1523 4517 quod
1548 4452 1629 4500 Livius
1652 4467 1731 4500 vocem
1759 4453 1908 4517 sprincipeff
1931 4468 1980 4502 uon

793 4538 870 4586 solum
893 4539 921 4586 ad
944 4537 1063 4602 apocletos
1079 4537 1215 4585 indicendae
1234 4541 1345 4600 usurpm
1365 4535 1456 4585 XXXII
1476 4536 1508 4588 32
1526 4536 1579 4597 §10
1597 4551 1617 4583 c.
1626 4551 1648 4597 g.
1667 4534 1726 4590 τοὺς
1742 4537 1904 4596 γραμματεῖς
1920 4536 1981 4585 dicit

793 4621 923 4684 principes,
940 4620 996 4668 ibid.
1015 4624 1026 4681 ς
1042 4621 1071 4669 ll
1092 4619 1224 4668 Phaeneam
1243 4623 1378 4682 praetorem
1395 4618 1528 4683 principem
1547 4621 1614 4666 vocat
1631 4618 1668 4678 (of,
1690 4616 1771 4679 Polyb.
1791 4617 1873 4666 XVIII
1893 4620 1906 4666 1
1925 4619 1980 4679 92),

794 4703 892 4765 Semper
909 4702 956 4749 iero
974 4701 1112 4750 vacillatio
1132 4701 1201 4749 butue
1218 4700 1280 4748 socie
1301 4716 1349 4749 usu.

828 4787 853 4843 3)
871 4785 921 4833 aiv.
941 4783 1018 4833 XXVI
1037 4784 1069 4832 24
1087 4784 1131 4845 tl.

828 4870 855 4931 4)
874 4865 956 4931 Polyb.
975 4867 995 4914 X
1013 4868 1045 4915 42
1063 4870 1106 4929 ti,
1124 4865 1175 4914 aiv.
1193 4863 1298 4912 XXVIII
1317 4868 1331 4913 b
1348 4865 1410 4925 513.

830 4951 856 5012 b)
874 4947 958 5012 Polyb.
977 4948 1019 4996 XX
1041 4950 1062 5007 l,
1079 4949 1130 4998 aiv.
1148 4945 1235 4996 XXXV
1251 4948 1285 4994 44
1301 4950 1326 4994 et
1342 4948 1382 4994 Ab.
