5125 6150
797 770 859 833 124
1298 793 1472 840 nouerca.

792 973 845 1016 ore
864 951 1135 1017 commemorant?
1150 951 1185 1033 ¹).
1206 955 1383 1034 Quorsum,
1403 958 1431 1019 si
1449 958 1518 1040 ipsa
1536 975 1592 1018 arx
1607 974 1626 1018 a
1640 952 1834 1019 Graecorum
1846 956 1975 1039 agmim

792 1056 979 1123 tenebatur?

838 1167 881 1228 At
912 1164 996 1229 clara
1027 1172 1059 1229 et
1089 1166 1240 1229 concinna
1263 1164 1345 1228 fiunt
1369 1169 1494 1240 omnia,
1520 1168 1547 1228 si
1571 1186 1690 1248 equum
1713 1163 1808 1228 illum
1832 1163 1977 1249 ligneum

791 1268 1021 1353 aliquantisper
1052 1292 1213 1334 semovere
1242 1269 1328 1335 licet.
1362 1269 1456 1336 Cives
1486 1274 1588 1334 securi
1618 1280 1787 1355 postquam
1811 1290 1922 1334 somno
1946 1291 1978 1333 se

791 1374 962 1452 dederunt,
981 1376 1121 1459 proditor
1141 1380 1241 1440 noctis
1261 1375 1387 1441 silentio
1408 1397 1446 1440 ex
1466 1397 1536 1440 arce
1556 1373 1685 1441 Graecis
1697 1376 1835 1440 ostendit
1847 1378 1977 1460 signum

790 1479 875 1564 qnod
905 1483 989 1544 inter
1017 1502 1071 1545 eos
1099 1488 1308 1557 convenerat,
1341 1480 1412 1545 dein
1445 1481 1575 1545 Scaeam
1606 1492 1731 1565 portam
1755 1480 1834 1545 olim
1858 1501 1876 1544 a
1897 1482 1980 1565 vigi-

789 1583 876 1648 libus
901 1597 1104 1670 occupatam,
1129 1608 1213 1650 nuuc
1238 1607 1315 1650 vero
1339 1607 1396 1669 per
1417 1589 1596 1670 insperatae
1619 1588 1705 1671 pacis
1724 1588 1789 1650 otia
1808 1585 1977 1660 desertam,

790 1693 830 1753 iis
854 1706 971 1754 reserat
985 1689 1027 1769 ¹):
1059 1694 1180 1755 intrant
1204 1689 1335 1767 Graeci,
1360 1691 1438 1755 urbe
1461 1694 1638 1775 potiuntur.
1662 1689 1806 1774 Simplex
1830 1690 1907 1754 haec
1929 1696 1978 1753 est

791 1805 823 1859 et
842 1799 1006 1881 perspicua
1026 1818 1132 1860 rerum
1153 1800 1327 1872 enarratio,
1348 1800 1446 1860 nimis
1465 1795 1601 1880 simplex
1622 1797 1769 1869 fortasse,
1790 1808 1978 1860 nontamen

790 1900 966 1984 simplicior
989 1922 1085 1985 quam
1108 1910 1183 1966 sunt
1207 1924 1243 1966 ea
1266 1922 1347 1987 quae
1372 1902 1409 1965 de
1428 1901 1565 1965 aliarum
1584 1902 1711 1966 urbium
1732 1903 1977 1985 expugnatione,

789 2005 929 2089 exempli
951 2010 1057 2091 gratia
1081 2007 1119 2070 de
1143 2007 1305 2091 Babylone
1328 2028 1346 2070 a
1369 2004 1455 2091 Cyro
1474 2018 1566 2090 capta
1580 2004 1616 2083 ³),
1636 2012 1762 2070 narrata
1780 2007 1975 2090 accepimus:

791 2130 891 2194 neque
922 2114 955 2173 in
978 2111 1060 2175 lictis
1085 2118 1211 2175 tantum
1236 2126 1402 2196 poetarum
1426 2110 1541 2175 sabulis
1564 2111 1619 2176 sed
1642 2114 1740 2175 etiam
1762 2113 1795 2173 in
1817 2113 1887 2194 ipsa
1909 2112 1978 2174 vita

790 2214 867 2279 talia
890 2216 974 2279 haud
998 2219 1045 2281 ita
1070 2237 1138 2280 raro
1160 2216 1352 2281 acciderunt.

835 2320 906 2385 Hoc
936 2323 1038 2407 igitur
1068 2321 1155 2386 dico:
1191 2326 1275 2407 ipsos
1308 2323 1409 2388 sontes
1441 2320 1540 2385 talem
1569 2321 1661 2385 nobis
1692 2320 1839 2405 praebere
1868 2340 1977 2382 rerum

789 2426 977 2502 decursum,
1007 2430 1041 2489 in
1074 2447 1137 2511 quo
1168 2430 1286 2492 montis
1315 2432 1417 2491 instar
1447 2448 1549 2511 equus
1576 2429 1711 2490 minime
1733 2429 1915 2509 requiratur
1937 2424 1978 2488 ad

790 2533 900 2596 urbem
931 2533 1188 2617 expugnandam.
1221 2534 1332 2617 ltaque
1362 2536 1416 2617 qni
1440 2531 1676 2596 Muellenhoffio
1698 2529 1882 2614 Oaueroque
1907 2551 1977 2594 con-

789 2637 872 2700 cedit
901 2636 1044 2701 fabulam
1075 2636 1112 2701 de
1143 2658 1224 2721 equo
1255 2636 1365 2723 ligneo
1392 2636 1562 2700 absurdam
1584 2656 1667 2711 esso,
1692 2637 1824 2699 minime
1848 2636 1976 2719 cogitur

788 2741 886 2805 simul
909 2742 1076 2806 concedere
1099 2744 1206 2825 ipsum
1231 2743 1320 2805 urbis
1343 2741 1505 2805 excidium
1528 2743 1640 2827 priscis
1664 2742 1791 2803 vatibus
1814 2742 1975 2825 ignotum,

787 2859 871 2911 certe
894 2848 932 2911 ab
955 2850 1100 2931 ipsorum
1124 2849 1318 2911 carminibus
1342 2846 1483 2912 alienum
1508 2846 1616 2910 fuisse.

833 3096 923 3160 Unde
955 3099 1057 3181 igitur
1086 3096 1182 3159 dueta
1205 3102 1254 3160 est
1277 3096 1518 3161 narratiuncula
1542 3109 1608 3159 tam
1631 3094 1758 3158 inutilis
1781 3113 1878 3179 qnam
1902 3093 1978 3156 ridi·

786 3199 859 3263 cula
882 3209 913 3263 ct
937 3221 1066 3284 operose
1090 3201 1242 3265 conficta?
1263 3203 1427 3287 Numquid
1447 3205 1679 3286 acquiescimus
1694 3205 1726 3265 in
1747 3200 1852 3264 verbis
1873 3197 1978 3261 Muel-

785 3304 943 3381 lenhoffii,
974 3306 1169 3390 perhibentis
1198 3311 1412 3392 excogitatam
1434 3328 1501 3372 esse
1525 3314 1561 3370 ut
1585 3305 1694 3370 stultis
1716 3326 1750 3370 os
1772 3306 1976 3369 obturaretur

785 3431 865 3494 quae
889 3415 962 3475 sciri
985 3414 1151 3495 nequirent
1175 3411 1432 3477 sciscitantibus?

819 3730 844 3788 1)
870 3729 898 3777 lu
920 3728 994 3776 Ἰλίου
1012 3727 1095 3788 πέρσεν
1116 3727 1208 3776 Arctini
1227 3727 1298 3776 Σίνων
1316 3729 1375 3785 τοὺς
1392 3727 1501 3787 πνρσοῦς
1517 3726 1619 3790 ἀνίσχει
1638 3729 1691 3785 τοῖς
1709 3729 1838 3790 Ἀχαιοῖς,
1855 3728 1971 3787 πρότερον

784 3810 947 3869 nicomediae
968 3815 1146 3872 προσποιητός,
1171 3827 1231 3874 qnae
1256 3812 1335 3860 Procli
1358 3816 1413 3860 auut
1432 3811 1503 3858 verba
1521 3811 1546 3859 iu
1563 3811 1763 3859 Chrestomatlria.
1781 3812 1835 3859 Nou
1853 3812 1972 3858 Graecum

783 3897 863 3942 autem
886 3895 1006 3942 homiuem
1029 3894 1069 3942 aed
1093 3896 1239 3940 Antenorem
1261 3893 1392 3941 Troianum
1417 3891 1499 3940 urbem
1515 3892 1646 3955 prodidisse
1663 3893 1712 3939 sace
1730 3896 1847 3940 ostentata
1864 3906 1972 3954 equoque

784 3975 883 4031 recluso,
902 3975 977 4022 'refert
1001 3975 1140 4038 Lycophron
1164 3977 1213 4025 340
1235 3990 1289 4022 cnm
1306 3974 1410 4022 acholiie.
1429 3973 1496 4021 Facie
1511 3978 1590 4021 autem
1609 3974 1680 4021 etiam
1698 3973 1760 4037 apud
1777 3973 1969 4036 'l'ryphiodcrum

783 4063 806 4103 et
829 4056 947 4119 Quintum
970 4057 997 4103 ut
1019 4057 1116 4104 mentio.
1137 4057 1256 4119 Vergilius
1274 4071 1331 4103 vero
1347 4069 1401 4103 cnm
1418 4069 1493 4117 neque
1510 4053 1620 4102 omittere
1637 4069 1689 4102 mm
1706 4059 1784 4118 poaaet
1801 4069 1814 4101 e
1830 4053 1910 4101 tabula
1927 4069 1969 4101 no·

782 4136 887 4193 tiaaima,
911 4152 986 4200 neque
1008 4136 1082 4185 Sinon
1105 4137 1161 4200 quid
1185 4153 1213 4185 ea
1232 4138 1321 4184 iaceret
1339 4136 1448 4195 rideret,
1466 4136 1569 4200 priscum
1586 4140 1752 4197 argumentum
1769 4135 1804 4183 ita
1822 4134 1924 4183 mutavit
1942 4137 1969 4183 ut

782 4218 867 4266 melius
889 4218 1017 4281 quadraret
1040 4219 1065 4266 iu
1082 4235 1163 4266 rerum
1181 4217 1210 4265 ab
1227 4218 1278 4281 ipso
1295 4222 1461 4265 enarraturum
1478 4231 1626 4280 compagem:
1644 4232 1671 4264 ex
1689 4218 1835 4265 Graecorum
1853 4215 1967 4264 nimirum

781 4298 874 4347 Tenedo
897 4300 1047 4348 redeuntium
1071 4299 1169 4347 naribus
1193 4300 1230 4347 fax
1247 4300 1380 4347 ostenditur
1397 4299 1480 4346 Sinoni
1498 4298 1523 4346 iu
1540 4313 1594 4345 arce
1611 4313 1650 4346 eoa
1665 4297 1806 4362 opperienti.
1826 4296 1968 4359 Aeschylum

781 4379 883 4442 denique
898 4381 954 4428 facia
968 4381 992 4428 in
1008 4380 1093 4428 Troiae
1106 4381 1196 4428 excidio
1211 4380 1317 4428 sublatae
1332 4395 1428 4444 prorsus
1438 4379 1509 4427 aliter
1518 4379 1598 4427 ieciaae
1607 4380 1749 4427 mentionem
1758 4379 1782 4426 in
1793 4381 1969 4441 Agamemnone

781 4461 916 4520 tragoedia,
934 4465 1044 4510 notares
1062 4465 1105 4508 eat.

814 4540 842 4600 2)
869 4541 936 4602 Apud
960 4541 1093 4604 Vergilium
1116 4543 1185 4589 lasa!
1208 4544 1316 4590 claustra
1339 4542 1412 4589 Siaoe
1435 4555 1482 4588 nou
1499 4545 1582 4604 portae
1599 4541 1638 4589 aed
1655 4541 1709 4604 equi
1727 4541 1807 4604 lignei.
1826 4542 1894 4604 Quae
1911 4540 1969 4588 satia

780 4619 873 4668 inutilia
892 4621 985 4668 videtur
1002 4639 1059 4671 eura
1076 4638 1190 4686 veraeque
1208 4621 1373 4686 κακοζηλία,
1390 4623 1410 4670 ai
1428 4622 1524 4686 quidem
1541 4626 1592 4670 arte
1609 4621 1734 4670 subtiliore
1751 4625 1887 4670 constructa
1905 4636 1969 4670 com·

779 4716 849 4764 pagea
881 4717 927 4749 nou
957 4702 1052 4751 carebat
1077 4704 1149 4753 ianua
1174 4703 1289 4767 ecalieqne
1313 4703 1456 4765 ceterisque.
1482 4702 1507 4750 iu
1532 4701 1617 4766 quibua
1641 4703 1783 4752 exornandis
1808 4703 1969 4751 recentiorum

779 4781 876 4828 beluata
892 4786 928 4828 eet
946 4781 1060 4830 inventio.

812 4863 840 4920 8)
859 4862 975 4910 Herodct.
997 4862 1009 4910 1
1028 4863 1084 4911 1⁹1.
