5125 6150
936 1561 1357 1651 PARALIPOMENA
1385 1562 1628 1652 LYSIAOA.

1221 1811 1345 1852 sonlasl‘r

1122 2010 1164 2074 H.
1194 2009 1224 2074 J.
1257 2009 1437 2074 POLAK.

922 2176 1159 2253 (Continuantur
1182 2199 1218 2239 ea
1246 2177 1311 2240 Vol.
1336 2175 1447 2240 XXIX
1463 2201 1533 2258 pop.
1559 2176 1649 2257 443).

1223 2494 1336 2531 *⁴04-

731 2765 779 2829 Ad
810 2766 969 2828 orationes
1001 2768 1148 2847 quartam
1180 2769 1212 2828 et
1242 2764 1407 2848 quintam,
1441 2762 1493 2827 vel
1525 2767 1632 2848 potine
1656 2765 1695 2829 ad
1718 2765 1776 2829 has
1798 2767 1877 2830 satie

683 2871 832 2936 obscurae
855 2872 1037 2934 orationum
1061 2869 1208 2962 laeiniae,
1233 2890 1295 2933 non
1316 2867 1459 2932 multum
1478 2869 1579 2934 habeo
1598 2869 1681 2953 quod
1702 2872 1744 2934 eit
1763 2891 1875 2955 operae

683 2979 826 3062 pretium
849 2975 974 3053 efferre;
1000 2976 1039 3039 ad
1063 2977 1210 3060 quintam
1235 2974 1332 3052 nihil;
1359 2974 1398 3038 ad
1417 2981 1564 3059 quartam
1585 2978 1694 3059 paucis
1714 2976 1875 3062 disputan-

684 3084 762 3147 dum
786 3084 847 3146 erit
871 3081 909 3145 de
931 3083 972 3145 iie
992 3102 1071 3165 quae
1091 3081 1247 3167 leguntur
1265 3083 1302 3166 ἧς
1318 3078 1460 3146 15-17.
1486 3081 1637 3146 Versatur
1655 3083 1875 3169 fragmentum

682 3192 716 3253 in
748 3190 926 3254 defensione
957 3191 1021 3264 rei,
1055 3190 1110 3272 qui
1134 3190 1203 3252 rixa
1227 3195 1337 3252 exorta
1361 3194 1491 3273 propter
1514 3208 1640 3254 servam
1664 3191 1785 3254 amicae
1807 3188 1875 3255 loeo

682 3298 848 3362 communi
878 3314 949 3359 aere
980 3279 1102 3359 emtam
1132 3295 1171 3358 ab
1203 3294 1384 3359 adversario
1415 3292 1559 3359 vulneris
1582 3294 1805 3378 praemeditati
1829 3316 1877 3360 ar·

682 3404 818 3466 ooeeitur
841 3399 926 3485 apud
949 3402 1164 3485 Areopagum.
1189 3398 1415 3464 Poetulavorat
1437 3419 1510 3462 reue
1533 3406 1572 3463 ut
1594 3420 1702 3477 serva,
1723 3404 1877 3485 primaria

682 3509 831 3572 omnium
865 3507 1106 3569 contentionum
1142 3526 1254 3581 eausa,
1291 3505 1330 3569 ad
1366 3506 1591 3569 testimonium
1625 3526 1682 3589 per
1717 3512 1876 3572 tormenta

682 3612 854 3676 dicendum
890 3610 952 3674 eibi
987 3610 1176 3676 traderetur.
1212 3611 1351 3675 Reoueat
1385 3609 1604 3688 adversarius,
1641 3609 1776 3677 liberam
1808 3634 1875 3678 esee

682 3718 823 3803 fingene;
846 3722 879 3781 at
898 3736 1007 3780 eervoe
1027 3737 1101 3780 euoa
1122 3715 1229 3792 offert,
1250 3735 1389 3799 quorum
1407 3717 1630 3781 testimonium
1649 3716 1689 3781 nd
1708 3738 1777 3782 rem
1793 3717 1876 3781 nihil

682 3824 825 3888 conferre
849 3842 939 3907 poeee
964 3843 1036 3886 reue
1059 3820 1232 3886 contendit.
1257 3823 1288 3904 (ἓ
1304 3821 1359 3901 15)
1382 3823 1415 3885 οὐ
1434 3822 1497 3901 γὰρ
1517 3820 1613 3896 δήπου
1633 3825 1687 3897 τήν
1705 3846 1745 3899 γε
1766 3823 1875 3887 τούτου

682 3930 848 4009 πρόκλησιν
880 3926 1062 4006 πιστοτέραν
1094 3928 1176 4003 ὑμᾶς
1210 3924 1341 4007 νομίζειν
1372 3924 1420 3990 δεῖ
1448 3933 1503 3998 τῆς
1536 3928 1708 4005 ἡμετέρας,
1732 3927 1792 4006 ἐφ’
1815 3923 1873 4000 οἷς

682 4034 754 4105 τοὺς
779 4034 876 4097 αὑτοῦ
900 4031 1021 4104 οἰκέταις
1048 4031 1130 4108 ἠξίου
1153 4028 1387 4110 βασανέζεσέαν.
1411 4024 1432 4096 ἃ
1457 4032 1513 4108 μέν
1537 4033 1600 4111 γὰρ
1625 4032 1727 4096 ἐκεῖνον
1753 4031 1875 4114 ᾔδεσαν,

689 4179 721 4188 -
733 4177 767 4188 -
779 4138 870 4202 -καὶ
886 4141 975 4215 ἡμεῖς
987 4139 1214 4216 ὁμολογοῦμεν·
1228 4138 1254 4201 εἱ
1268 4137 1298 4201 δέ
1311 4137 1593 4216 μεταπεμφθέντες
1607 4139 1623 4213 ἢ
1637 4138 1681 4214 μή
1691 4176 1720 4186 -
1734 4176 1765 4187 -
1779 4176 1810 4187 -
1824 4176 1873 4218 -,

681 4248 777 4318 έκείνν
809 4250 932 4320 μᾶλλον
964 4244 1010 4309 ἂν
1037 4243 1109 4325 ᾔδει.
1143 4243 1179 4308 In
1204 4245 1255 4308 hie
1278 4244 1364 4309 male
1388 4265 1440 4309 me
1462 4243 1634 4321 habuerat,
1659 4251 1697 4308 ut
1721 4242 1875 4311 Gentium

682 4353 778 4429 olim,
803 4353 855 4428 ἐφ’
880 4347 941 4429 οἷς,
966 4351 1051 4435 quod
1075 4372 1159 4415 nuno
1181 4371 1295 4415 eanum
1320 4371 1387 4415 eeee
1405 4349 1607 4415 Thalheimio
1626 4350 1794 4428 adsentior,
1814 4354 1876 4416 etei

683 4462 752 4524 eius
772 4460 953 4523 versionem
971 4463 1049 4535 („eo.
1072 4457 1109 4522 do
1129 4459 1170 4521 iio
1189 4456 1285 4521 rebus
1305 4455 1343 4520 de
1363 4455 1516 4539 quibue”)
1540 4458 1594 4520 vix
1617 4455 1804 4542 intellegere
1823 4477 1875 4521 me

682 4565 794 4628 fateor.
827 4562 933 4628 Immo
956 4584 1032 4628 vero
1056 4568 1104 4627 eet
1127 4565 1149 4625 i.
1170 4584 1199 4646 q.
1225 4558 1270 4626 ὅτε
1295 4560 1344 4625 a>
1368 4561 1485 4633 τούτοις
1510 4576 1591 4640 κτα,
1616 4562 1735 4647 („quod
1758 4562 1874 4627 horum

681 4672 856 4735 eriminum
889 4669 1037 4748 cauea'’);
1070 4669 1183 4734 eodem
1215 4688 1310 4732 eeneu
1342 4666 1466 4732 dietum
1497 4672 1591 4752 atque
1623 4689 1658 4733 ea
1688 4688 1769 4753 quae
1792 4670 1810 4753 ξ
1832 4668 1873 4733 13

683 4776 839 4861 leguntur
859 4776 922 4852 (lari
944 4775 1044 4854 vairp
1062 4798 1091 4837 π.
1112 4773 1201 4856 αἰτία
1219 4773 1421 4851 βασανισθείη
1442 4773 1506 4852 ἄν).
1530 4773 1566 4837 In
1587 4772 1648 4838 flue
1667 4774 1874 4840 renouandum

691 4901 765 4945 oum
789 4878 908 4946 Cobeto
932 4884 963 4944 et
985 4878 1198 4943 Herwerdeno
1221 4876 1259 4942 ἄν
1282 4882 1356 4944 ante
1379 4877 1459 4961 tter,
1484 4878 1568 4965 quod
1591 4879 1748 4963 quomodo
1772 4879 1872 4946 defen-
