5125 6150
789 784 856 849 216
1330 806 1439 852 venre.

835 967 931 1052 Pyth.
957 965 1003 1029 lX
1029 965 1071 1032 79
1246 993 1252 1006 ·
1392 966 1478 1044 ἔγνον
1502 967 1579 1033 ποτά
1602 969 1654 1033 κιο)
1681 969 1798 1034 Ὶδλοιον

969 1073 1022 1136 οὐκ
1046 1073 1319 1149 ἀτιμάσαντά
1343 1097 1386 1136 νιν
1410 1075 1586 1139 ἐπτάτνλοι
1611 1076 1728 1151 Θῆβαι.

788 1175 837 1240 lta
868 1176 942 1241 libri
974 1184 1099 1263 praeter
1129 1176 1180 1254 Bb,
1213 1182 1268 1263 qui
1299 1182 1503 1255 ἀτιμάσαντά
1532 1180 1671 1246 exhibet.
1697 1180 1837 1245 Verbum
1862 1181 1981 1255 άτιμάν

788 1303 844 1366 pro
877 1282 1039 1363 ἀτιμάζειν
1071 1286 1127 1348 vix
1159 1281 1318 1348 Graecum
1351 1286 1479 1350 videtur
1511 1292 1542 1350 et
1573 1289 1644 1350 iure
1676 1286 1846 1370 expulsum
1871 1293 1919 1351 est
1943 1307 1981 1350 ex

787 1386 922 1452 Homeri
963 1389 1167 1453 carminibus.
1209 1388 1347 1454 Pindaro
1390 1390 1540 1455 reddatur
1575 1391 1875 1466 άτιμάττιιντιι
1912 1393 1981 1455 6116

787 1494 1060 1574 ἀτιμάζοντα.
1094 1497 1303 1572 ’Λτιμοῡν,
1337 1515 1399 1580 quo
1422 1495 1585 1561 interdum
1609 1499 1726 1583 tragici
1749 1498 1799 1560 usi
1823 1502 1899 1560 sunt
1923 1517 1980 1580 pro

787 1598 962 1679 ἀτιμάζειν,
994 1622 1056 1664 11611
1087 1605 1135 1664 661
1166 1600 1388 1678 Pindaricum
1422 1608 1472 1667 est
1501 1602 1677 1683 ἀτιμάζειν,
1711 1609 1748 1666 111
1779 1607 1912 1688 apparet
1940 1622 1980 1666 ex

787 1705 1041 1779 ἀτιμασθείς
1061 1706 1098 1769 fr.
1127 1704 1201 1769 123.

832 1809 868 1874 0.
899 1809 1072 1875 Schroeder
1100 1809 1198 1876 Proll.
1230 1811 1324 1875 Pind.
1355 1810 1386 1874 II
1417 1833 1448 1896 p.
1479 1811 1520 1878 17
1541 1835 1588 1899 sq.
1618 1812 1859 1897 pseudodoricas
1890 1811 1981 1876 ducit

788 1915 904 1981 formas
923 1915 1014 1981 Pind.
1037 1916 1072 1979 P.
1093 1916 1140 1979 XI
1162 1916 1204 1980 38
1225 1917 1368 1989 ἑδινάάνν.
1390 1915 1414 1981 1.
1433 1915 1493 1982 Vb
1514 1919 1707 1986 destructrum.
1729 1916 1834 1982 Simul
1846 1916 1979 1981 Theocr‘.

787 2019 895 2083 XXIV
921 2020 963 2086 10
986 2020 1089 2084 δι’νιιτε
1114 2024 1205 2085 iuxta
1229 2022 1347 2086 formas
1371 2021 1523 2107 vulgares
1542 2022 1573 2086 II
1594 2022 1647 2087 30.
1671 2020 1729 2085 XV
1749 2022 1803 2087 28.
1827 2020 1979 2107 Bacchyl.

786 2124 813 2186 V
837 2125 858 2189 2
889 2126 984 2190 habet
1016 2126 1227 2202 ἱπποδινήτων,
1252 2134 1285 2191 61
1308 2126 1384 2192 XVI
1411 2128 1451 2192 18
1476 2131 1635 2214 diffamer,
1661 2129 1717 2193 ubi
1740 2127 1833 2192 valde
1857 2130 1980 2192 11166116

786 2230 891 2296 166116.
917 2230 1012 2295 Tuari
1032 2237 1139 2296 tamen
1160 2232 1287 2296 videtur
1305 2232 1449 2298 vocalem
1469 2236 1492 2296 ῖι
1511 2234 1612 2298 forma
1632 2233 1744 2298 δινάιιοι
1765 2233 1848 2298 16616
1867 2230 1979 2298 Lan.

790 2335 864 2413 113,
879 2334 914 2413 Ο,
940 2338 961 2399 4
991 2339 1024 2400 in
1054 2336 1127 2422 lege
1155 2336 1257 2401 Elidis
1289 2336 1375 2403 Sacc.
1406 2359 1434 2403 a.
1466 2336 1501 2404 Ο.
1525 2337 1578 2404 Vl.
1613 2339 1745 2404 Accedit
1768 2338 1853 2423 quod
1879 2341 1980 2403 etiam

787 2441 924 2507 aliorum
955 2443 1125 2507 verborum
1156 2447 1397 2508 terminationes
1426 2447 1552 2508 variant
1579 2444 1980 2521 1111116166116,111τιμέω

787 2547 932 2612 doricum
956 2550 1228 2632 661ρτοτιμάιν,
1252 2548 1355 2612 πονάιι
1380 2548 1536 2614 aeolicum
1560 2571 1617 2634 pro
1641 2552 1745 2614 πονέοι.
1770 2548 1856 2614 Fieri
1876 2552 1982 2635 igitur

787 2662 908 2739 potest,
937 2660 975 2717 ut
1003 2658 1125 2720 ratione
1156 2658 1283 2721 inversa
1314 2656 1434 2720 formae
1464 2655 1616 2741 vulgares
1645 2677 1664 2721 a
1696 2656 1836 2721 librariis
1871 2656 1982 2740 depra-

787 2766 879 2824 vatae
902 2762 976 2825 sint.

1358 3151 1411 3216 IV.

1170 3351 1400 3399 aarsrorunnrs
1422 3352 1471 3408 no.
1498 3332 1595 3397 1399.

832 3517 874 3578 τά
900 3516 1004 3580 κάνειοι
1027 3516 1139 3591 μιγνὺς
1164 3523 1226 3589 τοῖς
1250 3515 1352 3587 ὀνείοις
1376 3539 1400 3578 π
1409 3538 1423 3592 p
1433 3515 1454 3579 ά
1466 3540 1487 3592 7
1499 3543 1522 3588 μ
1534 3541 1554 3578 οι
1565 3539 1601 3577 τι
1613 3540 1636 3580 ν.

788 3621 921 3705 Semper
944 3620 1029 3685 male
1052 3642 1104 3685 me
1127 3622 1240 3685 habuit
1264 3624 1423 3705 perminus
1447 3622 1499 3685 hic
1524 3643 1600 3685 usus
1620 3620 1767 3685 vocabuli
1787 3625 1924 3700 τράγμιι
1946 3635 1980 3688 et

787 3748 888 3812 nuper
909 3730 1050 3810 inspecta
1073 3729 1248 3790 novissima
1271 3725 1453 3790 Leeuwenii
1476 3727 1573 3790 huius
1597 3725 1721 3790 fabulae
1745 3727 1883 3791 editione
1908 3728 1978 3792 vidi

785 3855 887 3918 neque
909 3834 984 3897 huic
1008 3853 1123 3896 sanum
1147 3833 1258 3896 videri.

831 3938 913 4002 Nata
943 3940 1025 4002 mihi
1056 3945 1105 4003 est
1135 3941 1289 4023 suspicio,
1323 3959 1420 4023 quam
1447 3959 1510 4001 non
1534 3940 1601 4001 siue
1625 3937 1824 4004 dubitatione
1849 3940 1918 4002 eius
1943 3947 1974 4003 et

786 4044 924 4108 aliorum
945 4044 1065 4107 iudicio
1089 4044 1296 4119 submittam,
1322 4051 1448 4127 poetam
1473 4043 1611 4107 dedisse:

831 4149 873 4213 τά
898 4149 999 4212 κάνεια
1025 4149 1136 4224 μιγνὺς
1162 4156 1224 4217 τοῖς
1248 4148 1350 4217 ὀνείοις
1377 4148 1643 4226 (πήγμασιν

785 4258 807 4319 1.
832 4276 858 4320 e.
885 4254 1106 4340 farcimiaibas
1140 4254 1241 4316 carnia
1275 4253 1422 4317 asininae.
1461 4252 1590 4337 Optime
1620 4254 1749 4337 quidam
1777 4257 1842 4319 scio
1874 4255 1976 4319 subst.

787 4362 902 4435 τάγμιι
934 4380 1089 4442 nusquam
1120 4380 1156 4423 ec
1179 4379 1273 4422 sensu
1297 4364 1489 4441 usurpatum
1514 4358 1606 4423 hodie
1630 4358 1713 4445 legi,
1738 4360 1792 4423 sed
1816 4363 1862 4424 ita
1886 4382 1977 4425 usur-

786 4467 855 4549 pari
885 4465 1019 4544 poterisne
1052 4463 1147 4527 fidem
1183 4463 1258 4527 facit
1292 4463 1400 4527 creber
1435 4464 1524 4527 verbi
1553 4466 1678 4529 τάττειν
1710 4486 1787 4529 116116
1810 4467 1978 4549 ,farciendi

786 4588 879 4631 sensu
903 4568 1049 4633 adhibiti.
1074 4566 1145 4633 Vid.
1170 4567 1325 4652 Stephani
1349 4569 1538 4633 thesaurum
1561 4593 1585 4634 s.
1608 4592 1638 4635 v.
1663 4571 1693 4636 ΙΙ
1717 4593 1747 4656 p.
1773 4569 1815 4636 97
1829 4592 1874 4656 sq.

1286 4813 1480 4823 ——-
