5125 6150
807 831 872 912 364
1317 848 1483 896 averanus.

806 1012 858 1078 ιιοιὶ
891 1011 1043 1090 διιιιιθψοιν
1076 1009 1173 1092 ἄχρι
1204 1016 1269 1076 τοῦ
1303 1011 1484 1076 διελθεῖν
1513 1011 1627 1089 μένει
1651 1021 1705 1091 (an
1728 1013 1941 1093 θμμὲνειῖ)
1964 1039 1999 1078 τι

805 1119 856 1184 νισι)
889 1117 969 1183 πολὺ
998 1122 1052 1183 τοῦ
1075 1117 1245 1198 capuanos
1268 1118 1408 1198 νὶΦθησιν.
1432 1118 1545 1184 Nonne
1568 1119 1710 1184 adversis
1733 1120 1894 1185 frontibus
1917 1123 2000 1186 inter

804 1246 837 1289 se
857 1231 1001 1310 pugnant
1026 1221 1124 1304 ἄχρι
1149 1229 1215 1288 τοῦ
1238 1223 1434 1302 διελθεῖν,
1457 1227 1479 1290 i.
1500 1246 1526 1290 e.
1547 1245 1583 1290 eo
1604 1246 1704 1310 usque
1725 1231 1763 1289 ut
1781 1247 1877 1311 scopo
1899 1232 1999 1291 trans·

804 1331 867 1396 fixo
892 1334 1011 1417 sagitta
1034 1330 1119 1395 ultra
1141 1330 1228 1397 volet
1252 1368 1294 1380 —
1318 1352 1393 1397 nam
1418 1333 1503 1397 huno
1526 1353 1655 1397 sensum
1679 1332 1775 1397 verbo
1799 1331 1931 1396 διελθεῖν
1953 1335 1999 1396 in·

804 1457 871 1502 esse
901 1438 998 1503 verba
1026 1457 1123 1520 supra
1154 1457 1172 1502 a
1202 1458 1255 1501 me
1285 1436 1415 1502 laudata
1444 1437 1624 1503 luculenter
1651 1437 1872 1503 demonstrant
1898 1443 1999 1503 -et

803 1543 965 1620 μένεινθ
1000 1543 1071 1608 Una
1100 1542 1209 1608 littere
1238 1543 1407 1608 eximenda
1437 1551 1486 1607 est
1517 1549 1549 1608 et
1580 1542 1772 1629 legendum:
1805 1540 1903 1622 ἄχρι
1928 1548 1997 1608 τοῦ

805 1648 975 1726 διελεῖν,
1006 1649 1052 1712 ita
1076 1655 1109 1711 ct
1131 1649 1320 1732 diffindctar.
1345 1649 1396 1713 Ad
1419 1670 1515 1734 quem
1538 1670 1634 1714 usum
1660 1649 1749 1714 verbi
1772 1649 1998 1714 conserature

722 1833 726 1843 ¹
803 1753 955 1838 plurimis
985 1753 1024 1818 D.
1051 1753 1090 1817 D.
1115 1753 1199 1818 8.l:
1230 1755 1341 1819 δθελέ
1373 1776 1433 1829 μου
1464 1756 1518 1828 την
1542 1754 1695 1833 κεφιιλιθν.
1719 1753 1862 1820 Eandem
1889 1756 1998 1820 confu-

803 1861 925 1925 sionem
944 1866 1129 1925 notaveram
1149 1863 1182 1923 in
1203 1859 1296 1945 Apol.
1318 1858 1352 1927 0.
1377 1861 1435 1924 ll:
1462 1859 1600 1925 διελὼν
1623 1860 1658 1935 δη
1683 1859 1734 1925 ιιιιὶ
1760 1860 1824 1944 ῖδῖᾳ
1847 1861 1997 1931 ιισιτιιθεδι

804 1965 946 2045 ἑκάτερον
969 1965 1076 2031 σιιθτει
1100 1987 1157 2052 pro
1181 1964 1344 2031 διελθών
1367 1968 1549 2032 restituens.

848 2179 942 2244 Varie
966 2184 1125 2245 tentatum
1149 2179 1300 2265 estquod
1323 2182 1357 2244 in
1381 2179 1500 2243 Ιινιθθοθο
1529 2180 1681 2244 Vocatium
1705 2178 1753 2260 (O.
1779 2179 1814 2261 2)
1838 2180 1923 2247 Mes.
1947 2202 1998 2246 ex·

803 2287 931 2351 hibent:
954 2285 1018 2357 δέος
1039 2284 1071 2349 δὲ
1090 2286 1124 2350 οὐ
1143 2285 1249 2361 μικρθν
1269 2308 1320 2359 μοι
1341 2285 1407 2349 ἐπὶ
1428 2293 1513 2357 τοῖς
1534 2292 1587 2358 τιῑι
1609 2287 1805 2365 οὶιιοθλθψειις
1824 2286 1996 2367 ἐπέρχεται

802 2401 856 2468 σιῑο
883 2394 1030 2470 θμιιυτοῡ.
1061 2392 1125 2458 Ριο
1149 2399 1234 2457 certo
1256 2391 1340 2455 nihil
1363 2391 1520 2456 affirmare
1543 2395 1658 2469 ausim,
1682 2391 1737 2456 sed
1758 2391 1823 2457 loci
1846 2396 1934 2458 ratio
1958 2392 1997 2458 ad

803 2499 931 2564 ε’νθοτε
967 2499 1081 2562 ducere
1112 2497 1241 2562 videtur
1270 2518 1328 2562 nec
1360 2496 1543 2562 litterarum
1576 2498 1692 2563 duetus
1726 2506 1925 2584 repugnant.
1960 2499 1996 2563 In

803 2603 839 2671 G.
866 2604 885 2667 6
908 2626 971 2668 non
994 2603 1138 2680 dederat,
1163 2606 1286 2687 opinor,
1310 2605 1362 2667 οὐκ
1382 2602 1419 2667 οἰν
1441 2602 1567 2677 ἠκούσθη
1593 2603 1720 2681 μθνον,
1745 2604 1797 2669 sed
1825 2605 1867 2667 τδ
1894 2601 1993 2681 θλον,

802 2709 918 2773 annino
949 2730 1009 2774 non
1034 2708 1208 2773 audiretur.
1231 2707 1283 2772 Sic
1306 2710 1340 2772 in
1364 2706 1507 2773 Timonis
1532 2706 1567 2775 0.
1592 2709 1650 2773 16:
1676 2710 1757 2786 μήτε
1780 2707 1993 2791 ἀφεξομένους

801 2815 836 2879 τθ
860 2814 1012 2895 caparae
1035 2816 1116 2889 μήτε
1141 2814 1360 2893 προησομένους
1383 2816 1425 2879 τθ
1448 2812 1466 2878 θ’
1472 2829 1549 2880 λον.

849 3028 961 3091 Parnon.
985 3024 1019 3093 O.
1045 3026 1082 3090 9:
1109 3025 1160 3090 ιιοιδ
1184 3025 1245 3103 μην
1268 3025 1301 3090 οὐ
1326 3025 1497 3106 τοοοττέος
1519 3027 1591 3108 οὶνὴρ
1611 3026 1676 3092 οὐδὲ
1696 3028 1892 3104 ἀμελητέος·
1919 3027 1990 3096 elad·

800 3159 859 3208 τως
889 3135 952 3211 γὰρ
978 3131 1205 3209 ἠγανάκτει
1229 3132 1407 3212 δυστυχῶν·
1434 3133 1523 3196 εἰιεδ
1548 3133 1615 3197 cal
1641 3132 1732 3210 ὅμοιοι
1756 3137 1986 3213 τοιιθσομεν

799 3248 862 3310 τοῖς
897 3237 1085 3318 κοιτοιροθτοις
1120 3238 1246 3315 ιιθλσιξιν
1282 3240 1402 3310 ἐκείνοις
1436 3239 1669 3314 ἐπιλελησμένοι
1704 3239 1810 3318 ἀνδρὸς
1848 3248 1986 3308 τοσοῦτο

756 3328 758 3332 ¹
797 3348 892 3423 μηρίον
917 3343 1034 3425 ταύρων
1057 3368 1091 3407 τε
1113 3344 1164 3406 aa}
1190 3344 1287 3419 αἰνῶν
1311 3344 1448 3408 τιθτοιτοι
1473 3346 1647 3414 κονὺσιιντος
1672 3346 1743 3421 ἡμῖν
1769 3345 1819 3409 ε’τδ
1845 3354 1906 3411 τῶν
1930 3348 1985 3425 βυ-

798 3459 871 3528 μῶν.
897 3452 959 3531 Qui
982 3452 1058 3515 haec
1082 3472 1144 3515 nou
1167 3452 1288 3534 optime
1312 3450 1477 3535 procedere
1502 3450 1746 3528 intellexerunt,
1770 3450 1984 3518 Fritzschium

798 3565 960 3624 auctorem
993 3560 1094 3621 secuti
1126 3578 1181 3640 pro
1211 3557 1397 3643 imperfecto
1426 3579 1572 3642 praesens
1596 3564 1724 3644 tempus
1748 3560 1987 3635 ιὶγσνιιιιτεῖ

797 3667 981 3730 restituunt.
1022 3664 1204 3747 Perperam.
1244 3662 1363 3749 Relege
1398 3669 1506 3727 totum
1542 3671 1655 3750 caput3
1692 3667 1859 3749 apparebit
1896 3687 1984 3732 omne

798 3770 943 3836 studium
968 3768 1062 3832 adid
1086 3770 1225 3833 conferre
1248 3790 1357 3854 regern
1381 3769 1513 3834 deorum
1541 3777 1575 3834 nt
1597 3772 1718 3855 ingrati
1742 3773 1843 3835 animi
1867 3776 1985 3837 crimen

797 3879 831 3940 in
862 3878 970 3940 virum
1000 3875 1121 3957 optime
1151 3873 1189 3937 de
1220 3895 1253 3938 se
1283 3878 1439 3939 meritum
1470 3874 1604 3959 repellat
1634 3881 1667 3940 et
1697 3874 1890 3953 amoliatur;
1926 3900 1985 3943 non

798 3981 905 4065 aliqua
932 4001 989 4044 sua
1017 3978 1109 4064 culpa
1136 3979 1257 4043 factum
1285 4002 1369 4057 esse,
1394 3989 1432 4044 nt
1455 3981 1493 4044 ad
1518 3983 1738 4066 turpissimam
1761 3989 1983 4066 paupertatem

799 4110 869 4153 osor
904 4088 1030 4171 generis
1061 4087 1193 4149 humani
1225 4086 1373 4171 delapsus
1406 4090 1465 4163 sit3
1498 4087 1558 4150 sibi
1590 4090 1674 4151 enim
1704 4107 1780 4172 prae
1811 4090 1988 4154 innumeris

797 4176 935 4279 negotiis
971 4197 1003 4255 et
1037 4199 1126 4256 metu
1162 4191 1407 4275 sacrilegorum,
1449 4194 1580 4256 auribus
1615 4196 1751 4278 strepitu
1783 4200 1817 4257 et·
1852 4194 1988 4261 clamore

799 4300 1008 4385 peierantium
1040 4304 1072 4361 et
1102 4296 1295 4362 violantium
1327 4305 1359 4362 et
1389 4301 1584 4383 rapientium
1615 4300 1818 4376 sonantibus,
1842 4303 1911 4366 iam
1936 4302 1988 4367 diu

798 4427 837 4471 ne
868 4406 1029 4470 vacavisse
1060 4403 1189 4488 quidem
1222 4403 1330 4468 oculos
1361 4406 1395 4468 in
1427 4410 1545 4468 terram
1573 4405 1716 4469 Atticam
1740 4408 1914 4472 coniicere:
1940 4406 1988 4471 διθ

797 4517 903 4578 τοῦτον
935 4547 977 4558 -
1009 4510 1059 4573 his
1091 4509 1307 4575 defensionem
1338 4509 1476 4575 absolvit
1500 4549 1543 4558 —
1573 4510 1624 4574 νοιδ
1656 4516 1760 4576 τοῦτον
1794 4512 1987 4588 ἀμεληθῆναι

799 4617 910 4695 ξυνέβη
936 4617 1007 4693 πρὸς
1028 4618 1110 4690 ἡμῶν
1132 4618 1164 4680 οὐ
1184 4621 1307 4696 Φιιῡλσν
1325 4614 1408 4681 θντσι.
1433 4616 1483 4681 Ex
1503 4637 1566 4701 quo
1585 4616 1752 4703 colligitur
1771 4621 1988 4704 superioribus

797 4725 878 4789 hanc
902 4724 1092 4787 sententiam
1116 4725 1217 4787 inesse
1240 4723 1401 4788 debuisse:
1426 4722 1498 4787 Iure
1522 4724 1613 4788 nobis
1636 4724 1675 4787 ob
1699 4723 1867 4790 adversam
1892 4727 1987 4792 fortu-

798 4850 872 4892 nam
902 4829 1017 4893 Timon
1049 4836 1262 4906 succenseret,
1296 4832 1323 4893 si
1354 4851 1410 4894 nos
1442 4851 1566 4914 quoque
1596 4832 1659 4894 viri
1683 4833 1739 4915 qui
1763 4836 1811 4895 tot
1834 4837 1869 4896 et
1892 4835 1987 4897 tantis

800 4935 960 4999 sacrificiis
983 4957 1039 5000 nos
1062 4934 1162 4999 coluit
1182 4934 1276 4999 obliti
1296 4936 1404 5000 eadem
1425 4937 1610 5001 fecissemus
1628 4958 1708 5021 quae
1728 4938 1915 5002 exsecrandi
1933 4939 1985 5002 isti
