5125 6150
679 804 723 907 titt
1164 821 1374 871 meorumue.

679 986 744 1053 illis
776 984 957 1051 obtulerant
987 984 1252 1066 Lacedaemonii),
1285 990 1348 1052 rati
1379 1009 1506 1074 prorsus
1532 994 1616 1053 recta
1638 989 1750 1054 habere
1773 992 1869 1054 inter·

680 1096 879 1181 rogationem
909 1113 1005 1177 quam
1036 1095 1140 1177 primo
1172 1096 1282 1158 statim
1312 1094 1431 1160 iudicio
1459 1095 1597 1160 fecerant
1618 1101 1712 1180 atque
1735 1093 1866 1160 illorum

680 1201 810 1266 arbitrio
835 1198 1031 1283 libidineque
1054 1220 1087 1263 se
1110 1202 1176 1263 iam
1199 1221 1218 1264 a
1241 1199 1366 1266 foedere
1390 1200 1534 1266 exclusos
1558 1207 1590 1265 et
1611 1199 1743 1266 violatos
1763 1204 1868 1266 existi-

681 1313 821 1383 mantes,
846 1326 956 1369 rursus
980 1303 1125 1391 singulos
1149 1305 1321 1390 productos
1344 1310 1526 1393 iterumque
1548 1311 1756 1394 interrogatos
1776 1329 1868 1371 num·

681 1412 757 1498 quid
787 1414 821 1475 in
845 1412 1002 1496 praesenti
1024 1410 1107 1476 bello
1131 1411 1169 1476 de
1192 1411 1451 1479 Lacedaemoniis
1474 1435 1648 1499 eorumque
1672 1417 1764 1479 sociis
1788 1415 1866 1479 bene

680 1521 789 1584 meriti
809 1524 930 1595 essent,
951 1519 1007 1583 ubi
1026 1527 1181 1604 negarent
1198 1519 1351 1585 abductos
1363 1520 1593 1586 interficiebant
1604 1523 1671 1585 sine
1684 1523 1866 1606 exceptione

681 1624 823 1691 omues'’.

724 1836 982 1921 fflefflqi

725 1943 819 2016 οὕτως
850 1945 915 2020 ωἰμίρ
941 1943 1042 2020 (ἢν)
1065 1943 1176 2015 στοίσις
1208 1946 1405 2024 προυχώρησε
1414 1993 1423 2023 ,
1447 1945 1500 2010 καί
1525 1943 1607 2020 {lofe
1632 1949 1765 2022 μᾶλλον,
1791 1943 1865 2009 διότι

681 2052 711 2116 έν
745 2059 807 2122 τοῖς
844 2051 944 2129 πρώτη
981 2049 1119 2127 έγένετο,
1153 2049 1218 2115 tut
1251 2048 1374 2130 ὕστερόν
1405 2075 1444 2128 γε
1476 2052 1527 2116 καί
1561 2056 1624 2117 πῖον
1648 2054 1687 2123 ὥς
1710 2053 1807 2117 εἰπεῖν
1830 2052 1866 2114 τὸ

679 2159 859 2232 Ἑλληνικὸν
883 2156 1017 2238 έκινιὶίν,
1043 2156 1191 2236 διαφορῶν
1216 2160 1308 2223 οὐσῶν
1331 2158 1514 2239 ἑκασταχοῦ
1538 2167 1602 2230 τοῖς
1626 2182 1661 2222 τε
1684 2164 1742 2223 τῶν
1765 2158 1866 2236 δήμων

681 2263 872 2346 προστάταις
904 2264 975 2335 τοὺς
1005 2264 1179 2339 Ἀίιιναίους
1205 2265 1381 2343 ε’ποίγεσίαι
1406 2267 1456 2330 καί
1481 2274 1545 2337 τοῖς
1569 2266 1684 2342 ὀλίγοις
1708 2266 1776 2336 τοὺς
1801 2275 1868 2330 Λα-

680 2372 898 2450 κεδαιμονίους.
930 2372 989 2435 Καί
1021 2373 1051 2435 έν
1081 2372 1138 2448 μέν
1167 2373 1264 2455 εἰρήνῃ
1295 2376 1348 2438 οὐκ
1380 2372 1419 2437 ἂν
1451 2372 1583 2454 ε’χίντων
1613 2372 1779 2453 πρίφασιν,
1805 2372 1866 2436 οὐδ’

681 2479 851 2556 ἑτοίμων
884 2485 1079 2557 παρακαλεῖν
1110 2479 1239 2550 αὐτούς’
1265 2479 1500 2557 πολεμουμένων
1522 2477 1572 2557 δέ,
1597 2478 1649 2543 καί
1673 2476 1865 2558 ξυμμαχίας

681 2582 753 2662 ἅμα
784 2583 935 2661 ἑκατέροις
967 2584 1108 2661 (οὔσης
1141 2585 1268 2663 tabl)
1300 2595 1338 2667 τῇ
1374 2587 1433 2649 τῶν
1468 2585 1608 2651 ἐναντίων
1643 2586 1772 2650 κακώσει
1811 2585 1863 2647 καί

681 2692 787 2771 σφίσιν
810 2693 915 2761 αὐτοῖς
940 2690 975 2754 έιι
998 2694 1050 2755 τοῦ
1075 2691 1170 2756 αὐτοῦ
1196 2692 1406 2772 προσποιήσει,
1431 2693 1537 2776 ῥαδίως
1557 2693 1589 2757 αί
1611 2691 1779 2769 έταγωγαί
1801 2700 1864 2762 τοῖς

682 2793 861 2876 νεωτερίζειν
885 2820 914 2860 τι
939 2795 1135 2874 βουλομένοις
1157 2797 1404 2878 ἐπορίζοντο.

713 2918 739 2981 a)
757 2916 771 2971 ἡ
789 2918 841 2966 add.
862 2918 1009 2981 Kruegerua5
1036 2917 1062 2981 b)
1080 2916 1154 2976 οίσιιρ
1171 2917 1213 2967 ἐπί
1229 2918 1308 2985 suppl.
1326 2919 1510 2969 Herwerdenna.

725 3015 826 3082 Docet
849 3037 900 3082 me
924 3024 1093 3103 apparatus
1116 3022 1245 3085 criticus
1269 3019 1439 3084 Hudianus
1463 3040 1519 3105 pro
1538 3026 1687 3104 corrupto
1708 3017 1864 3084 adiectivo

681 3124 763 3188 έτοί
770 3149 849 3198 μων
880 3123 1077 3190 Olassenium
1110 3129 1311 3213 proposuisse
1337 3126 1540 3203 ,,ε’το’λμων
1564 3124 1616 3190 vel
1639 3126 1764 3199 έτοῑμ·
1788 3122 1863 3199 ἦν’.

681 3230 838 3316 Equidem
875 3252 946 3296 vero
980 3234 1045 3297 iam
1082 3234 1224 3297 Μαοιιιοι.
1257 3233 1298 3299 N.
1322 3233 1351 3297 S.
1389 3232 1455 3296 Vol.
1487 3232 1520 3294 X
1545 3253 1576 3316 p.
1602 3231 1668 3297 418
1692 3251 1755 3317 seq.
1790 3238 1864 3295 ante

681 3336 899 3414 Classenium,
923 3343 961 3402 ut
982 3342 1102 3423 opinor,
1127 3339 1234 3404 dedita
1258 3360 1353 3425 opera
1375 3337 1535 3424 explicavi
1555 3341 1646 3403 unice
1666 3359 1780 3403 verum
1798 3357 1865 3402 esse

681 3444 873 3519 έτίλμων.

726 3550 889 3616 Sententia
919 3571 1000 3634 quae
1029 3554 1143 3638 incipit
1173 3575 1191 3618 a
1223 3553 1328 3618 verbis
1358 3550 1411 3615 καί
1445 3551 1475 3614 έν
1506 3551 1561 3624 μέν
1585 3550 1681 3630 etiem
1703 3589 1745 3600 —
1769 3554 1864 3616 sicuti

679 3661 855 3724 rectissime
881 3661 1081 3743 interpunxit
1103 3658 1197 3724 Imm.
1223 3658 1408 3734 Bekkerns,
1434 3677 1530 3740 quem
1553 3659 1678 3721 utinam
1701 3662 1732 3721 et
1755 3657 1808 3722 bic
1832 3664 1864 3722 et

679 3785 803 3850 semper
834 3763 898 3829 fere
921 3771 1049 3828 secutus
1072 3771 1155 3829 esset
1177 3764 1307 3829 Hudius
1332 3802 1375 3812 -
1400 3762 1522 3827 duobus
1545 3764 1672 3827 omnino
1695 3761 1773 3827 colis
1796 3784 1865 3827 oon-

678 3873 763 3936 sistit
794 3873 878 3933 inter
908 3891 939 3933 se
970 3873 1153 3948 contrariis,
1178 3892 1314 3956 quorum
1339 3876 1512 3953 utrumque
1535 3870 1569 3931 in
1592 3870 1746 3954 principio
1769 3869 1865 3933 habet

678 3979 866 4063 genetivum
897 3974 1099 4053 absolutum,
1132 3975 1269 4041 alterum
1299 3983 1407 4039 autem
1431 3972 1590 4038 clauditur
1613 3977 1646 4037 iu
1670 3982 1864 4053 παρακαλεῖν

679 4082 809 4159 αὐτούς,
833 4081 971 4146 alterum
995 4084 1028 4145 in
1050 4083 1226 4163 ἐπορίζοντο.
1251 4081 1338 4161 Quae
1359 4102 1433 4145 cum
1452 4082 1498 4144 ita
1519 4081 1599 4155 sint,
1620 4082 1704 4144 iusta
1722 4083 1864 4166 partium

677 4190 866 4275 compositio
906 4191 1018 4273 utique
1051 4191 1154 4273 poscit
1188 4196 1226 4252 ut
1259 4187 1386 4272 imperf.
1422 4184 1596 4249 indicativo
1631 4184 1797 4267 ἐπορίζοντο
1831 4189 1864 4250 in

678 4297 839 4378 superiore
869 4292 937 4358 colo
969 4291 1049 4357 alter
1079 4293 1204 4377 imperf.
1229 4293 1343 4357 modus
1366 4291 1561 4355 indicativus
1582 4291 1777 4375 respondeat.
1803 4292 1866 4357 Ubi

678 4421 753 4464 vero
776 4400 830 4465 ille
853 4399 1046 4464 indicativus
1070 4398 1252 4464 delitescere
1276 4404 1381 4483 potest
1403 4399 1466 4461 nisi
1488 4399 1521 4460 in
1545 4394 1679 4460 molesta
1701 4400 1763 4463 ista
1787 4419 1863 4463 voce

680 4503 870 4576 ίτοίμωνί
904 4505 1021 4588 quidve
1044 4510 1110 4568 tam
1134 4504 1302 4569 literarum
1327 4503 1475 4567 ductibus
1500 4524 1595 4587 quam
1619 4505 1770 4568 orationis
1793 4525 1863 4569 oon-

679 4613 783 4674 textui
806 4612 911 4694 magis
934 4617 1179 4674 consentaneum
1202 4616 1250 4675 est
1274 4630 1371 4694 quam
1395 4609 1409 4671 ε’
1417 4606 1459 4672 τί
1466 4605 1593 4682 abac?

723 4714 838 4780 Verte:

726 4824 791 4896 „Ac
811 4841 885 4904 pace
906 4821 1034 4904 quidem
1055 4824 1286 4907 <optimatium
1306 4821 1458 4885 factiones
1474 4818 1728 4905 populorumque
1740 4821 1860 4889 duces>

678 4929 778 4991 socios
810 4946 883 4990 suos
914 4945 1067 4992 arcessere
1097 4949 1137 4993 ne
1166 4931 1311 4992 animum
1343 4924 1472 5011 quidem
1502 4925 1707 5009 inducebant,
1741 4931 1860 5013 quippo
