5125 6150
691 825 758 890 298
1128 844 1170 890 nu
1193 843 1301 893 narnis
1325 844 1438 891 nnana

689 1007 732 1072 Et
763 1007 940 1095 Vergilius,
972 1029 1169 1095 quamquam
1199 1010 1238 1073 ab
1262 1011 1332 1073 eius
1356 1009 1489 1075 consilio
1514 1009 1650 1098 Cybeles
1672 1016 1795 1078 mentio
1820 1014 1890 1081 fere

690 1113 792 1178 aliena
815 1122 900 1192 erat,
925 1121 1091 1200 tamquam
1115 1115 1302 1199 imprudens
1325 1115 1423 1181 semel
1447 1116 1561 1182 saltem
1586 1118 1805 1185 Romanorum
1830 1143 1891 1185 nu-

690 1223 818 1285 minum
838 1221 956 1286 oblitus
975 1225 1008 1285 in
1028 1221 1139 1286 Idaeae
1157 1219 1325 1306 religionis
1337 1227 1526 1288 memoriam
1538 1224 1660 1289 incidit.
1681 1229 1761 1291 Aen.
1774 1227 1805 1291 ll
1820 1226 1889 1294 772

689 1326 809 1393 Creusa
827 1330 993 1414 quaerenti
1012 1331 1145 1415 coniugi
1164 1329 1292 1392 obviam
1311 1329 1395 1393 facta
1415 1334 1518 1414 primo
1538 1331 1668 1416 quidem
1687 1335 1733 1397 ita
1754 1354 1890 1398 causam

686 1434 807 1498 indicat
825 1455 883 1498 cur
902 1456 934 1499 ee
954 1433 1093 1520 relinqui
1112 1438 1145 1498 in
1167 1438 1271 1520 patria
1291 1438 1333 1499 sit
1354 1457 1496 1515 necesse,
1519 1440 1610 1523 quasi
1623 1437 1760 1504 Romani
1773 1450 1890 1525 poetae

687 1544 880 1607 sententiam
903 1541 941 1606 de
966 1541 1014 1605 dis
1038 1544 1105 1605 suis
1129 1548 1280 1625 sequatur
1304 1547 1366 1622 (vs.
1393 1540 1488 1623 777):

808 1726 817 1743 .
1037 1669 1101 1712 non
1125 1648 1202 1711 haee
1226 1651 1294 1712 sine
1318 1652 1450 1714 numine
1474 1650 1588 1714 divum

822 1755 975 1820 eveniunt
983 1774 991 1830 ;
1016 1773 1074 1817 nec
1097 1759 1129 1817 te
1152 1753 1227 1817 hinc
1250 1757 1403 1819 comitem
1426 1762 1586 1841 asportare
1610 1757 1764 1824 Creusam

822 1861 869 1924 fas
893 1865 949 1923 aut
972 1857 1029 1923 ille
1053 1861 1131 1922 sinit
1154 1860 1256 1940 superi
1280 1868 1421 1940 regnator
1449 1861 1566 1946 Olympi
1572 1890 1587 1937 ,-

685 1965 740 2031 eed
771 1965 923 2031 decedens
954 1963 1050 2028 aliam
1083 1963 1251 2048 profitetur
1283 1965 1480 2044 doctrinam,
1517 1989 1631 2053 nempe
1667 1967 1767 2033 talem
1803 1991 1889 2055 quae

686 2092 797 2156 regem
821 2071 954 2136 deorum
977 2072 1131 2155 superiori
1155 2073 1340 2135 summittat
1363 2075 1515 2156 potestati
1539 2078 1599 2152 (vs.
1625 2070 1721 2154 788);

827 2176 902 2253 „sed
925 2197 977 2241 me
1000 2199 1107 2256 magna
1129 2178 1214 2240 detera
1234 2177 1373 2257 genetrix
1395 2178 1447 2241 his
1469 2177 1606 2243 destinat
1630 2180 1725 2244 orie”.

734 2282 807 2347 Utri
833 2285 1007 2347 sententiae
1030 2282 1175 2359 credam,
1201 2283 1351 2367 equidem
1375 2304 1437 2347 non
1462 2284 1583 2349 dubito.
1607 2284 1771 2351 Extremie
1796 2290 1889 2353 enim

688 2390 795 2456 verbis
813 2391 979 2474 antiquam
1000 2389 1038 2453 de
1058 2388 1195 2455 Creusae
1215 2390 1290 2454 latis
1311 2390 1430 2454 famam
1451 2392 1557 2477 tangit
1569 2396 1662 2475 poeta
1674 2394 1767 2456 euius
1779 2393 1889 2459 minae

687 2498 876 2561 memoriam
912 2497 1053 2560 servavit
1087 2495 1262 2560 Pausanias
1294 2495 1335 2559 X.
1368 2495 1422 2560 26.
1438 2495 1474 2560 l:
1510 2497 1583 2574 ,rat
1616 2496 1647 2561 ll
1679 2508 1717 2580 τῇ
1751 2502 1889 2582 Κρεούσῃ

687 2602 829 2681 λέγουσιν
858 2605 896 2672 ὤς
930 2604 946 2677 ἡ
972 2603 1042 2665 θεῶν
1066 2604 1176 2681 Μήτηρ
1201 2602 1254 2665 καὶ
1280 2600 1447 2681 Ἀφροδίτη
1472 2601 1611 2676 δουλείας
1637 2605 1698 2669 ἀπὸ
1724 2608 1887 2682 Ἑλλήνων

689 2709 786 2780 αὐτὴν
811 2706 1003 2787 ἐρρύσαντο.”

733 2814 815 2896 Quid
834 2821 944 2879 autem
965 2814 1136 2879 secundum
1157 2813 1373 2900 Pergamenos
1386 2815 1460 2879 fecit
1472 2813 1592 2900 Cybele
1604 2815 1744 2880 ldaeaut
1758 2817 1887 2884 Aeneae

688 2923 871 2987 subveniret
901 2917 1012 2985 euntil
1042 2920 1104 2985 Res
1134 2941 1196 2984 non
1227 2921 1369 2984 obscura.
1401 2920 1471 2984 lam
1494 2923 1620 3004 saepius
1643 2921 1788 2986 vidimus
1814 2945 1887 2989 eam

688 3029 791 3093 obiter
822 3026 1037 3115 significatam
1069 3027 1108 3091 ab
1140 3024 1265 3091 Ovidio.
1297 3026 1394 3091 Haud
1416 3024 1598 3091 inconsulto
1622 3030 1708 3092 enim
1731 3031 1761 3093 is
1785 3031 1889 3096 tradit

688 3137 835 3214 (minime
855 3133 966 3197 fiotum
986 3130 1097 3212 illudl)
1118 3153 1232 3196 navem
1254 3153 1317 3216 qua
1337 3130 1473 3219 Cybeles
1492 3136 1622 3220 signum
1634 3133 1772 3199 Romam
1785 3142 1887 3201 trans·

687 3247 852 3326 portatum
873 3245 973 3316 esset,
996 3238 1104 3302 Attalo
1123 3239 1253 3303 iubente
1273 3239 1391 3302 factam
1412 3259 1479 3303 esse
1500 3262 1534 3301 ea
1554 3240 1649 3302 sacris
1667 3239 1759 3303 Idaei
1775 3245 1888 3306 montis

681 3347 807 3429 pinetis,
828 3366 908 3431 quae
928 3347 1077 3409 materies
1097 3365 1195 3428 quam
1214 3350 1323 3408 sancta
1340 3345 1448 3420 fuerit,
1469 3344 1633 3430 Vergilius
1649 3367 1775 3430 quoque
1792 3369 1887 3434 expo·

686 3475 760 3519 nere
779 3475 839 3517 nnn
861 3451 1014 3537 neglexit.
1039 3451 1112 3535 Ipsa
1131 3451 1237 3515 Mater
1257 3453 1303 3514 sic
1323 3454 1396 3514 Aen.
1417 3450 1473 3536 IX.
1488 3451 1530 3515 85
1552 3451 1590 3515 de
1610 3452 1778 3517 arboribus
1799 3460 1885 3519 suis:

824 3560 923 3623 Pinea
945 3559 1028 3623 silva
1051 3558 1133 3621 mihi
1156 3555 1276 3621 multos
1300 3557 1414 3622 dilecta
1437 3579 1493 3641 per
1516 3579 1631 3634 annos,

819 3664 912 3728 lucus
936 3667 969 3727 in
994 3685 1063 3729 arce
1087 3664 1150 3727 fuit
1174 3683 1319 3738 summa,
1344 3683 1406 3746 quo
1429 3683 1517 3727 sacra
1541 3664 1699 3741 ferebant,

819 3772 962 3856 nigranti
985 3773 1075 3854 picea
1097 3770 1304 3854 trabibusque
1328 3769 1480 3833 obscurus
1504 3772 1642 3847 acernis;

821 3878 879 3941 has
902 3897 963 3962 ego
988 3876 1147 3940 Dardanio
1173 3878 1285 3940 iuveni
1307 3896 1381 3940 cum
1406 3874 1515 3939 classis
1539 3882 1647 3961 egeret

821 3982 904 4047 laeta
928 3982 1011 4046 dedi.

729 4088 873 4173 Lignum
894 4109 933 4152 ex
952 4087 1054 4151 Idaeis
1074 4087 1240 4150 arboribus
1261 4084 1348 4150 nullo
1370 4086 1553 4150 discrimine
1572 4107 1590 4150 a
1606 4089 1719 4150 ceteris
1732 4090 1881 4154 omnibus

684 4195 829 4257 trabibus
861 4192 1095 4278 seiungendum
1128 4213 1211 4265 esse,
1241 4195 1268 4255 si
1301 4197 1410 4257 contra
1432 4212 1484 4255 me
1509 4192 1678 4256 contendat
1701 4196 1881 4279 quispiam,

684 4322 746 4365 non
770 4301 869 4365 habeo
894 4306 979 4364 certa
1003 4299 1120 4384 quibus
1144 4320 1196 4362 me
1221 4298 1387 4362 defendam
1411 4305 1619 4384 argumenta:
1644 4299 1882 4366 mathematicis

683 4408 861 4472 rationibus
891 4405 924 4469 id
956 4405 1040 4490 quod
1072 4406 1215 4488 suspicor
1246 4404 1463 4468 demonstrare
1486 4425 1618 4489 nequeo.
1651 4402 1736 4484 Quin
1759 4406 1881 4471 fatebor

685 4512 866 4599 Vergilium
887 4514 1005 4596 ipsum,
1025 4513 1131 4595 primo
1151 4511 1281 4594 quidem
1302 4511 1430 4586 obtutu,
1451 4520 1561 4575 contra
1580 4530 1632 4575 me
1652 4510 1754 4575 facere
1770 4512 1880 4576 videri.

685 4619 717 4683 Is
737 4623 823 4685 enirn
843 4640 917 4683 cum
937 4620 1151 4702 antiquiorem
1172 4617 1209 4680 de
1229 4618 1363 4680 navium
1384 4616 1529 4681 incendio
1549 4614 1708 4691 fabulam,
1730 4637 1768 4680 ex
1788 4616 1880 4681 ltalia

685 4725 719 4787 in
750 4725 894 4791 Siciliam
926 4723 1070 4789 consulto
1101 4724 1140 4789 ab
1163 4744 1199 4787 eo
1223 4721 1418 4808 relegatam,
1451 4721 1487 4787 V.
1514 4719 1691 4788 cot-700
1715 4727 1879 4808 exposuit,

685 4828 775 4893 nulla
792 4830 967 4916 impeditus
987 4836 1035 4893 est
1053 4828 1211 4915 religione
1231 4831 1403 4914 quominus
1424 4828 1502 4892 duas
1522 4849 1538 4893 e
1562 4830 1658 4892 sacris
1682 4830 1722 4892 iis
1745 4830 1879 4894 navibus

686 4953 704 4997 a
727 4940 882 5001 matronis
905 4936 1049 5001 Troianis
1068 4938 1261 5000 concremari
1282 4937 1410 5000 sineret.
1432 4934 1527 4999 Libro
1547 4940 1656 4999 autem
1677 4932 1726 4997 IX
1745 4955 1782 4999 ea
1800 4920 1879 5021 quae
