5125 6150
684 835 752 920 408
1057 850 1099 897 nn
1124 849 1354 899 nnmrornnure
1377 850 1514 898 rnuuuu.

687 1004 843 1094 ἀγγελεί,
872 1014 955 1079 unde
979 1035 1146 1098 perperam
1169 1013 1277 1101 Bergk
1301 1013 1455 1080 efficiebat
1478 1008 1526 1094 ἀρ’
1550 1015 1754 1094 ἀπαγγελεῖ,
1779 1036 1877 1102 neque

687 1125 775 1187 enim
798 1126 912 1207 aptum
936 1120 1011 1184 huie
1029 1119 1099 1189 loeo
1117 1124 1166 1183 eet
1186 1120 1352 1195 futurum,
1373 1141 1475 1205 neque
1494 1121 1580 1205 apud
1599 1125 1739 1187 comicos
1759 1122 1877 1208 legitur

687 1229 904 1313 compositum
925 1224 1146 1301 ἀπαγγέλλειν
1162 1227 1224 1289 nisi
1236 1225 1320 1289 infra
1333 1246 1378 1289 vs.
1394 1224 1469 1302 766,
1482 1228 1602 1291 τοιαῦτ’
1614 1228 1875 1306 ἀπαγγείλαντα,

686 1335 742 1398 ubi
766 1335 870 1418 prima
893 1351 1007 1395 manue
1030 1329 1142 1395 Veneti
1167 1336 1294 1395 tantum
1314 1353 1376 1395 non
1396 1335 1561 1417 integrum
1580 1336 1724 1399 serravit
1744 1334 1778 1398 id
1797 1334 1874 1418 quod

686 1442 756 1523 ipse
785 1440 928 1502 comicus
960 1436 1105 1512 dederat,
1138 1436 1233 1500 habet
1256 1439 1342 1501 euim
1368 1439 1741 1518 τοιαῡπαπεγγείλανπα,
1766 1443 1800 1504 in
1826 1450 1873 1505 ΠΕ

686 1550 796 1609 autern
819 1542 937 1607 litteris
960 1541 1058 1606 latere
1083 1541 1275 1627 particulam
1300 1551 1350 1606 ΓΕ
1375 1542 1459 1607 vidit
1482 1543 1636 1630 Blaydee,
1662 1548 1719 1630 qui
1737 1549 1877 1611 restituit

686 1648 818 1715 τοιαῦταί
850 1651 882 1726 γ’
907 1647 1122 1726 ἀγγείλαντα.
1154 1647 1272 1713 Nostro
1296 1670 1421 1734 quoque
1444 1649 1512 1714 loco
1537 1653 1652 1715 vitiosa
1676 1651 1810 1736 quidem
1833 1658 1875 1715 eet

687 1753 782 1820 lectio
815 1753 944 1830 Veneti,
977 1752 1030 1817 sed
1062 1774 1193 1830 verum,
1225 1760 1348 1838 partem
1374 1760 1458 1818 oerte
1483 1757 1568 1831 reri,
1592 1755 1730 1833 indicat3
1758 1758 1876 1821 omittit

687 1865 773 1926 enim
798 1859 988 1946 particulam
1012 1883 1068 1937 γε,
1094 1881 1190 1944 quam
1213 1860 1243 1924 R
1265 1866 1299 1924 et
1322 1860 1465 1947 plerique
1487 1860 1638 1926 exhibent
1658 1861 1876 1948 dittogmphia

686 1973 813 2032 uatum:
838 1967 1179 2046 eramusmaerore.

732 2073 802 2139 Hac
824 2076 928 2159 igitur
951 2071 1108 2158 particula
1132 2079 1254 2136 remote
1273 2071 1350 2156 quid
1370 2069 1559 2136 eoribimuel
1587 2073 1642 2137 Me
1661 2073 1770 2140 iudice
1789 2082 1877 2160 poeta

687 2179 792 2245 dedit:
1383 2172 1430 2257 ἀρ’
1455 2176 1647 2256 ἀγγέλλετΕ

912 2284 1045 2362 χρηστόν
1070 2305 1117 2362 τι,

692 2390 774 2481 Quid
792 2392 849 2455 iate
867 2391 925 2454 siti
936 2390 1001 2453 ννίί
1012 2388 1145 2454 clamor?
1158 2391 1303 2474 numquid
1307 2391 1434 2474 felicem
1445 2392 1581 2455 euntium
1593 2392 1668 2454 milei
1680 2393 1827 2477 offertio?
1837 2429 1875 2441 -

688 2498 795 2563 Multo
827 2500 935 2562 minue
967 2500 1157 2561 ooneinnum
1182 2502 1229 2560 eet
1254 2497 1338 2581 quod
1363 2498 1413 2562 edi
1438 2497 1535 2563 solet:
1561 2493 1610 2576 ἀρ’
1634 2499 1875 2576 ἀγγέλλεται,

688 2604 833 2689 numquid
847 2603 937 2689 folio
960 2604 1089 2687 offertur
1111 2603 1261 2665 nuntiae?

731 2819 783 2885 ve.
799 2817 875 2884 689.
889 2818 1040 2880 Εσίίασίίν
1052 2817 1183 2880 ίιισσνιιίν
1195 2841 1257 2881 σανα
1269 2818 1393 2882 silerent
1404 2819 1503 2882 omnio
1515 2820 1546 2882 νἰι
1560 2822 1633 2883 aede
1644 2821 1832 2904 Aeoculapir',
1841 2858 1869 2868 -

684 2929 730 2991 eie
760 2927 825 2990 fere
857 2922 951 2990 (lario
982 2929 1089 2988 narrat
1120 2923 1231 3000 herae,
1257 2963 1298 2973 -
1325 2925 1401 2988 olom
1432 2948 1483 3008 ιρι
1507 2926 1622 3008 obrepet
1645 2927 1788 2991 σαίσαίσσ
1810 2928 1875 2992 item

686 3032 754 3096 illie
776 3031 948 3107 νἰνσιιάακίί,
975 3052 1049 3114 quoe
1066 3030 1167 3112 pullio
1190 3031 1280 3094 ollem
1304 3053 1399 3095 aecum
1423 3031 1578 3097 attulerat.
1603 3032 1688 3097 Haec
1711 3041 1748 3097 ιιέ
1770 3033 1875 3116 strepi·

684 3146 733 3202 tue
757 3137 877 3222 aliquid
893 3136 1063 3222 facientem
1086 3137 1288 3213 menadinii,

911 3250 965 3316 τῆν
989 3241 1071 3321 χεῖρ’
1095 3244 1213 3323 ἀφῄρει.

684 3346 808 3413 Ultima
831 3349 907 3412 haec
931 3348 1026 3413 verba
1050 3347 1197 3434 intellegi
1220 3356 1400 3433 nequeunt,
1422 3349 1513 3415 docta
1534 3356 1641 3415 autem
1663 3356 1694 3415 et
1712 3355 1874 3439 ingeniosa

684 3465 733 3518 eet
763 3457 944 3519 coniectura
969 3453 1123 3519 Dobraei:
1150 3454 1263 3533 ἀρασ’
1290 3456 1407 3537 ὑφῄρει.
1432 3455 1548 3521 Vocem
1572 3459 1676 3542 igitur
1700 3459 1757 3532 τὴν
1780 3466 1872 3539 χεῖρα

683 3563 1005 3644 interpretamentum
1027 3561 1178 3637 ducebat,
1200 3560 1283 3645 quod
1303 3561 1500 3646 adscriptum
1521 3563 1634 3627 fuieaet
1653 3562 1692 3626 ad
1714 3562 1874 3629 illustran-

684 3665 762 3730 dum
792 3668 998 3750 participium
1030 3665 1143 3739 ἀρασα.
1174 3667 1358 3731 Praeiverat
1390 3675 1499 3731 autem
1530 3671 1560 3732 ei
1591 3667 1737 3754 Bentley,
1764 3672 1872 3755 quiin

684 3793 780 3837 versu
811 3771 886 3857 [1er
920 3772 984 3835 799
1017 3773 1201 3844 κάνατείνας
1233 3774 1268 3838 τί
1300 3772 1408 3844 σκέλος
1440 3773 1589 3837 λακτίσαι
1613 3772 1716 3838 deleta
1741 3796 1818 3840 voce
1841 3775 1871 3838 τί

684 3878 792 3949 σκέλος
823 3883 855 3941 et
884 3884 1023 3941 metrum
1056 3882 1197 3942 restituit
1227 3882 1259 3942 et
1290 3881 1393 3963 ipsam
1425 3877 1619 3963 elegantiam
1649 3879 1810 3945 dictionis.
1834 3881 1872 3945 Et

685 3992 790 4049 tamen
823 3984 946 4048 errabat
978 3982 1099 4048 Dobree
1130 3987 1175 4047 sio
1206 3985 1354 4048 eoribene.
1395 3984 1479 4048 Nam
1504 3984 1647 4067 feriendi
1679 3988 1791 4069 potius
1822 3984 1870 4051 vel

683 4091 888 4172 complectendi
910 4090 1017 4153 verbis
1041 4091 1247 4173 participium
1271 4088 1367 4169 ἀρας,
1393 4087 1495 4166 ἀρασα
1518 4091 1563 4153 eie
1582 4088 1664 4153 eolet
1683 4090 1774 4156 addi:
1797 4089 1871 4170 ἀρας

684 4194 892 4272 έπάταξα,
915 4193 992 4273 ἀρας
1012 4192 1192 4272 ἔπαισεν,
1211 4192 1378 4274 ίξάραντες
1398 4195 1873 4282 έπικροτιίσατε,ι]ίειιρτλ

684 4303 848 4370 ἀνατείνας
870 4301 1071 4364 λακτίσαι
1090 4298 1141 4364 vel
1164 4300 1247 4385 apud
1263 4300 1443 4364 Homerum
1462 4296 1625 4374 ’πλῆξεν
1646 4301 1870 4381 ἀνασχόμενος.

685 4410 753 4489 Quo
773 4413 963 4493 argumento
984 4409 1010 4470 ei
1032 4409 1103 4491 quie
1123 4408 1231 4470 minue
1249 4412 1483 4492 permoveatur,
1504 4406 1746 4475 incommodum
1766 4414 1871 4473 manet

683 4517 817 4582 verbum
848 4513 1035 4594 surripiendi
1065 4514 1247 4590 (ὑφαιρεῖν);
1281 4533 1355 4576 nam
1387 4532 1443 4575 our
1474 4517 1506 4574 et
1529 4514 1655 4575 cuinam
1680 4511 1780 4578 ollam
1805 4514 1870 4578 eulr

684 4620 860 4686 ducendam
884 4626 996 4703 putare
1020 4624 1143 4703 poterat
1166 4614 1295 4682 vetula?

728 4728 841 4811 Itaque
865 4729 1004 4810 praestat
1028 4724 1129 4788 redire
1153 4723 1191 4788 ad
1215 4726 1429 4788 coniecturam
1454 4722 1692 4787 Hemeterhueii
1716 4726 1773 4800 πίρν
1795 4726 1871 4807 χεῖρ’

684 4831 774 4910 ἐπῇρε
799 4831 865 4911 (vel
890 4831 1007 4909 ὑπῇρε).
1035 4831 1197 4893 attollebat
1220 4853 1336 4892 meeum
1359 4828 1441 4891 votet
1462 4877 1468 4890 .

728 4935 761 4998 Si
786 4940 858 5019 quie
880 4935 1022 4999 αονίκίιιικ
1043 4936 1133 5013 ἐπῆρε
1153 4936 1325 5020 praeferat,
1348 4971 1388 4980 —
1410 4935 1464 5007 τὴν
1485 4935 1565 5014 χεῖρ’
1587 4932 1715 5011 ὑπερῆρε
1734 4944 1766 5000 et
1787 4934 1869 5016 ε’ξιῖρε

691 5289 855 5361 Α
