5125 6150
690 825 756 894 300
1127 845 1168 891 nn
1192 844 1300 891 neren
1323 846 1436 892 nassa

688 1006 880 1073 divinarum.
905 1008 976 1094 Ipse
999 1010 1141 1095 hymnus
1165 1012 1198 1073 in
1223 1009 1377 1075 Venerem
1401 1011 1614 1097 ambiguitate
1639 1013 1777 1098 quadam
1799 1015 1892 1080 haud

686 1113 814 1178 indocta
832 1116 878 1178 ita
897 1113 935 1179 de
955 1115 1121 1179 arboribus
1144 1117 1361 1201 nympharum
1378 1120 1475 1181 sacris
1487 1117 1630 1182 edixerat
1642 1141 1690 1183 vs.
1703 1119 1890 1187 265-70:

869 1229 939 1300 τῇσι
963 1219 988 1284 l'
1013 1218 1071 1297 ἅμ’
1096 1222 1113 1296 η
1139 1220 1251 1285 ε’λαίται
1277 1223 1309 1296 vll
1334 1222 1415 1301 δρύες
1443 1225 1619 1303 ὑψικάρηνοι

868 1325 1085 1406 γιγνομένησιν
1109 1325 1228 1405 ἔφυσαν
1252 1327 1302 1390 εἰιί
1327 1328 1410 1407 χθονί
1435 1329 1629 1412 βωτιανείρη,

869 1432 967 1496 καλαί
992 1432 1214 1506 τηλείιίννται·
1241 1434 1270 1496 ἐν
1295 1433 1320 1496 δ’
1345 1435 1457 1513 οὔρεσιν
1482 1436 1642 1513 ὑψηλοῖσιν

868 1538 977 1602 ἕστατ’
1001 1540 1180 1616 ἠλιβάτοις·
1205 1539 1354 1615 τεμένη
1379 1539 1412 1605 δέ
1436 1541 1449 1604 ἑ
1474 1542 1686 1623 κικλῄσκουσιν

868 1643 1040 1708 αὶίανιίτων.

688 1749 851 1829 Quantum
882 1752 916 1814 in
946 1751 1004 1816 hac
1037 1750 1075 1815 de
1106 1751 1326 1838 nympharum
1358 1753 1424 1816 fato
1454 1753 1619 1817 arboribus
1651 1755 1719 1817 suis
1743 1758 1891 1819 consorti

685 1857 868 1941 quaestione
904 1841 1119 1921 laboraverint
1154 1858 1300 1922 homines
1336 1855 1466 1933 Graeci,
1506 1860 1658 1922 novimus
1689 1880 1822 1936 omnes;
1857 1867 1891 1925 et

686 1963 819 2026 fortasse
850 1984 1010 2047 nusquam
1040 1962 1139 2027 latins
1162 1984 1257 2049 quam
1282 1964 1454 2028 inhaere
1479 1970 1615 2049 vagatus
1639 1971 1686 2028 est
1712 1971 1888 2049 poetarum

684 2071 812 2133 animus
837 2066 984 2133 credulus
1008 2090 1043 2133 ac
1067 2069 1128 2132 sibi
1148 2067 1330 2154 indulgens.
1356 2069 1549 2134 Praesertim
1570 2075 1679 2134 autem
1698 2092 1736 2134 eo
1757 2070 1889 2135 saeculo

686 2196 748 2261 quo
781 2174 993 2239 Alexandriae
1023 2175 1238 2261 Pergamique
1268 2176 1421 2241 florebant
1451 2174 1594 2254 litterae,
1626 2183 1741 2261 poetae
1763 2178 1890 2242 erudiri

687 2284 721 2345 in
753 2280 911 2345 eiusmodi
941 2282 1082 2361 ἀπορίαις
1115 2282 1176 2345 sibi
1199 2280 1376 2366 placebant.
1402 2280 1638 2359 Callimachus,
1663 2285 1720 2366 qui
1744 2283 1890 2362 ἁμαρτω

687 2410 733 2467 ριν
755 2386 839 2452 οὐδὲν
862 2386 975 2464 ἀείδει,
1000 2388 1162 2473 nymphas
1184 2388 1350 2452 arboribus
1375 2391 1441 2451 suis
1463 2388 1627 2452 iudicabat
1650 2409 1806 2466 coaevas,
1832 2391 1887 2454 ho-

687 2495 799 2558 merici
822 2494 938 2580 hymni
961 2496 1145 2558 auctoritati
1169 2494 1389 2577 obtemperans
1406 2493 1439 2572 ¹).
1468 2494 1599 2559 Poetam
1624 2492 1887 2561 Alexandrinum

685 2598 830 2684 plerique
862 2604 1040 2682 sequuntur
1069 2598 1206 2662 Romani
1230 2598 1335 2677 (velut
1359 2597 1492 2663 Ovidius
1516 2599 1600 2663 Fert.
1624 2598 1677 2662 IV.
1702 2598 1799 2680 232).
1826 2601 1887 2666 Sed

687 2704 725 2769 de
744 2711 827 2771 sorte
845 2705 1063 2791 nympharum
1085 2702 1168 2768 alius
1185 2702 1295 2768 aliter:
1317 2710 1398 2769 teste
1412 2704 1580 2790 Apollonio
1594 2704 1624 2768 ll
1638 2704 1706 2770 480
1718 2707 1886 2790 quondam

686 2831 775 2876 caesa
795 2811 904 2876 arbore
922 2811 1067 2897 nympha
1086 2813 1116 2875 ei
1137 2814 1192 2895 qui
1212 2810 1367 2875 evelleret
1380 2810 1525 2889 ,νηκερδῆ
1539 2811 1626 2890 τίρεν
1639 2807 1716 2876 oleon
1730 2813 1885 2891 διτίσσω”,

686 2919 893 3003 superstitem
920 2917 1025 2981 arbori
1044 2917 1223 3003 nympham
1240 2916 1339 2980 fuisse
1359 2917 1493 3000 putabat
1511 2938 1587 3002 ergo
1607 2917 1753 2984 Rhodius
1774 2926 1885 3003 poeta;

685 3023 742 3089 alii
772 3044 812 3088 ex
842 3023 951 3088 arbore
981 3022 1160 3108 nympham
1184 3025 1270 3087 nasci
1294 3043 1384 3108 posse
1407 3023 1583 3099 credebant,
1608 3061 1651 3070 —
1676 3023 1717 3089 cf.
1743 3024 1884 3090 Pausan.

686 3130 728 3195 X.
754 3129 841 3195 329
862 3167 903 3178 -
926 3128 981 3193 alii
1004 3132 1038 3192 in
1058 3129 1183 3193 arbores
1201 3149 1442 3224 nonnumqpam
1461 3129 1621 3215 nymphas
1641 3130 1760 3194 abiisse
1782 3152 1886 3196 narra·

686 3241 772 3301 runt.
798 3236 882 3315 Quid
905 3239 1013 3320 itaque
1037 3234 1155 3320 lingere
1176 3234 1326 3298 Aeneidis
1349 3235 1532 3298 auctoribus
1555 3255 1619 3298 non
1638 3232 1781 3300 licebat?
1807 3237 1884 3315 Qui,

687 3348 724 3407 ut
754 3345 905 3427 suspicor,
939 3344 983 3405 sic
1015 3341 1079 3405 fere
1111 3340 1333 3425 disputabant:
1365 3339 1399 3403 Si
1430 3340 1551 3425 Magna
1575 3340 1682 3404 Mater
1707 3362 1746 3404 ex
1771 3342 1885 3407 Idaeas

686 3447 787 3513 silvae
811 3448 976 3513 arboribus
1000 3468 1096 3512 naves
1121 3448 1244 3510 Aeneae
1268 3445 1336 3509 fieri
1359 3448 1470 3523 iussit,
1496 3453 1572 3510 tunc
1595 3453 1680 3510 certe
1701 3445 1809 3512 noluit
1829 3447 1884 3512 illa

685 3555 847 3641 nymphas
877 3557 986 3640 pineas
1017 3554 1077 3617 sibi
1108 3553 1332 3617 dilectissimas
1363 3551 1483 3616 evulsis
1514 3552 1681 3616 arboribus
1714 3555 1881 3618 interire''.

687 3660 771 3742 Quid
785 3663 889 3745 igitur
906 3660 1174 3726 accommodatius
1193 3665 1274 3734 erat,
1298 3678 1392 3741 quarn
1405 3664 1442 3721 ut
1455 3657 1624 3743 fingerent,
1639 3678 1721 3722 nave
1733 3680 1775 3723 ex
1788 3663 1884 3725 sacris

686 3766 850 3831 arboribus
881 3768 971 3829 iussu
1003 3766 1111 3830 divino
1144 3770 1265 3829 structa
1295 3786 1353 3826 coe
1385 3771 1530 3825 emortuos
1553 3786 1614 3826 esce
1636 3766 1804 3847 nymph-ee,
1830 3766 1883 3831 sed

683 3871 895 3957 proficiscenti
925 3893 981 3956 per
1009 3892 1097 3935 mare
1129 3872 1251 3935 Aeneae
1282 3871 1382 3933 socias
1413 3889 1479 3932 esse
1503 3866 1645 3934 additas?
1668 3869 1785 3955 ltaque
1811 3871 1882 3936 Per·

683 3981 814 4063 gamoni
847 3976 898 4041 illi
932 3983 1042 4061 poetae
1078 3999 1141 4042 non
1176 3998 1214 4040 ex
1248 3976 1402 4052 navibus,
1435 3981 1472 4038 ut
1502 3974 1683 4059 Vergilius,
1718 3979 1880 4062 nymphas

683 4085 820 4149 Naiades
856 4085 1013 4160 fecerunt,
1055 4083 1108 4147 sed
1143 4086 1189 4146 ita
1224 4103 1292 4146 rem
1329 4085 1538 4156 ornaverunt,
1575 4087 1612 4144 ut
1647 4084 1880 4148 comitantibus

683 4191 837 4278 nymphis
868 4212 907 4254 ex
938 4189 1091 4265 ὁμηλίκων
1123 4190 1239 4253 ἐλαιῶν
1264 4189 1347 4251 natis
1372 4189 1555 4251 tutissimus
1580 4208 1636 4271 per
1659 4190 1762 4252 maria
1788 4189 1880 4254 heros

684 4296 864 4382 Troiugena
887 4296 1066 4360 veheretur.
1729 4367 1734 4373 g

728 4403 778 4467 lta
802 4405 828 4466 si
852 4401 930 4467 olim
954 4404 987 4464 in
1011 4401 1161 4466 Aeneidis
1185 4400 1399 4485 Pergamenae
1423 4401 1524 4463 initiis
1548 4421 1598 4463 res
1621 4398 1687 4464 fere
1713 4399 1789 4465 ficta
1813 4408 1876 4477 est,

683 4531 746 4575 non
766 4508 957 4572 mirabimur
976 4507 1115 4591 profecto
1135 4509 1204 4592 agri
1227 4504 1354 4568 Troiani
1379 4504 1579 4590 Phrygiique
1604 4503 1725 4569 accolas
1750 4527 1878 4591 operam

683 4615 821 4689 dedisse,
842 4618 881 4676 ut
899 4615 1117 4677 sanctissimae
1138 4615 1183 4676 rei
1203 4613 1357 4675 memoria
1371 4616 1575 4674 renovaretur
1588 4613 1621 4673 in
1634 4608 1773 4695 Cybeles
1785 4615 1878 4697 signo

685 4718 936 4803 transportando.
969 4718 1069 4797 Quin,
1104 4739 1122 4783 a
1154 4739 1228 4783 vero
1260 4738 1321 4780 non
1346 4716 1510 4793 abhorret,
1536 4717 1575 4779 ab
1600 4714 1711 4780 Attalo
1734 4737 1812 4803 rege
1837 4753 1876 4766 --

686 4879 879 4894 ’κ-

720 4953 746 5016 l)
764 4956 873 5008 Conferri
890 4962 987 5025 possunt
1005 4973 1064 5021 quse
1082 4959 1110 5005 de
1127 4958 1171 5007 hae
1188 4973 1213 5006 re
1231 4958 1350 5021 disputari
1368 4956 1438 5006 etue.
1457 4957 1518 5005 Call.
1534 4958 1559 5005 II
1578 4958 1718 5007 lte-las.
