5125 6150
1058 831 1330 879 enneaunuoauu.
1724 811 1790 878 283

596 996 803 1062 adiciendum
828 997 967 1061 curabat.
991 995 1119 1061 Scilicet
1144 1019 1205 1061 non
1228 999 1336 1062 omnia
1359 995 1532 1082 spernenda
1556 997 1684 1060 duxisse
1707 997 1795 1060 viros

599 1124 762 1167 sacrarum
797 1124 904 1167 rerum
941 1105 1059 1187 peritos
1091 1124 1169 1187 quoe
1198 1106 1231 1167 in
1264 1105 1398 1168 obscura
1428 1125 1461 1168 re
1485 1103 1634 1168 adhibuit
1655 1108 1793 1188 praetor,

597 1209 752 1272 discimus
775 1230 814 1272 er
845 1211 885 1271 iis
915 1230 995 1292 quae
1026 1211 1172 1291 sequenti
1202 1229 1283 1273 anno
1315 1209 1397 1274 facta
1424 1216 1514 1285 sunt,
1548 1230 1623 1273 cum
1656 1207 1792 1292 „religio

595 1337 680 1380 nova
708 1316 831 1379 obiecta
853 1320 901 1378 est
926 1335 964 1378 ex
989 1317 1184 1379 carminibus
1209 1314 1414 1392 Marcianis'’,
1438 1335 1518 1399 quae
1543 1335 1639 1390 „cum
1664 1315 1793 1397 conqui-

595 1424 670 1485 sitio
699 1423 804 1505 priore
835 1441 917 1484 anno
949 1442 987 1486 ex
1009 1420 1068 1487 SO.
1095 1420 1210 1486 talium
1236 1421 1393 1487 librorum
1418 1420 1506 1485 fieret
1529 1423 1563 1484 in
1588 1420 1635 1485 M.
1662 1419 1793 1483 Aemilii

596 1529 750 1611 praetoris
771 1547 884 1591 manns
904 1527 1077 1592 venerant''
1098 1527 1132 1605 (l.
1147 1526 1201 1591 25.
1218 1526 1268 1592 12.
1283 1525 1328 1607 2).
1350 1525 1500 1593 Carmina
1518 1526 1696 1601 Marciana,
1718 1546 1793 1610 quo·

595 1654 669 1697 rum
698 1635 870 1697 auctoritas
898 1655 936 1697 ex
962 1641 1077 1697 eventu
1101 1634 1306 1718 comprobata
1330 1653 1459 1697 summa
1481 1632 1545 1697 fuit
1568 1632 1652 1717 apud
1675 1632 1790 1696 Roma·

594 1760 667 1815 nos,
704 1742 800 1803 sacris
831 1738 923 1802 libris
955 1738 1063 1803 addita
1093 1747 1184 1816 sunt;
1217 1742 1250 1803 in
1282 1739 1400 1823 quibus
1424 1741 1568 1823 primum
1592 1738 1718 1823 publice
1742 1759 1789 1802 re-

594 1851 720 1929 ceptam
741 1844 826 1935 dicas
846 1844 1016 1910 Troianam
1036 1844 1254 1910 Romanorum
1275 1847 1451 1931 originem,
1473 1845 1559 1909 bisce
1579 1847 1665 1908 enim
1682 1844 1790 1908 verbis

593 1954 708 2036 incipit
739 1972 866 2015 carmen
897 1954 987 2035 priua
1021 1951 1106 2030 (biv.
1136 1951 1278 2030 25.12);
1315 1952 1475 2028 „Amnem
1512 1951 1678 2031 itoicpecc
1712 1949 1790 2036 iuge

595 2056 771 2123 Cannam''.
803 2055 957 2120 Videmus
986 2058 1112 2141 itaque,
1143 2059 1210 2121 iam
1232 2059 1315 2121 circa
1339 2076 1456 2120 annum
1482 2055 1548 2120 212
1574 2053 1711 2121 Graecos
1734 2058 1789 2139 qui

593 2164 722 2228 Italiam
753 2163 977 2227 inhabitabant
1003 2184 1120 2227 -eos
1152 2166 1239 2227 enim
1270 2163 1346 2228 haec
1369 2165 1530 2239 carmina,
1556 2160 1675 2227 Graece
1698 2164 1790 2226 initio

594 2273 712 2354 scripta
732 2269 845 2334 deinde
864 2268 978 2333 Latine
997 2290 1103 2346 versa,
1123 2271 1191 2334 sive
1210 2272 1297 2353 ipsos
1315 2272 1532 2353 composuisse
1545 2271 1614 2333 sire
1626 2290 1643 2332 e
1656 2265 1791 2333 Graecia

593 2381 722 2461 accepta
750 2375 931 2440 venditasse
962 2376 1146 2440 hominibus
1177 2375 1330 2440 Romanis
1362 2382 1486 2440 certum
1517 2383 1566 2440 est
1594 2394 1790 2459 -operam

593 2481 715 2546 dedisse
739 2488 776 2545 ut
801 2482 941 2546 Aeneam
965 2502 1123 2565 proavum
1146 2480 1300 2546 Romanis
1319 2482 1500 2566 probarent.
1523 2481 1584 2545 Sed
1605 2480 1693 2545 aliud
1714 2500 1790 2564 quo-

594 2610 655 2673 que
679 2609 717 2652 ex
741 2590 801 2653 hac
825 2610 858 2653 re
881 2586 1055 2652 lucramur.
1078 2586 1128 2665 Si,
1153 2591 1223 2673 ipso
1241 2594 1387 2673 praetore
1405 2588 1551 2664 iubente,
1570 2588 1604 2651 in
1624 2607 1788 2651 sacrorum

593 2695 752 2759 librorum
776 2716 947 2759 numerum
971 2699 1117 2778 acccepta
1139 2700 1213 2758 sunt
1235 2693 1399 2758 Marciana
1422 2695 1579 2770 carmina,
1604 2692 1703 2756 simul
1726 2692 1789 2757 alia

593 2802 750 2885 quaedam
772 2801 880 2866 addita
904 2821 972 2864 esse
996 2800 1169 2865 admodum
1188 2799 1367 2865 verisimile
1386 2799 1524 2865 videtur.
1548 2798 1596 2862 llx
1616 2801 1656 2863 iis
1676 2800 1789 2883 opinor

593 2909 657 2972 fuit
675 2907 757 2971 illud
779 2905 863 2990 qnod
881 2909 914 2969 in
934 2905 1024 2970 libris
1044 2906 1242 2991 sibyllinum
1259 2927 1340 2972 anno
1353 2905 1419 2971 205
1432 2907 1583 2969 inuentam
1594 2927 1662 2970 esse
1674 2905 1788 2970 Livius

593 3015 681 3078 dicit.
718 3011 854 3080 Carmen
888 3014 998 3097 itaque
1034 3012 1119 3097 quod
1155 3012 1296 3077 Matrem
1333 3012 1457 3078 Idaeam
1495 3014 1610 3077 arcessi
1641 3012 1789 3088 iubebat,

594 3120 728 3185 antehac
759 3118 949 3183 decemviris
976 3139 1038 3182 non
1060 3119 1160 3183 fnisse
1180 3122 1349 3204 cognitum
1371 3118 1425 3182 sed
1450 3139 1550 3202 nuper
1573 3118 1666 3182 libris
1688 3116 1792 3182 fatali·

594 3228 654 3291 bus
677 3224 823 3288 additum
848 3223 934 3290 ultro
957 3224 1021 3289 fere
1045 3232 1077 3289 et
1100 3224 1215 3289 diserte
1239 3228 1307 3310 ipse
1331 3225 1443 3288 lrivius
1466 3225 1596 3289 fatetur.

641 3332 827 3414 Quicunque
851 3332 928 3395 baec
953 3334 1061 3394 omnia
1085 3351 1194 3395 secum
1215 3336 1361 3415 reputat,
1381 3351 1442 3395 non
1463 3336 1568 3414 potest
1587 3331 1662 3415 quin
1684 3329 1791 3395 videat

593 3444 713 3523 quanto
748 3436 881 3512 melius,
923 3444 1104 3521 quantoque
1142 3437 1321 3522 simplicius
1356 3458 1425 3501 rem
1459 3439 1639 3521 expositam
1674 3437 1790 3500 habeat

593 3544 729 3608 Ovidius
749 3543 833 3607 Fast.
855 3542 908 3607 lv.
929 3542 1011 3608 257:
1039 3546 1211 3619 „carminis
1235 3542 1370 3608 Euboici
1393 3542 1504 3607 fatalia
1528 3544 1623 3607 verba
1645 3541 1789 3608 sacerdos

592 3650 743 3736 inspicit'’
771 3657 825 3712 etc.
851 3686 892 3698 -
917 3649 978 3714 Sed
1004 3649 1117 3714 malim
1142 3649 1391 3734 disputationem
1414 3649 1452 3714 de
1476 3652 1654 3714 narratione
1678 3647 1788 3713 Ovidi·

594 3777 654 3821 ana
677 3759 838 3841 integram
862 3776 1038 3831 reservare,
1064 3758 1213 3840 quoniam
1241 3758 1384 3840 primum
1410 3756 1470 3821 hoc
1497 3757 1587 3821 nobie
1615 3756 1789 3839 disquiren-

594 3864 672 3926 dum
697 3868 761 3938 est,
785 3884 863 3926 num
888 3862 1037 3926 videatur
1059 3861 1243 3938 verisimile,
1268 3869 1325 3926 aut
1347 3865 1379 3926 in
1399 3865 1540 3927 carmine
1560 3883 1578 3927 a
1598 3861 1788 3926 decemviris

593 3973 736 4052 inspecto
755 3970 820 4031 iam
843 3967 1021 4032 indicatum
1046 3968 1163 4044 fuisse,
1188 3967 1367 4031 Pessinunte
1388 3967 1529 4033 Matrem
1550 3988 1616 4031 esse
1635 3986 1790 4031 arcessen-

594 4076 685 4150 dam,
718 4080 774 4138 aut
804 4095 914 4139 revera
946 4082 1055 4158 postea
1080 4074 1179 4138 -id
1211 4074 1295 4159 quod
1326 4081 1433 4138 narrat
1464 4073 1577 4138 Livius
1608 4071 1718 4137 29.11
1745 4109 1788 4120 —

593 4180 704 4246 Attalo
725 4180 804 4244 duce
824 4179 946 4265 legatos
967 4179 1129 4243 Romanos
1148 4182 1251 4264 ipsam
1276 4181 1389 4244 urbem
1414 4179 1638 4243 Pessinuntem
1662 4178 1787 4243 adiisse.

592 4286 627 4351 Si
664 4286 702 4349 de
737 4285 836 4349 altera
867 4307 900 4349 re
933 4288 1176 4371 negaverimus,
1213 4292 1321 4351 actum
1353 4307 1479 4371 quoque
1511 4287 1571 4349 erit
1603 4284 1641 4349 de
1674 4286 1788 4370 priore.

594 4392 678 4455 Nam
711 4394 737 4454 si
771 4392 974 4456 Pessinuntia
1004 4393 1155 4457 nonfuit
1180 4393 1254 4469 dea,
1281 4414 1378 4477 quam
1403 4394 1441 4458 ab
1466 4391 1576 4456 Attalo
1602 4396 1790 4477 acceperunt

592 4498 711 4582 legati,
743 4500 777 4560 in
807 4496 898 4561 libris
930 4518 1056 4582 quoque
1087 4520 1149 4563 non
1175 4501 1222 4563 ita
1246 4501 1479 4583 praescriptum
1504 4498 1602 4563 fnisse
1625 4500 1695 4563 iure
1718 4518 1790 4561 con·

592 4602 713 4667 tendas.

639 4708 722 4785 Quid
754 4713 861 4772 autem
894 4711 1002 4773 minus
1034 4709 1213 4792 probabile,
1251 4731 1348 4794 quam
1383 4730 1464 4775 anno
1500 4708 1603 4797 cossa
1639 4708 1786 4775 Attalum

594 4816 820 4877 Pessinuntem
848 4814 934 4878 adire
958 4818 1118 4899 potuisse,
1144 4821 1200 4880 aut
1223 4818 1292 4880 eius
1315 4817 1463 4901 precibus
1486 4817 1707 4882 Pessinuntius
1729 4823 1791 4883 tra·

593 4919 711 4983 didisse
738 4919 878 5005 lapidem
903 4942 1031 4984 summa
1055 4924 1223 4986 sanctitate
1247 4921 1430 5010 inclytum?
1455 4961 1496 4972 -
1523 4924 1589 5002 „At
1612 4945 1675 4990 nou
1700 4923 1788 4991 dede
