5125 6150
1224 838 1366 886 11611116.
1821 822 1886 888 333

696 1006 841 1093 neglecta
870 1003 1037 1089 disciplina
1068 1001 1204 1067 militari
1235 1005 1268 1066 in
1301 1005 1443 1068 exercitu
1473 1006 1624 1068 exsistere
1647 1003 1755 1070 soleat.
1792 1005 1889 1070 Hune

696 1134 834 1177 errorem
859 1112 995 1175 evitavit
1019 1108 1080 1173 Dio
1103 1108 1173 1187 LX,
1198 1107 1252 1186 29,
1277 1111 1333 1193 qui
1353 1109 1391 1173 de
1410 1108 1572 1174 militibus
1592 1110 1630 1175 ad
1649 1111 1888 1195 impudicitiam

695 1239 713 1282 a
742 1218 821 1282 duce
855 1215 997 1301 pellectis
1020 1215 1072 1278 hic
1095 1217 1150 1299 agi
1172 1217 1318 1299 putavit,
1343 1213 1397 1278 sed
1420 1213 1521 1279 alium
1544 1217 1708 1280 commisit
1731 1237 1891 1294 errorem,

694 1345 789 1408 quem
822 1322 952 1386 Tacitus
983 1321 1090 1385 verbis
1121 1320 1278 1384 moltitiem
1310 1321 1442 1402 corporis
1472 1320 1599 1385 refutat.
1631 1320 1685 1386 Sic
1712 1327 1826 1407 sponte
1849 1322 1889 1387 ad

693 1428 849 1493 leniorem
873 1427 1063 1491 adducimur
1086 1426 1341 1491 emendationem
1365 1446 1462 1510 qnam
1486 1426 1630 1492 Rhenani
1651 1426 1708 1491 illa
1726 1434 1787 1492 est:
1809 1427 1887 1491 cenni

686 1534 811 1617 staqitio
843 1533 997 1596 obstrictos
1024 1534 1157 1611 (omisso
1180 1533 1243 1610 in):
1272 1532 1458 1596 dicebantur
1481 1532 1520 1596 ab
1544 1538 1724 1597 accusatore
1746 1532 1886 1609 milites,

693 1639 810 1722 quibus
845 1645 912 1702 tam
946 1636 1073 1702 facilem
1107 1659 1140 1701 se
1171 1639 1384 1722 praestitisset
1415 1635 1579 1714 Valerius,
1611 1639 1697 1703 vitae
1727 1637 1822 1703 molli
1853 1645 1886 1703 et

693 1747 827 1808 minime
858 1743 993 1808 militari
1023 1744 1069 1806 ite
1099 1743 1267 1825 &caesarii
1299 1749 1333 1805 ct
1360 1742 1420 1805 iem
1443 1742 1551 1806 trivetti
1574 1743 1645 1807 inde
1668 1753 1696 1806 et
1719 1745 1761 1806 ad
1782 1745 1885 1807 donem

685 1850 811 1932 fragrem
846 1850 948 1911 reduci
982 1869 1041 1911 nen
1067 1855 1198 1928 possent.
1235 1846 1307 1911 Hoc
1338 1853 1387 1912 est
1417 1848 1573 1910 obstrictos
1605 1847 1700 1911 alicui
1731 1848 1793 1926 ret',
1826 1851 1885 1914 hoo

692 1956 790 2018 etiam
821 1954 864 2018 Η.
889 1953 932 2029 ΙΙ,
958 1952 1000 2018 37
1032 1955 1217 2036 requiritur,
1250 1952 1306 2016 nbi
1330 1952 1494 2017 Mediceus
1518 1952 1632 2017 habet:
1659 1960 1755 2034 „(non
1779 1953 1885 2033 credo)
1997 1950 2000 1956 ’

691 2058 815 2144 legatos
839 2080 875 2123 ac
898 2058 1012 2135 duces,
1035 2078 1153 2143 magna
1176 2079 1214 2122 ex
1238 2065 1328 2142 parte
1350 2055 1447 2121 luxus
1470 2061 1622 2143 egestatis
1644 2058 1799 2123 scelerum
1824 2061 1885 2124 sibi

690 2168 851 2242 conscios,
887 2167 949 2228 nisi
983 2163 1145 2250 pollutum
1181 2164 1434 2248 obstrictumque
1464 2165 1579 2227 meritis
1609 2167 1675 2229 suis
1707 2167 1884 2251 principem

690 2270 873 2356 passuros'’,
904 2270 959 2335 sed
987 2291 1061 2334 cum
1086 2270 1294 2335 deterioribus
1316 2271 1446 2333 merides
1471 2269 1645 2356 legendnm
1669 2291 1735 2335 esse
1759 2272 1886 2336 demon-

691 2382 792 2440 strare
816 2397 888 2440 sum
912 2382 1061 2440 conatus:
1087 2378 1178 2459 pravi
1200 2374 1248 2439 illi
1274 2380 1306 2440 et
1329 2379 1473 2460 corrupti
1496 2375 1591 2440 duces
1614 2396 1676 2439 uon
1701 2375 1802 2440 alium
1826 2379 1885 2441 im·

692 2488 870 2566 peratorem
902 2487 976 2545 sunt
1006 2483 1131 2565 passuri
1162 2502 1258 2566 quam
1291 2484 1347 2565 qui
1377 2481 1440 2544 soie
1470 2482 1598 2544 meritae
1628 2481 1784 2545 edetrictrra
1807 2484 1830 2546 i.
1854 2503 1881 2547 e.

693 2587 797 2652 eidem
821 2587 966 2652 addictus
990 2588 1144 2670 pravitati
1167 2588 1219 2650 sit.

736 2691 793 2767 XI,
815 2691 845 2755 3.
871 2692 1023 2756 Liberum
1043 2693 1158 2756 mortis
1177 2692 1347 2755 arbitrium
1365 2689 1490 2756 Valerio
1507 2692 1760 2777 permittendum
1776 2700 1883 2758 censet

692 2797 841 2862 Vitellius
861 2802 893 2862 et
915 2798 1068 2873 „eandem
1089 2796 1318 2862 clementiam'’
1338 2800 1407 2882 ipse
1427 2818 1554 2882 quoque
1566 2798 1679 2863 suadet
1690 2800 1882 2884 imperator:

739 2903 972 2980 „Hortantibus
1003 2903 1117 2967 debinc
1149 2903 1340 2987 quibusdam
1372 2903 1513 2968 inediam
1544 2912 1576 2968 et
1607 2903 1714 2968 leuem
1738 2907 1881 2983 exitum,

690 3012 853 3073 remittere
872 3008 1060 3074 beneficium
1082 3009 1242 3073 Asiaticus
1259 3011 1321 3091 ait,
1337 3014 1370 3073 et
1382 3011 1559 3095 usurpatis,
1573 3011 1690 3096 quibus
1702 3013 1884 3078 insueverat
1907 3009 1910 3018 '

688 3117 986 3192 exercitationibus,
1018 3114 1107 3180 lauto
1138 3136 1286 3200 corpore,
1315 3114 1416 3180 hilare
1440 3114 1683 3200 epulatus
1709 3105 1882 3183 161166611-

689 3221 819 3286 solvit.‘’

734 3326 817 3406 Quid
841 3334 890 3393 est
913 3327 1061 3390 remittere
1080 3324 1268 3409 terrestriam?
1292 3326 1484 3411 interpretes
1504 3328 1549 3391 sic
1570 3330 1710 3412 accipere
1731 3326 1882 3393 videntur

690 3439 727 3498 ut
758 3436 816 3498 sit:
848 3433 997 3499 beneficio
1026 3455 1084 3496 ror
1114 3433 1171 3496 cti.
1204 3434 1248 3497 nt
1280 3435 1333 3498 oui
1355 3433 1432 3497 haec
1455 3431 1626 3498 clementia
1650 3431 1744 3498 liberi
1768 3436 1882 3499 mortis

689 3541 815 3605 arbitrii
844 3539 918 3604 data
949 3545 1013 3615 est,
1046 3560 1081 3604 ea
1103 3560 1162 3602 cen
1185 3539 1231 3601 uti
1254 3537 1463 3623 non'potest:
1488 3558 1676 3623 quocunque
1698 3538 1792 3605 modo
1816 3562 1882 3605 mo·

690 3650 783 3722 ritur,
818 3648 885 3730 ipse
915 3644 1006 3710 illins
1037 3648 1151 3709 mortis
1181 3651 1292 3709 auctor
1322 3644 1374 3721 fit;
1406 3642 1463 3708 1116
1494 3646 1591 3708 etiam
1626 3647 1682 3730 qui
1713 3645 1813 3724 (XVI,
1846 3645 1880 3726 9)

687 3754 809 3815 restitit
832 3750 1070 3835 percussoribus
1093 3757 1125 3815 et
1149 3771 1296 3836 pugnans
1321 3771 1394 3815 cum
1418 3752 1550 3814 armatis
1573 3755 1738 3836 tamquam
1762 3754 1795 3815 iu
1814 3754 1881 3816 acie

687 3858 812 3932 cecidit,
845 3863 952 3921 tamen
983 3855 1075 3921 illam
1105 3862 1241 3921 mortem
1271 3854 1372 3941 elegit
1396 3858 1475 3941 ipae.
1508 3854 1718 3941 Opponuntur
1740 3859 1824 3922 inter
1847 3878 1881 3923 se

688 3961 838 4024 remittere
859 3969 890 4026 et
913 3963 1178 4027 intendere:
1200 3961 1333 4025 intendit
1355 3963 1537 4047 quicunque
1560 3962 1599 4026 ad
1622 3967 1805 4027 extremum
1829 3983 1881 4027 us·

688 4088 751 4151 que
772 4067 867 4131 tinem
890 4070 923 4131 in
946 4067 1053 4153 aliqua
1076 4089 1109 4132 re
1133 4072 1335 4152 perseverat,
1358 4068 1485 4131 remittit
1507 4070 1563 4152 qni
1587 4088 1678 4153 parce
1701 4074 1733 4132 et
1755 4068 1879 4134 modice

687 4176 768 4258 agit.
800 4173 835 4237 Si
866 4174 990 4238 fecisset
1021 4171 1166 4237 Valerius
1195 4173 1228 4237 id
1251 4173 1337 4257 quod
1362 4175 1458 4238 amici
1482 4173 1673 4250 suadebant,
1698 4179 1735 4238 ut
1758 4172 1881 4260 aliquot

687 4279 754 4342 dies
786 4278 825 4343 ad
856 4278 1057 4344 moriendum
1089 4284 1247 4355 sumeret,
1272 4278 1462 4344 beneficium
1485 4278 1663 4342 intendisset
1686 4281 1709 4342 i.
1733 4300 1760 4344 e.
1785 4278 1879 4365 plane

686 4386 804 4450 abusus
825 4405 861 4449 eo
881 4390 977 4462 esset3
998 4405 1099 4460 nunc,
1120 4383 1198 4449 dum
1220 4390 1359 4449 mortem
1383 4386 1444 4449 sibi
1468 4385 1635 4449 consciscit
1655 4383 1712 4449 illo
1735 4390 1878 4469 tempore

685 4492 934 4554 usitatissimam
966 4497 998 4554 et
1029 4490 1269 4566 brevissimam,
1291 4490 1418 4553 remittit
1440 4489 1609 4572 beneficiam
1630 4492 1652 4554 i.
1677 4511 1703 4554 6.
1728 4511 1821 4574 parce
1845 4496 1877 4555 et

685 4595 864 4662 verecunde
896 4617 932 4661 eo
962 4597 1077 4659 utitur.
1109 4594 1157 4661 df.
1189 4598 1227 4660 A.
1259 4594 1284 4672 I,
1309 4595 1348 4659 8:
1383 4593 1613 4672 „Conclamant
1635 4601 1741 4680 patres
1763 4615 1877 4680 corpus

683 4704 853 4787 (Augusti)
876 4702 916 4766 ad
939 4723 1056 4787 rogum
1076 4704 1196 4766 umeris
1215 4707 1398 4766 senatorum
1418 4700 1593 4764 ferendum.
1614 4700 1743 4764 Remieit
1761 4698 1877 4767 Caesar

683 4829 711 4872 e.
726 4828 755 4891 q.
769 4807 816 4871 s.'’
841 4811 863 4872 i.
877 4828 904 4873 e.
928 4810 1044 4873 nimios
1067 4806 1140 4872 illos
1164 4809 1297 4872 honores
1320 4808 1450 4870 minuit.

732 4911 803 4997 Ipse
834 4912 890 4977 ille
921 4913 1009 4979 locus
1041 4911 1139 4993 (XVI,
1170 4911 1213 4990 9),
1246 4933 1340 4997 quem
1373 4912 1469 4978 modo
1499 4914 1806 4992 commemorabam,
1837 4915 1876 4980 ab
