5125 6150
1218 838 1360 886 rnerrue.
1816 821 1882 886 343

739 1005 782 1069 Η.
815 1004 871 1082 ΙΙΙ,
902 1003 956 1068 29.
993 1003 1065 1081 „(In
1100 1002 1256 1070 Cremona
1291 1004 1517 1089 oppugnanda)
1549 1007 1740 1069 acerrimum
1771 1008 1883 1071 tertiae

690 1114 908 1197 septimaeque
935 1110 1101 1196 legionum
1125 1116 1286 1175 certamen
1294 1131 1302 1188 ;
1328 1117 1360 1174 et
1384 1111 1449 1175 dur
1471 1112 1632 1176 Antonius
1655 1132 1730 1175 eum
1754 1111 1883 1177 delectis

690 1217 903 1283 auxiliaribus
923 1217 1033 1282 eodem
1052 1216 1250 1281 incubuerat.
1275 1215 1458 1282 Obstinatoe
1478 1219 1562 1281 inter
1580 1237 1613 1281 se
1632 1237 1707 1281 cum
1725 1220 1883 1282 sustinere

690 1323 857 1388 Vitelliani
879 1325 1047 1407 nequirent
1071 1343 1097 1386 e.
1111 1344 1140 1407 q.
1153 1323 1211 1387 e.”.

738 1430 877 1509 Quaerat
905 1429 1038 1493 fortasse
1069 1430 1230 1513 quispiam
1261 1427 1422 1491 obstinatae
1454 1427 1535 1491 inter
1564 1449 1595 1492 ae
1625 1428 1703 1513 quid
1731 1431 1789 1507 sit;
1814 1431 1883 1513 ipsa

691 1538 832 1602 narratio
856 1540 1001 1600 accurate
1023 1533 1105 1599 lecta
1127 1532 1208 1598 illud
1232 1532 1373 1598 docebit:
1398 1536 1432 1597 in
1454 1532 1699 1599 conscendendis
1717 1533 1883 1598 moenibus

689 1644 833 1729 legiones
864 1640 1028 1706 certabant
1058 1641 1143 1704 inter
1165 1660 1215 1716 se,
1239 1642 1359 1704 etenim
1381 1640 1541 1704 Antonius
1565 1645 1604 1719 (c.
1629 1638 1704 1714 27):
1738 1638 1882 1717 „vallum

690 1756 862 1835 portasque
884 1745 1068 1832 legionibus
1091 1745 1257 1821 attribuit,
1283 1749 1321 1808 ut
1343 1745 1490 1808 diceretur
1513 1745 1597 1808 lotor
1618 1746 1716 1810 fortes
1735 1747 1883 1831 ignavos·

689 1875 751 1939 que
771 1850 1017 1937 distingueret''.
1038 1850 1116 1914 Erat
1135 1870 1211 1935 ergo
1231 1851 1376 1914 omnium
1397 1852 1481 1915 inter
1500 1871 1533 1915 ee
1549 1849 1694 1915 militum
1706 1855 1880 1927 certamen,

688 1963 723 2024 in
755 1980 817 2044 quo
849 1978 943 2022 nemo
975 1958 1126 2041 cuiquam
1157 1953 1267 2020 cedere
1298 1954 1436 2020 volebat.
1469 1954 1517 2022 Of.
1541 1955 1595 2034 IV,
1621 1955 1659 2020 3:
1685 1955 1881 2022 discordibus

689 2065 943 2148 municipiorum
966 2064 1082 2127 animis
1106 2064 1210 2147 magis
1230 2061 1311 2125 iotcr
1329 2084 1376 2139 se,
1398 2082 1495 2147 quam
1513 2064 1713 2128 contumacia
1729 2062 1882 2128 adversus

689 2173 878 2257 principem.

735 2276 777 2340 H.
803 2274 840 2351 V,
865 2272 920 2339 25.
945 2272 1013 2339 Iam
1038 2274 1176 2339 Batavos
1201 2272 1277 2338 belli
1301 2273 1423 2351 taedet;
1448 2275 1516 2338 iam
1538 2272 1621 2337 nihil
1642 2273 1794 2340 diuturno
1813 2296 1882 2359 pro·

687 2385 810 2448 fectum
841 2379 924 2446 bello
956 2384 1134 2465 queruntur
1141 2401 1150 2458 ;
1183 2381 1335 2464 quoniam
1362 2378 1401 2443 ad
1423 2381 1599 2465 imperium
1621 2381 1802 2464 pervenerit
1825 2380 1883 2445 Ve-

688 2491 871 2575 spasianus,
891 2489 999 2570 inepte
1019 2484 1166 2550 simulari
1185 2507 1242 2570 pro
1261 2483 1319 2549 illo
1340 2483 1461 2550 bellum
1481 2505 1500 2549 a
1518 2506 1551 2551 ec
1566 2488 1635 2571 geri
1642 2507 1651 2566 ;
1668 2488 1802 2551 minime
1814 2508 1882 2554 esse

687 2594 907 2659 Romanorum
930 2589 1129 2656 intolerabile
1148 2592 1333 2674 imperium.
1358 2589 1543 2675 Sequuntur
1562 2591 1639 2656 baec
1657 2594 1759 2676 ipsius
1778 2592 1882 2657 Taciti

687 2700 801 2763 verba:
840 2696 1038 2775 „Honestius
1072 2697 1230 2780 principes
1265 2695 1483 2762 Romanorum
1517 2717 1614 2780 quem
1646 2694 1881 2765 Germanorum

688 2806 825 2869 feminas
848 2801 987 2867 tolerari.
1011 2801 1098 2865 Haeo
1122 2800 1261 2886 vulgus;
1286 2822 1429 2884 proceres
1453 2805 1626 2868 atrociora:
1658 2801 1771 2869 Civilis
1794 2805 1881 2870 rabie

687 2917 791 2975 semet
819 2912 854 2973 in
884 2928 974 2973 arma
998 2913 1119 2985 trusos;
1144 2905 1240 2971 illum
1263 2906 1448 2972 domesticis
1470 2906 1565 2972 malis
1588 2910 1751 2974 excidium
1773 2913 1881 2996 gentis

689 3013 908 3102 opposuieee'’.

734 3122 768 3187 Si
803 3127 887 3186 reete
918 3122 987 3185 rim
1018 3119 1110 3185 verbi
1141 3119 1313 3200 opposuiaae
1342 3118 1509 3205 intelligo,
1542 3120 1601 3185 hoc
1628 3119 1727 3186 Civili
1756 3123 1880 3187 vitica

688 3228 872 3315 proceribus
897 3225 1001 3303 datur,
1027 3224 1112 3309 quod
1134 3226 1278 3309 propriae
1301 3226 1435 3289 iniurias
1458 3226 1520 3290 sibi
1542 3224 1648 3291 illatae
1669 3246 1688 3291 a
1711 3226 1879 3305 Romanis,

687 3343 721 3399 et
744 3336 844 3398 totius
862 3333 969 3417 gentis
990 3331 1185 3396 Batavorum
1206 3330 1367 3395 excidium
1387 3336 1553 3416 tamquam
1573 3334 1607 3396 in
1626 3331 1709 3397 libra
1728 3335 1880 3417 posuerit,

687 3444 721 3504 in
757 3438 857 3504 altera
887 3437 1026 3502 alterum
1057 3435 1163 3513 lance,
1199 3435 1346 3520 quodque
1376 3442 1454 3500 tunc
1485 3434 1535 3500 illi
1566 3440 1712 3522 propriae
1744 3440 1880 3504 iniuriae

687 3545 776 3610 idem
795 3543 910 3609 babere
930 3546 1131 3607 momentum
1152 3543 1238 3605 visae
1257 3543 1331 3618 sint,
1352 3540 1436 3624 quod
1454 3540 1566 3627 populi
1585 3545 1686 3607 totins
1709 3546 1864 3627 pernicies
1870 3565 1878 3623 ;

687 3658 720 3715 et
750 3671 834 3714 nunc
864 3670 940 3714 eum
971 3669 1068 3713 suum
1098 3647 1241 3713 dolorem
1270 3646 1368 3712 illum
1399 3650 1563 3713 communi
1587 3651 1733 3714 omnium
1758 3650 1879 3715 excidio

687 3776 892 3839 compensare
915 3754 1065 3819 clamant.

734 3866 772 3926 A.
804 3861 828 3937 l,
857 3860 910 3927 17.
941 3862 1148 3938 (Pescennius
1171 3860 1369 3925 Pannonicas
1392 3859 1536 3945 legiones
1558 3863 1604 3926 ita
1627 3862 1666 3925 ad
1690 3861 1879 3927 discordiam

685 3967 829 4052 impellit
848 3974 886 4031 ut
905 3966 1017 4031 duram
1038 3972 1157 4031 sortem
1177 3965 1429 4051 legionariorum
1444 3988 1518 4031 cum
1531 3966 1616 4032 sacili
1628 3973 1880 4052 quaestuosaque

686 4074 963 4159 praetorianorum
986 4072 1126 4136 conferat
1147 4071 1283 4150 militia,
1308 4071 1489 4157 additque):

735 4201 819 4256 „non
843 4178 1013 4243 obtrectari
1036 4198 1054 4241 a
1079 4199 1112 4242 se
1135 4179 1270 4243 urbanas
1294 4180 1459 4243 excubias:
1484 4178 1545 4243 sibi
1569 4184 1677 4244 tamen
1701 4179 1785 4263 apud
1809 4179 1879 4245 hor·

685 4284 772 4349 rides
794 4288 907 4370 gentes
931 4304 948 4347 e
971 4282 1187 4348 contuberniis
1210 4283 1335 4349 hostem
1358 4284 1489 4368 aspici'’.

733 4387 893 4475 Lepidum
927 4394 1163 4474 venustumque
1197 4389 1249 4454 hic
1279 4388 1436 4474 particula
1469 4396 1566 4451 tomen
1596 4389 1692 4454 habet
1721 4391 1878 4468 colorem,

687 4498 880 4581 egregieque
903 4495 1057 4560 refertsi
1081 4491 1146 4568 ἦθος
1170 4500 1202 4559 et
1225 4496 1294 4560 eins
1318 4498 1373 4579 qui
1396 4493 1541 4579 loquitur
1559 4500 1591 4559 et
1610 4516 1720 4560 eorum
1740 4496 1780 4561 ad
1799 4517 1878 4581 quos

687 4605 790 4666 oratio
822 4601 968 4677 babetur,
1000 4600 1054 4666 sed
1085 4603 1147 4665 nisi
1177 4604 1308 4687 egregie
1339 4600 1441 4678 fallor,
1473 4603 1636 4666 rarissime
1659 4604 1704 4667 sic
1728 4605 1875 4687 ponitur;

684 4708 768 4772 mihi
792 4712 877 4771 certe
901 4706 990 4772 aliud
1013 4705 1198 4791 exemplum
1221 4728 1305 4771 nunc
1328 4709 1361 4770 in
1385 4712 1538 4791 promptu
1557 4715 1697 4773 nonest.
1718 4708 1877 4774 Sicenim

683 4815 891 4898 conqueritur
922 4812 1133 4879 Pescennius:
1167 4832 1251 4888 „non
1283 4812 1424 4878 obtrecto
1448 4814 1585 4879 urbanas
1608 4815 1775 4893 excubiae,
1799 4836 1876 4881 suus

684 4917 751 4984 illis
775 4923 838 4984 stet
861 4919 961 4984 bonor
1061 4918 1115 4984 sed
1138 4939 1329 5004 quocunque
1352 4918 1480 4985 tandem
1504 4919 1598 4987 modo
1623 4920 1661 4985 de
1684 4918 1755 4986 aliis
1776 4924 1876 5013 copiis
