5125 6150
947 767 988 814 os
1012 766 1219 815 nussunonrs
1243 768 1432 816 cressonis.
1737 753 1779 817 55

587 939 624 999 in
655 954 767 1020 pugna
791 935 936 1020 graviter
958 953 977 997 a
1000 931 1066 997 tilio
1089 935 1188 998 inscio
1212 931 1416 1011 vulneratur;
1446 937 1571 998 saucius
1595 933 1706 1000 deinde
1730 935 1781 1000 do

586 1062 681 1106 mum
704 1039 882 1105 translatus
900 1042 1043 1124 increpat
1062 1039 1228 1105 oraculum
1248 1040 1473 1118 Dodonaeum;
1497 1062 1530 1104 se
1549 1043 1636 1105 enim
1656 1062 1780 1126 semper

586 1152 728 1212 mortem
749 1166 769 1210 a
789 1144 972 1210 Telemachi
990 1165 1089 1209 manu
1108 1152 1346 1231 exspectantem
1363 1144 1478 1211 laetale
1497 1145 1614 1211 vulnus
1626 1150 1781 1231 accepisse

587 1253 676 1318 radio
709 1256 867 1317 venenato
900 1272 919 1316 a
946 1253 1114 1336 peregrino
1146 1254 1249 1336 pirata
1277 1254 1311 1315 in
1335 1273 1367 1315 se
1391 1254 1548 1328 coniecto;
1572 1273 1668 1337 quare
1687 1274 1780 1317 nemo

588 1368 656 1424 tam
687 1361 732 1423 sit
760 1362 888 1443 ineptus
911 1366 948 1423 ut
973 1357 1092 1422 divinis
1115 1360 1274 1443 responsis
1297 1357 1392 1422 fidem
1416 1358 1540 1422 habeat.
1563 1359 1703 1423 Advenit
1725 1358 1781 1423 Te

587 1466 745 1552 legonus,
782 1464 819 1529 fit
848 1463 1099 1542 ἅναγνωρισμδς,
1132 1462 1242 1529 Ulixes
1277 1485 1368 1530 caeca
1403 1464 1468 1529 fata
1502 1467 1589 1529 vitae
1622 1465 1780 1529 humanae

586 1571 786 1637 lamentatus
809 1591 826 1635 e
849 1574 918 1636 vita
941 1570 1091 1648 discedit,
1116 1591 1178 1656 quo
1202 1570 1285 1634 facto
1310 1569 1395 1634 filius
1419 1578 1560 1634 moestus
1584 1569 1623 1633 ad
1643 1576 1780 1634 matrem

587 1676 701 1744 Circen
725 1679 909 1742 revertitur.

631 1783 772 1850 Secutus
806 1804 879 1847 sum
914 1787 983 1846 tam
1017 1782 1196 1867 fragment-a
1230 1779 1397 1866 Sophoclis
1434 1800 1530 1865 quam
1569 1801 1648 1864 quae
1687 1780 1780 1844 tradi-

586 1890 705 1955 derunt
735 1888 907 1975 Hyginus,
940 1888 1120 1973 Oppianus,
1146 1887 1268 1973 Dictys.
1302 1886 1400 1951 Addit
1423 1886 1576 1973 Hyginus
1600 1887 1658 1951 snb
1682 1885 1778 1950 finem

585 1995 717 2061 fabulae
758 1997 941 2080 apparuisse
978 1994 1176 2070 Minervam,
1217 1995 1309 2058 cuius
1344 1995 1468 2056 monitu
1504 1992 1595 2056 heros
1631 1997 1778 2057 mortuus

585 2104 618 2165 in
647 2099 789 2164 insulam
821 2101 959 2165 Aeaeam
993 2101 1035 2162 sit
1070 2098 1271 2183 deportatus,
1307 2098 1363 2162 ubi
1397 2097 1592 2182 sepeliretur.
1626 2097 1778 2162 Eiusdem

587 2207 661 2271 deae
693 2208 786 2269 iussu
814 2203 1013 2290 Telegonum
1036 2202 1233 2288 Penelopen,
1259 2202 1485 2267 Telemachum
1510 2202 1621 2269 Circen
1645 2224 1778 2268 uxorem

590 2312 730 2377 duxisse.

630 2416 720 2483 Talis
743 2436 819 2482 vero
842 2415 914 2479 finis
937 2416 1018 2479 mihi
1042 2418 1147 2501 magis
1169 2414 1363 2499 Euripideus
1388 2435 1485 2499 quam
1509 2436 1526 2479 c
1548 2414 1711 2500 Sophoclis
1731 2418 1777 2479 in-

588 2527 681 2611 genio
713 2521 851 2597 videtur,
884 2541 981 2606 quare
1011 2524 1117 2606 potins
1148 2520 1228 2585 facio
1256 2542 1330 2585 cum
1362 2542 1430 2585 sero
1460 2526 1587 2585 auctore
1619 2518 1777 2606 Odysseae

590 2629 756 2715 periochae
779 2648 798 2692 a
820 2627 1018 2691 Buttmanno
1043 2625 1161 2703 editae,
1187 2629 1278 2691 cuius
1302 2625 1418 2691 ultima
1443 2628 1537 2692 verbe
1561 2632 1652 2691 sunt:
1673 2628 1776 2702 μαθὼν

592 2731 636 2800 οὖν
671 2734 849 2810 Τηλέγονος
884 2731 930 2797 ὅτι
961 2733 1013 2798 τὸν
1048 2733 1171 2808 πατέρα
1203 2735 1325 2811 ἀνεῖλε,
1357 2737 1509 2808 πενθήσας
1540 2733 1633 2796 αὐτὸν
1665 2740 1773 2811 πικρῶς

591 2843 765 2920 ἑνεχῶρησε
787 2848 842 2912 τῆς
867 2840 986 2911 Ἰθάκης
1011 2838 1094 2918 (Vid.
1120 2838 1265 2904 Welcker
1292 2836 1347 2904 Gr.
1373 2839 1466 2926 Trag.
1493 2860 1523 2923 p.
1549 2838 1638 2917 243).

628 2949 713 3013 Utut
748 2946 783 3011 id
818 2951 882 3022 est,
918 2948 1137 3030 unusquisque
1171 2949 1237 3009 iam
1272 2946 1469 3010 observavit:
1514 2944 1552 3008 de
1590 2947 1704 3009 itinere
1741 2947 1773 3008 in

586 3054 712 3120 Illidem
743 3051 868 3117 nullam
900 3051 969 3118 fieri
1000 3053 1196 3117 mentionem
1204 3072 1212 3129 ;
1246 3050 1436 3137 Sophoclem
1467 3050 1504 3115 de
1536 3072 1592 3116 suo
1615 3050 1773 3116 addidisse

586 3161 633 3227 vel
669 3160 801 3226 aliunde
836 3159 1048 3244 desumpsisse
1082 3159 1230 3222 macetum
1266 3158 1349 3222 ilhcd
1381 3159 1587 3234 Dodonaeum,
1620 3158 1704 3242 quod
1734 3165 1772 3222 ut

585 3266 760 3353 Pythicum
792 3229 874 3329 illud
904 3267 938 3327 in
969 3263 1164 3348 Oedipodes,
1197 3266 1295 3328 totius
1329 3264 1509 3349 tragoediae
1533 3262 1625 3327 cerdo
1649 3263 1771 3327 factum

585 3380 639 3439 cet.
674 3372 796 3437 Eadem
826 3374 929 3457 igitur
958 3373 1137 3435 narratione
1167 3372 1392 3455 antiquissima
1414 3372 1518 3434 utitur
1541 3368 1711 3454 Sophocles
1736 3390 1771 3433 ac

584 3479 789 3565 Eugammon
813 3476 891 3542 olim
915 3481 981 3541 erat
1004 3498 1100 3553 usus,
1125 3476 1179 3540 sed
1203 3482 1337 3561 uterque
1361 3498 1417 3560 pro
1441 3496 1497 3540 suo
1515 3477 1643 3562 ingenio
1663 3475 1771 3539 datam

581 3587 755 3651 materiam
787 3586 948 3648 tractavit.
980 3582 1064 3648 Nam
1095 3582 1181 3647 valet
1211 3583 1263 3646 hic
1294 3603 1418 3666 quoque
1441 3584 1645 3645 notissimum
1669 3580 1769 3646 illud:

584 3693 671 3770 ,duo
694 3711 770 3755 cum
794 3689 879 3755 idem
902 3690 1025 3754 faciunt
1047 3689 1132 3753 idem
1156 3710 1217 3752 non
1241 3688 1322 3753 ast.'’
1441 3724 1444 3728 .

627 3796 817 3862 Welclxerus
839 3801 948 3861 antem
973 3815 1168 3880 quamquam
1190 3794 1236 3859 l.l.
1261 3794 1394 3858 Pacuvii
1411 3794 1599 3879 fragmentis
1618 3794 1770 3859 adhibitis

578 3903 707 3971 fabulae
726 3901 917 3987 Sophocleae
937 3900 1129 3965 lincamenta
1148 3900 1261 3964 ducere
1274 3907 1322 3964 est
1334 3905 1478 3978 conatus,
1501 3921 1769 3984 supervacaneum

578 4034 643 4077 non
676 4010 758 4075 duco
783 4008 842 4073 hae
867 4028 992 4092 quoque
1015 4006 1053 4071 de
1076 4027 1110 4070 re
1132 4027 1233 4091 pauca
1256 4006 1432 4090 disputare,
1456 4027 1531 4069 cum
1555 4005 1768 4069 Wilamowitc

576 4117 680 4183 Hom.
705 4115 782 4181 Unt.
802 4135 833 4198 p.
857 4112 919 4177 195
933 4134 1000 4199 eqq.
1021 4111 1176 4197 quaedam
1196 4115 1353 4176 contraria
1373 4115 1406 4175 in
1426 4112 1569 4194 medium
1588 4110 1766 4195 protulerit.

576 4224 737 4311 Opinatur
772 4223 859 4285 enim
894 4219 1081 4284 Welckerus
1116 4218 1262 4298 Ulixem,
1300 4220 1354 4302 qui
1389 4221 1422 4281 in
1457 4220 1550 4282 initio
1586 4214 1767 4300 tragoediae

577 4334 713 4418 ignotm
736 4329 804 4392 suis
827 4329 860 4391 in
884 4325 1026 4390 Ithacam
1050 4326 1157 4390 redeat
1181 4331 1213 4390 et
1236 4324 1362 4389 lavatus
1386 4326 1424 4388 ab
1445 4321 1602 4409 Euryclea
1621 4341 1768 4407 agnosca

578 4443 644 4514 tur,
663 4456 728 4499 non
742 4433 873 4515 primum
891 4438 963 4517 post
982 4430 1111 4495 Troiam
1131 4438 1256 4515 captam
1277 4434 1396 4495 reverti
1416 4430 1468 4495 sed
1488 4429 1603 4492 iterum.
1626 4427 1766 4492 Heroem

575 4542 701 4609 scilicet
746 4544 818 4624 post
859 4541 1002 4617 primurn
1035 4539 1069 4600 in
1104 4535 1247 4600 Ithacam
1282 4538 1439 4613 reditum,
1477 4556 1571 4620 quem
1606 4534 1766 4599 Homerus

572 4647 746 4721 describit,
772 4646 876 4729 procis
899 4643 1074 4708 interfectis
1098 4644 1131 4705 in
1155 4642 1291 4727 Epirum
1315 4664 1382 4707 esse
1405 4642 1584 4725 profectum
1603 4645 1640 4704 ut
1659 4661 1765 4705 oracu-

571 4755 644 4820 lum
669 4750 882 4817 Dodonaeum
906 4748 1100 4826 consuleret;
1127 4749 1202 4812 hinc
1226 4751 1364 4813 nuncin
1388 4749 1525 4833 patriam
1545 4746 1646 4810 redire
1665 4767 1764 4830 aeque

571 4865 728 4949 ignotum
772 4855 945 4939 eodemque
987 4854 1081 4919 modo
1116 4858 1245 4940 agnosci
1279 4876 1314 4919 ac
1348 4861 1448 4918 antea.
1493 4851 1554 4919 Oui
1583 4850 1765 4934 obloquitur
