5125 6150
683 809 750 875 428
1214 824 1335 874 116116.

684 996 830 1059 certatim
857 990 1049 1076 expulerunt
1072 991 1108 1055 P.
1133 989 1263 1069 Miller,
1289 989 1443 1075 Gobetus‚
1469 991 1701 1071 Franckenins,
1724 993 1871 1058 Herwer-

684 1100 800 1176 denus,
830 1097 1062 1163 Thnlheimius.
1094 1096 1191 1162 Plura
1221 1118 1283 1162 non
1315 1097 1395 1163 addo
1426 1101 1487 1163 nisi
1518 1099 1594 1178 hoc,
1618 1090 1729 1165 mirari
1752 1122 1805 1166 me
1829 1122 1869 1166 er

683 1209 723 1271 iis
754 1226 834 1292 qnae
864 1203 1003 1271 Gobetus
1035 1209 1067 1267 et
1096 1201 1173 1268 alibi
1204 1210 1236 1268 et
1264 1206 1412 1289 inprimis
1434 1207 1468 1268 in
1499 1204 1601 1268 Variis
1622 1206 1812 1271 Lectionibus
1836 1228 1866 1291 p.

685 1310 750 1378 376
763 1333 828 1398 sqq.
848 1309 979 1375 delenda
998 1312 1164 1395 proposuit
1183 1309 1257 1374 haec
1277 1308 1472 1375 Thalheimii
1491 1311 1660 1377 adsensum
1679 1334 1741 1377 non
1753 1311 1868 1378 tulisse

684 1421 819 1483 minime
849 1424 956 1482 tamen
987 1415 1179 1481 traditorum
1210 1416 1379 1481 verborum
1411 1417 1557 1483 asseclae.
1594 1418 1646 1483 Or.
1678 1418 1740 1483 XII
1769 1418 1866 1503 §222

685 1522 753 1589 dot·
768 1521 900 1598 ’ν’ἱιιουσιν
931 1523 1192 1598 οὶπολογνσέμενοι
1222 1523 1289 1604 [καὶ
1319 1524 1475 1606 λέγουσιν]
1506 1526 1544 1595 ὣς
1574 1524 1655 1589 οὐδὲν
1683 1525 1862 1589 κακὸν--

684 1631 876 1709 εἰργασμένοι
908 1630 992 1720 sicle.
1025 1628 1125 1692 Affine
1155 1634 1220 1705 est,
1253 1631 1350 1693 etiam
1381 1631 1449 1714 ipso
1479 1636 1627 1696 monente
1651 1630 1787 1710 Gobeto,
1813 1630 1865 1695 Or.

684 1736 795 1802 XXIX
825 1737 900 1821 §lt
934 1736 1041 1799 πολλοὶ
1072 1736 1133 1814 γαρ
1159 1730 1235 1809 ἦσαν
1259 1736 1286 1799 ol
1309 1741 1508 1808 ἀπειλοῦντες
1534 1739 1600 1819 [καὶ
1625 1739 1650 1802 ol
1674 1738 1866 1821 Φασκοντες]

685 1844 885 1923 Φιλοκράτους
917 1842 1146 1922 κατηγορήσειν,
1177 1843 1234 1907 ubi
1264 1842 1347 1906 mihi
1369 1848 1470 1922 certo,
1494 1844 1763 1929 quemadmodum
1789 1843 1867 1909 olim

684 1950 819 2028 Gobeto,
856 1971 970 2036 parum
1007 1949 1109 2035 placet
1140 1948 1259 2034 duplex
1289 1971 1391 2036 genus
1422 1953 1627 2015 inimicorum
1657 1951 1866 2028 Philocratis,

684 2080 819 2145 qnorum
841 2056 977 2121 alterum
1001 2055 1132 2118 minatur
1150 2054 1288 2120 alterum
1302 2059 1463 2139 prcfitetcr
1482 2078 1515 2121 se
1538 2061 1567 2122 ei
1588 2057 1673 2123 diem
1693 2057 1866 2135 dicturum,

684 2168 775 2252 quasi
798 2163 973 2249 quidquam
994 2165 1130 2227 Intersit.
1154 2162 1323 2226 Praeterea
1346 2161 1398 2228 Or.
1423 2162 1502 2228 XIII
1524 2166 1542 2248 ᾖ
1561 2162 1621 2228 621
1642 2173 1704 2234 τοῖς
1727 2164 1870 2245 διαδεχο-

683 2274 782 2349 μένοις
820 2272 1033 2352 [στρατηγοῖς]
1071 2267 1281 2348 παρεδέδοσαν,
1320 2274 1358 2332 ut
1394 2269 1449 2333 din
1488 2276 1561 2334 ante
1593 2273 1690 2336 etiam
1726 2278 1868 2336 suaserat

683 2378 855 2444 Dobraeue.
877 2374 929 2440 Or.
950 2374 1057 2439 XVIII
1075 2375 1126 2459 §5
1148 2375 1383 2457 [δυστυχοῦντος
1403 2381 1455 2440 τοῦ
1476 2374 1595 2459 δήμου].
1620 2376 1673 2441 Or.
1694 2377 1755 2442 XX
1774 2377 1867 2461 §141

685 2486 777 2550 αὖτδν
797 2482 969 2563 ἠνάγκαζον
991 2481 1143 2559 ε’πιβολοὶς
1163 2482 1387 2559 ἐπιβάλλοντες
1408 2482 1474 2564 [καὶ
1495 2480 1694 2566 deuectum}
1719 2483 1771 2548 Or.
1784 2482 1867 2547 XXI

683 2595 701 2677 ᾗ
723 2591 782 2656 19:
814 2589 863 2654 διοὶ
893 2591 998 2658 τέλους
1023 2589 1086 2670 [τδν
1111 2589 1215 2652 πάντα
1239 2588 1359 2672 χρόνον]
1383 2591 1505 2665 κόσμιον
1529 2585 1604 2654 εἶναι
1628 2591 1678 2654 καὶ
1704 2591 1864 2671 σώφρονα,

685 2702 739 2777 „in
772 2699 879 2783 paucis
909 2694 1115 2761 manifestum
1145 2695 1336 2773 emblema’',
1367 2694 1485 2762 Cobeto
1508 2696 1623 2765 indice.
1649 2699 1690 2761 At
1713 2717 1773 2761 non
1797 2717 1867 2782 per·

684 2806 913 2888 suasit-neque
944 2802 1155 2867 Heruerdeno
1186 2824 1287 2886 neque
1317 2802 1537 2880 Thalheimio,
1569 2824 1704 2888 quorum
1734 2802 1789 2868 1116
1813 2803 1864 2867 διὰ

684 2911 789 2980 τέλους
820 2910 868 2974 ἀεὶ
901 2910 1018 2994 profert
1040 2908 1167 2974 Platoni
1189 2911 1338 2994 inprimis
1360 2910 1617 2995 frequentatum,
1640 2909 1864 2975 'I'halheimius

684 3018 724 3083 ad
747 3017 882 3083 eundem
905 3038 961 3082 nos
985 3015 1113 3103 ablegat
1138 3014 1322 3092 Platonem,
1354 3016 1438 3102 apnd
1471 3037 1565 3102 quem
1595 3016 1704 3083 eodem
1736 3038 1865 3103 prorsus

685 3125 778 3190 modo
801 3127 904 3188 estin
929 3124 1042 3186 dlrncco
1067 3145 1092 3188 c.
1121 3124 1159 3187 11
1186 3130 1230 3210 (p.
1256 3121 1516 3203 380111δά11
1541 3123 1605 3188 δια
1631 3126 1863 3193 τέλουςτδν

686 3230 850 3297 ἅπαντα
878 3231 1019 3309 χρόνον
1053 3231 1184 3306 γεγονώς
1209 3254 1243 3294 τε
1269 3230 1320 3294 ecl
1346 3228 1383 3292 ιδν
1407 3230 1457 3293 καὶ
1483 3231 1640 3307 ἐσόμενος,
1666 3237 1697 3295 et
1720 3231 1759 3295 ad
1782 3230 1864 3295 Ieaei

685 3338 771 3403 Orat.
791 3335 854 3402 XII
873 3338 909 3421 ἓξ
929 3335 960 3414 8,
974 3335 1026 3400 38.
1059 3339 1102 3400 At
1123 3340 1156 3400 in
1180 3335 1260 3401 lsaei
1283 3336 1405 3414 verbis,
1430 3374 1471 3385 —
1496 3335 1594 3401 altero
1617 3336 1685 3402 loco
1709 3338 1739 3420 (ξ
1759 3336 1794 3415 8)
1818 3343 1866 3402 est

686 3444 795 3523 ἐχθρῶς
820 3440 943 3521 ἔχοντες
968 3445 1018 3507 τδν
1042 3443 1147 3506 πάντα
1166 3443 1270 3522 χρόνον
1290 3443 1465 3508 διετέλεσαν
1486 3445 1557 3519 πρὸς
1578 3443 1742 3519 ἀλλήλους,
1764 3442 1865 3508 altero

684 3553 716 3635 (ξ
737 3549 792 3628 38)
823 3550 836 3612 d
869 3552 970 3624 πατὴρ
994 3550 1088 3613 αὐτοῦ
1107 3556 1379 3629 --τριιιροιρχιῖιιι
1402 3549 1452 3612 τδν
1477 3550 1582 3613 πάντα
1608 3549 1711 3630 χρόνον
1736 3548 1867 3615 διετέλε-

684 3681 745 3733 σεν,
772 3694 812 3704 -
836 3676 897 3719 non
929 3659 1005 3719 satis
1035 3655 1162 3720 videtur
1186 3657 1334 3742 praesidii
1342 3677 1350 3733 ;
1377 3655 1414 3721 de
1437 3655 1580 3720 Platonis
1603 3655 1671 3721 loco
1696 3677 1755 3719 non
1780 3678 1866 3741 aper-

684 3764 809 3827 tissimo
840 3760 965 3825 difficile
994 3768 1042 3825 est
1064 3760 1186 3846 aliquid
1210 3765 1289 3826 certi
1313 3765 1512 3827 constituere.
1538 3761 1598 3826 Sed
1622 3762 1681 3827 hoc
1705 3768 1813 3840 teneo,
1839 3766 1866 3827 si

684 3890 779 3954 quam
810 3870 949 3932 maxime
977 3865 1069 3931 Plato
1099 3871 1145 3932 ita
1174 3871 1318 3953 scripsit,
1342 3867 1484 3932 nondum
1507 3889 1632 3932 caueam
1658 3889 1724 3933 esse
1747 3890 1805 3932 cur
1828 3890 1866 3933 ex

684 3976 743 4039 hoc
773 3976 865 4038 unico
896 3972 996 4037 altero
1028 3973 1172 4058 exemplo
1203 3974 1318 4057 Lysiae
1350 3973 1538 4058 simpliciter
1560 3975 1710 4038 scribenti
1733 3975 1866 4040 eandem

684 4081 939 4152 ἰσοδυναμούντων
957 4079 1207 4144 cumulationem
1220 4082 1410 4144 tribuamus.
1432 4079 1541 4164 Neque
1553 4079 1641 4144 adest
1651 4083 1685 4143 in
1697 4080 1865 4146 simillima

685 4189 857 4275 sententia,
889 4206 985 4270 quam
1016 4206 1055 4249 er
1085 4185 1166 4249 [saei
1198 4189 1338 4251 oratione
1370 4186 1532 4272 deperdita
1566 4185 1676 4251 attulit
1711 4187 1866 4253 Stobaeus

685 4293 792 4358 Florc't.
819 4290 959 4375 1114.
992 4290 1102 4376 Itaque
1133 4314 1206 4355 cnm
1239 4290 1357 4359 Gobeto
1388 4300 1419 4357 et
1442 4292 1641 4357 Hartmannc
1665 4297 1788 4372 statuo,
1814 4294 1864 4359 δια

685 4400 790 4469 τέλους
823 4398 870 4460 atel
903 4396 1030 4462 tolerari
1061 4419 1168 4482 posse,
1201 4397 1425 4463 conferendum
1455 4420 1529 4464 cum
1560 4400 1638 4479 τάχ’
1669 4399 1756 4479 ἴσοις,
1781 4398 1865 4473 αὖθις

685 4501 735 4582 αὖ,
767 4505 881 4569 αὐτίκα
914 4511 1126 4581 παραχρῆμα,
1159 4503 1253 4567 ποὶλιν
1288 4504 1320 4580 ἐξ
1343 4507 1442 4583 ἀρχῆς
1468 4508 1585 4582 61111111,
1611 4504 1662 4570 διὰ
1685 4508 1789 4577 τέλους
1814 4511 1866 4574 τὸν

685 4612 790 4673 ταντα
826 4611 931 4689 χρόνον
965 4615 1021 4674 aut
1051 4609 1211 4696 glossema
1243 4611 1362 4687 videri,
1394 4618 1467 4688 aut,
1500 4614 1583 4696 quod
1614 4612 1744 4691 malim,
1779 4638 1865 4682 nunc

684 4737 808 4801 quoqne
829 4718 1081 4782 vetustissimam
1100 4719 1222 4781 variam
1240 4717 1422 4782 lectionem.
1443 4719 1530 4798 Quod
1551 4718 1603 4783 vel
1621 4723 1725 4805 magis
1737 4730 1868 4807 apparet

685 4821 800 4887 conata
830 4821 881 4884 or.
916 4821 958 4885 11
981 4824 998 4906 s
1019 4821 1080 4887 30:
1113 4825 1165 4886 σοι
1198 4824 1249 4887 τοι
1280 4823 1374 4901 ιαμ
1407 4828 1438 4889 ιο
1464 4826 1575 4903 ειμι,
1600 4828 1652 4891 σοι
1675 4808 1867 4908 eristun,

684 4931 715 4992 οὐ
751 4928 909 5005 τύραννος,
945 4931 991 5010 [οὐ
1028 4931 1132 5013 πόλις]
1168 4931 1260 4995 ε’έέλει
1297 4931 1440 5008 δέξασθαι
1477 4931 1542 4996 δια
1577 4932 1741 5011 τέλους,
1775 4937 1865 5001 οἶλλοδ
