5125 6150
1064 875 1107 922 nn
1131 874 1362 924 emeremus
1384 876 1474 925 rrns.
1805 860 1870 925 455

685 1040 870 1106 inauditum
901 1039 935 1104 ri
966 1041 1136 1119 σκκριιτᾶι,
1166 1039 1200 1104 id
1230 1045 1334 1106 cetera
1357 1040 1461 1107 veluti
1483 1042 1714 1128 complectitur.
1751 1043 1882 1130 Quippe·

686 1148 813 1213 Socrati
834 1147 875 1227 τῷ
900 1146 1021 1226 duodece
1046 1146 1098 1210 cai
1124 1145 1301 1225 ἄιυιιιδήτῳ
1324 1146 1466 1213 similem
1489 1169 1571 1226 esse,
1595 1149 1628 1214 id
1652 1152 1757 1215 maius
1777 1153 1875 1215 etiam

685 1253 839 1339 quiddam
869 1257 917 1317 est
948 1273 1044 1338 quam
1076 1251 1200 1339 capillis
1230 1252 1378 1330 incultis,
1412 1254 1491 1320 facie
1523 1254 1708 1334 macilenta,
1732 1263 1820 1321 veste
1844 1262 1876 1322 et

684 1380 815 1444 corpore
845 1358 979 1423 sordidis
1010 1358 1223 1424 obambulare.
1255 1358 1363 1424 Huius
1394 1362 1498 1446 igitur
1528 1363 1618 1426 verbi
1649 1382 1686 1427 ea
1716 1367 1764 1427 est
1793 1364 1874 1428 ratio

683 1487 765 1553 quae
785 1469 872 1531 vocis
891 1468 1062 1542 περιουσίας
1082 1466 1167 1531 Nub.
1182 1466 1235 1544 50,
1256 1468 1474 1543 πλινθυγιείιις
1494 1467 1587 1555 Vesp.
1603 1468 1679 1547 677,
1699 1469 1873 1555 eodemque

682 1572 834 1657 loquendi
865 1594 980 1659 gonaro
1013 1594 1090 1638 usus
1119 1571 1348 1639 Demosthenes
1372 1573 1418 1638 ΠΙ
1441 1576 1458 1659 §
1479 1574 1523 1639 29
1554 1574 1636 1639 dixit
1663 1573 1873 1641 Athenienses

685 1681 792 1743 missis
826 1679 919 1743 rebus
953 1680 1156 1765 gravioribus
1187 1683 1288 1745 κινιῖικ
1317 1679 1376 1751 τὰς
1409 1678 1556 1756 ἐπάλξεις
1587 1681 1638 1746 κιιὶ
1663 1680 1871 1761 ἐπισκευάζειν

685 1784 745 1857 τὰς
780 1784 864 1858 ὁδοὺς
899 1785 949 1850 sul
985 1787 1093 1865 κρήνας
1129 1787 1196 1850 καὶ
1230 1786 1385 1865 λήρους.
1416 1787 1513 1853 Recto
1545 1795 1654 1854 autem
1679 1788 1870 1869 ἒσκκριὶτιικ

684 1891 780 1956 habet
805 1891 841 1970 R,
866 1893 899 1955 in
923 1895 1036 1956 ceteris
1059 1912 1134 1956 vero
1157 1896 1205 1956 est
1222 1912 1341 1957 'cova

732 1998 793 2063 His
822 2001 1004 2084 praemissis
1034 2000 1166 2064 observo
1197 1998 1321 2064 nullam
1354 2020 1482 2064 oausam
1513 2022 1579 2067 esse
1612 2006 1746 2066 curant
1770 2006 1873 2067 cetera

687 2106 785 2170 verba
815 2108 850 2169 in
881 2106 1014 2171 dubium
1045 2112 1199 2170 vocentur
1229 2113 1285 2171 aut
1309 2106 1442 2171 ἐκείνων.
1467 2107 1529 2172 Pro
1555 2128 1616 2192 quo
1639 2090 1746 2176 ἒπῖἷιιιι
1768 2108 1873 2196 legen-

688 2213 767 2277 dum
788 2232 856 2277 esse
876 2249 917 2260 —
938 2214 1084 2298 graviore
1106 2215 1210 2298 igitur
1233 2215 1314 2278 vitio
1337 2233 1465 2278 versum
1489 2213 1631 2280 laborare
1658 2254 1693 2265 -
1713 2215 1777 2280 luit
1799 2236 1873 2281 cum

686 2320 865 2403 suspicarer
887 2321 954 2403 ipse
979 2316 1094 2383 collato
1117 2318 1315 2405 Lysistratus
1340 2318 1513 2397 versiculo,
1537 2321 1593 2384 ubi
1614 2318 1798 2388 Cleomenes
1817 2342 1873 2386 rex

687 2532 805 2597 dicitur
820 2532 852 2611 ¹).
885 2531 947 2596 Sed
980 2532 1102 2597 dudum
1130 2533 1197 2597 vidi
1228 2553 1342 2598 vanam
1374 2554 1441 2598 esse
1470 2531 1562 2598 illam
1594 2537 1790 2620 opinionem,
1815 2556 1872 2600 nac

688 2639 821 2702 verbum
847 2659 930 2703 nunc
954 2637 991 2703 de
1014 2659 1051 2703 ea
1073 2639 1228 2715 facerem,
1252 2641 1315 2703 nisi
1338 2639 1423 2724 apud
1446 2638 1653 2726 Blaydesium
1676 2640 1762 2706 idem
1785 2662 1872 2727 repe·

688 2746 802 2822 rirem;
828 2746 884 2828 qui
908 2751 1025 2810 temere
1048 2744 1186 2830 profecto
1210 2747 1393 2830 proposuit:

913 2849 1038 2929 ἐκόμων,
1063 2851 1179 2930 ἐκείνων,
1203 2849 1411 2931 ἕσιικριέτιζιι,
1437 2851 1577 2930 ἐρρύπων.

689 2957 775 3036 Quae
798 2978 855 3022 cur
877 2956 1010 3044 vulgata
1032 2957 1167 3023 lectione
1186 2956 1292 3023 multo
1312 2960 1377 3022 siut
1397 2958 1568 3037 deteriora,
1589 2980 1684 3045 supra
1697 2960 1872 3028 ostendisse

690 3065 772 3129 mihi
794 3063 913 3130 videor.

733 3284 785 3349 Vs.
811 3284 898 3350 1630
915 3307 959 3370 sq.
997 3285 1170 3371 Postquam
1205 3283 1360 3349 Hercules
1396 3285 1600 3370 impudenter
1634 3290 1788 3353 mentitus
1822 3294 1871 3353 est

687 3390 864 3457 Triballum
887 3395 1030 3479 regimen
1054 3392 1166 3456 mundi
1189 3392 1303 3457 avibus
1328 3390 1411 3456 tradi
1431 3392 1558 3470 iubere,
1578 3394 1639 3458 sibi
1659 3399 1768 3459 autem
1787 3395 1873 3459 idem

688 3499 812 3585 placere
836 3499 920 3564 haud
944 3500 1048 3563 dubiis
1072 3498 1177 3563 verbis
1201 3504 1250 3562 est
1273 3497 1473 3583 prolocutus,
1495 3496 1663 3584 Neptunus
1681 3501 1762 3565 uobis
1781 3502 1874 3585 uitur

688 3608 717 3671 ei
739 3606 786 3669 ue
808 3606 935 3683 uidetur,
960 3608 1022 3683 ait,
1047 3606 1179 3690 equidem
1202 3627 1260 3668 nou
1283 3606 1460 3687 repuquudo.
1485 3603 1566 3670 Dein
1584 3609 1728 3692 sequitur
1746 3627 1872 3674 versus:

915 3708 1016 3790 οὗτος,
1041 3713 1124 3777 δοκεῖ
1144 3712 1215 3791 apes
1239 3716 1344 3775 τκῦτιι
1369 3717 1421 3777 τοῦ
1446 3712 1598 3791 σκήπτρου
1622 3713 1697 3795 πέρι.

691 3822 793 3901 Quem
825 3820 952 3883 Herculi
982 3821 1128 3884 tribuunt
1156 3820 1295 3896 codices,
1320 3819 1460 3902 Neptuno
1486 3840 1559 3885 vero
1583 3823 1761 3886 continuari
1783 3822 1873 3887 iubet

690 3928 798 4006 Kook;
818 3927 915 3991 huius
936 3928 1022 3991 enim
1042 3926 1092 3990 dei
1112 3947 1178 3991 esse
1197 3932 1374 3991 ceterorum
1398 3928 1526 3991 nomine
1549 3927 1645 3991 verba
1668 3927 1778 3992 facere.
1802 3926 1874 3992 Non

691 4036 853 4111 assentior,
878 4032 981 4098 multo
1005 4039 1113 4097 autem
1136 4033 1334 4097 festiviorem
1357 4031 1436 4098 duco
1459 4032 1637 4118 vulgatam.
1662 4032 1816 4098 Hercules
1839 4040 1877 4099 ut

690 4144 833 4227 primum
857 4161 895 4205 er
919 4161 971 4204 ore
995 4139 1137 4224 Neptuni
1159 4139 1283 4203 audivit
1306 4136 1402 4204 illum
1427 4141 1622 4225 acquiescere
1645 4144 1679 4204 iu
1698 4145 1876 4206 ceterorum

691 4250 863 4323 sententia,
883 4244 986 4310 laetus
1005 4247 1116 4310 statim
1136 4282 1178 4295 -
1198 4265 1273 4309 nam
1292 4244 1401 4330 epulas
1420 4248 1486 4309 iam
1507 4246 1568 4310 sibi
1589 4246 1676 4311 ridet
1695 4257 1819 4332 paratas
1833 4282 1873 4295 -

692 4356 763 4417 derce
794 4356 849 4416 tu!
878 4351 1050 4429 exclamat,
1084 4353 1283 4415 assentimur!
1312 4352 1435 4439 Nempe
1460 4355 1572 4437 siqua
1596 4351 1684 4418 fieret
1708 4374 1875 4432 mora,ue

691 4462 777 4525 fraus
796 4457 975 4544 perplueret
993 4479 1089 4543 quam
1110 4460 1288 4522 marimum
1307 4466 1373 4523 erat
1393 4457 1592 4544 periculum3
1612 4458 1871 4525 Triballuseuim
1945 4477 1948 4486 ·

692 4589 756 4632 non
787 4586 896 4630 revera
925 4586 999 4629 eum
1029 4563 1167 4629 Hercule
1198 4565 1290 4643 facit,
1323 4564 1377 4629 sed
1407 4564 1469 4630 alia
1494 4567 1600 4630 omnia
1623 4571 1743 4643 censet,
1768 4565 1874 4631 blaeso

691 4679 817 4738 tantum
842 4692 895 4736 ore
919 4673 1098 4757 prohibitus
1122 4673 1293 4756 quominus
1316 4670 1400 4737 clare
1424 4671 1592 4758 eloquatur
1615 4675 1815 4738 sententiam.

736 4779 797 4844 Sed
821 4779 894 4843 data
917 4800 1010 4865 opera
1032 4779 1253 4864 exponendum
1276 4778 1406 4844 videtur
1427 4779 1478 4857 id,
1504 4781 1586 4867 quod
1609 4779 1764 4845 ultimum
1789 4779 1871 4861 dixi;

697 4933 887 4943 -———---

730 5012 756 5074 l)
773 5010 825 5074 Lys.
844 5008 901 5062 ule.
