5125 6150
1099 813 1268 862 reuersrus.
1711 795 1773 862 171

634 977 652 1061 §
673 974 728 1040 31.
752 974 887 1041 Νίκαιαν
907 976 998 1058 [α’πδ
1022 984 1093 1050 τῆς
1115 977 1255 1060 Νίκης]
1274 976 1336 1056 χρὴ
1357 975 1566 1057 ίνομοίζεοίαι.
1588 976 1682 1043 Vides
1701 977 1778 1064 quid

592 1083 772 1147 insiticium
794 1084 847 1147 sit.
1025 1088 1029 1097 '

635 1303 654 1384 §
677 1300 737 1367 37:
770 1296 826 1373 οίος
856 1300 909 1364 καὶ
935 1301 1103 1379 προίγματι
1127 1302 1302 1382 χρίσασθαι
1328 1301 1390 1380 ῖιν,
1416 1303 1441 1367 εἰ
1466 1302 1656 1382 ἐπιτραπείη.
1681 1303 1778 1368 Plane

591 1428 653 1470 non
678 1408 851 1492 perspicio,
876 1407 952 1492 quid
977 1406 1014 1472 ἂν
1039 1407 1195 1493 particule
1218 1409 1270 1472 hie
1294 1408 1473 1495 significare
1496 1413 1604 1495 possit.

637 1626 655 1710 ξ
675 1624 737 1690 38:
764 1624 916 1697 Φίλιππος
942 1626 1161 1703 ἐκκεκομμένος
1185 1626 1235 1691 τὸν
1260 1626 1420 1706 ὀφθαλμὸν
1446 1626 1503 1691 ὑπὸ
1528 1625 1684 1705 Ἀςέρος
1709 1631 1776 1691 τοῦ

593 1731 897 1810 Ἀμφιπολίτου
929 1737 983 1797 τοῦ
1007 1732 1130 1809 τοξότου
1154 1732 1184 1795 έν
1207 1732 1356 1812 Ὀλύνίιρ.
1381 1732 1470 1811 Quod
1494 1731 1534 1797 ed
1557 1734 1658 1816 ipsam
1682 1732 1779 1797 histe

593 1839 674 1901 riam
693 1840 825 1917 attinet,
845 1839 1009 1904 adeundus
1028 1845 1077 1904 est
1097 1836 1276 1903 Palmerius
1296 1842 1329 1902 in
1350 1838 1483 1904 Lucieni
1500 1837 1558 1903 Ed.
1572 1838 1641 1922 Bip.
1656 1859 1685 1922 p.
1701 1836 1777 1914 522,

592 1942 647 2007 sed
677 1945 800 2008 Ast-eris
829 1944 1088 2029 Amphipolitani
1118 1965 1234 2009 nomen
1265 1945 1515 2030 expungendum
1540 1950 1597 2009 est.
1622 1941 1675 2007 Sic
1699 1942 1778 2008 solet

593 2049 767 2129 Lucienus;
801 2050 904 2115 veluti
936 2050 1017 2135 §62
1049 2049 1189 2135 appellet
1212 2050 1262 2113 τὸν
1287 2051 1401 2115 Κνίδιον
1422 2054 1532 2116 ἐκεῖνον
1555 2049 1778 2130 ἀρχιτέκτονα,

592 2176 693 2241 neque
714 2156 837 2221 addidit
859 2159 968 2242 ipsum
990 2155 1127 2221 Sostrati
1150 2177 1276 2222 nomen.

637 2373 737 2459 §382
770 2375 857 2446 ε’κτὸς
889 2375 914 2439 εῖ
943 2376 995 2451 μέν
1026 2374 1173 2450 εὔξασθαι
1199 2372 1261 2439 δέον
1286 2374 1464 2452 παρέλιπεν.
1490 2374 1578 2453 Quod
1602 2396 1710 2439 ornnes
1733 2376 1779 2439 vi·

592 2480 724 2558 derunt,
748 2481 834 2545 hune
856 2479 1026 2546 flosculum
1045 2482 1206 2546 Lucienus
1225 2480 1381 2566 decerpsit
1401 2502 1439 2545 ex
1459 2480 1622 2545 Demosth.
1645 2479 1776 2566 Olynth.

591 2587 637 2652 III
664 2586 721 2651 18:
748 2586 849 2652 οὐκέτι
873 2589 954 2651 τοῦέ’
978 2588 992 2650 d
1015 2586 1116 2664 λέγων
1139 2587 1255 2652 α’δικεῖ·
1280 2588 1362 2660 πλὴν
1385 2588 1412 2652 εί
1433 2587 1494 2652 δέον
1514 2584 1659 2662 ειίξαοίαι
1680 2609 1779 2667 παρα·

590 2693 710 2757 λείπει·
735 2692 790 2758 sed
814 2692 892 2778 quid
914 2693 978 2758 hue
1001 2693 1079 2759 fecit
1100 2693 1289 2759 adverbium
1310 2690 1386 2771 μήῖ

637 2909 733 2996 §381
755 2920 973 2991 περιπλεῖν
994 2913 1140 2978 Σικελίαν
1161 2912 1212 2977 καὶ
1232 2912 1383 2977 Ἰταλίαν.
1404 2913 1507 2998 Lege:
1528 2921 1776 2992 παραπλεῖν.

591 3016 686 3083 Itelie
710 3024 795 3083 certe
818 3021 930 3106 nequit
952 3021 1231 3107 circumnavigeri.

635 3242 652 3324 ξ
674 3240 718 3305 50
748 3239 828 3304 latet
858 3248 907 3304 set
930 3261 1029 3325 greve
1056 3242 1184 3304 vitium.
1210 3241 1290 3326 Agit
1312 3240 1471 3305 Lucienus
1494 3239 1532 3305 de
1556 3240 1655 3306 officio
1679 3242 1777 3306 histe

587 3349 712 3411 riarum
743 3348 924 3430 scriptoris:
957 3349 1057 3418 ςνίταρ
1089 3348 1219 3411 ἐνταῦθα
1253 3370 1310 3410 που
1340 3351 1442 3410 ταῦτα
1476 3344 1526 3410 ἐπ’
1559 3346 1659 3410 έκεῖνα
1681 3371 1778 3423 μετα·

588 3453 743 3530 βαινέτω,
766 3452 799 3525 νῖν
819 3454 1010 3531 κατεπείγῃ·
1032 3448 1102 3517 εἶτα
1123 3452 1255 3516 έπανίτοι
1276 3452 1414 3523 λυθείς
1435 3452 1548 3517 ίπίταν
1568 3454 1668 3516 έκεῖνα
1684 3463 1776 3533 καλῇ.

588 3556 676 3636 Quid
706 3557 834 3622 tandem
859 3562 908 3623 est
929 3556 1050 3629 λνέείςί
1080 3557 1228 3623 Uneiales
1251 3557 1363 3623 literee
1386 3558 1492 3623 lucem
1515 3557 1651 3623 debunt:
1676 3579 1778 3623 emen·

588 3662 733 3729 dandum
757 3670 806 3727 est
829 3658 955 3736 αὖθις.

635 3881 736 3967 550:
768 3882 1062 3956 μεταπετέσθω
1093 3884 1150 3947 ἄπ’
1172 3882 1337 3958 Ἀρμενίας
1367 3884 1410 3954 είς
1435 3882 1567 3957 Μηδίαν.
1592 3885 1776 3950 Inauditum

589 3992 806 4074 compositum
835 3997 899 4069 est3
931 3990 1042 4077 quidni
1073 3988 1214 4054 dicemus
1245 3988 1424 4054 Lucienum
1448 3990 1637 4075 simpliciter
1659 3989 1777 4055 dixisse

590 4095 899 4162 καταπετέτέοι.

634 4312 729 4398 562.
757 4314 882 4379 Pharus
904 4336 966 4379 non
989 4314 1051 4379 fuit
1074 4313 1221 4381 κιίλλιςον
1245 4313 1369 4393 ἔργον
1395 4312 1550 4391 οίποίντον,
1574 4313 1629 4378 sed
1651 4311 1774 4390 ἔργον.

836 4511 900 4591 (Ad
931 4511 1023 4575 Verus
1044 4510 1201 4574 Historias
1224 4509 1298 4574 vide
1322 4530 1417 4594 supra
1441 4532 1471 4595 p.
1497 4509 1541 4589 9.)

1099 4631 1271 4696 Abdicatue.

636 4797 707 4883 §iu
740 4797 816 4863 Sine
845 4820 940 4864 sensu
971 4799 1092 4864 editur:
1126 4806 1350 4878 μαρτυρεῖν
1379 4799 1441 4877 γὰρ
1465 4802 1570 4879 αὐτῷ
1594 4798 1669 4879 ἔχοι.
1699 4796 1778 4865 Con-

588 4911 699 4970 textus
722 4904 882 4989 postulet:
907 4904 1089 4985 μα’ρτνρα
1113 4906 1176 4985 γοῖρ
1200 4904 1325 4969 αὐτὸν
1349 4902 1422 4984 ἔχω.
