5125 6150
823 820 888 885 434
1074 882 1079 890 ,
1225 820 1229 827 ’
1349 837 1471 886 ursus.

818 1008 939 1090 ignota.
959 1003 1089 1068 Monuit
1108 1005 1231 1088 primus
1251 1006 1283 1067 ni
1296 1002 1389 1068 fallor
1402 1003 1561 1067 Porsonus
1574 1002 1613 1067 ad
1625 1003 1710 1066 Med.
1724 1000 1809 1067 675:
1831 1004 2004 1079 „existimo

821 1113 934 1176 Atticis
965 1133 1027 1176 non
1057 1110 1184 1175 licuisse
1215 1133 1254 1186 ys
1287 1117 1359 1195 post
1382 1134 1427 1173 ror
1453 1130 1584 1194 ponere,
1607 1112 1669 1174 nisi
1693 1109 1756 1174 alio
1780 1107 1936 1174 vocabulo
1959 1111 2005 1172 iu·

820 1218 990 1295 terisct0'';
1021 1217 1302 1301 comprobaverunt
1332 1219 1522 1281 auctoritate
1545 1236 1602 1280 sua
1624 1215 1771 1292 effatum,
1797 1220 1833 1279 ut
1855 1214 1936 1280 alios
1962 1220 2006 1279 ta·

821 1343 927 1398 ceam,
961 1321 1097 1388 Cebetas
1128 1321 1177 1400 (V.
1202 1322 1237 1386 L.
1263 1344 1293 1407 p.
1319 1321 1372 1400 60,
1396 1321 1436 1387 N.
1462 1321 1496 1386 L.
1522 1342 1552 1406 p.
1578 1319 1656 1400 684)
1685 1328 1717 1385 01
1739 1320 2004 1386 Wilamcwitzius

820 1427 1020 1507 (11001111,
1041 1450 1071 1513 p.
1093 1427 1135 1492 41
1156 1435 1247 1506 not),
1275 1435 1388 1492 neuter
1406 1427 1491 1493 locos
1511 1428 1706 1513 refragantes
1725 1431 1897 1514 attingens.
1921 1426 2004 1492 Sunt

821 1536 857 1600 hi
875 1535 987 1621 Elurip.
1008 1537 1146 1599 Androm.
1161 1533 1215 1613 89,
1235 1535 1340 1618 Suppl.
1354 1532 1419 1599 879
1440 1533 1562 1599 dudum
1580 1537 1714 1599 correcti
1735 1555 1796 1600 non
1820 1536 1887 1598 sine
1909 1532 2005 1599 libro

820 1663 894 1707 rum
915 1649 1061 1707 veterum
1084 1631 1286 1721 adiument03
1307 1649 1470 1727 praeterea
1488 1639 1714 1726 Aristophanis
1732 1642 1827 1705 Nubb.
1849 1639 1927 1716 876,
1950 1641 2006 1706 ubi

823 1770 905 1813 unus
938 1748 1021 1833 quod
1052 1751 1150 1813 sciam
1181 1748 1325 1813 Kochius
1356 1748 1501 1812 codicum
1531 1747 1701 1812 lectionem
1730 1751 1764 1811 iu
1787 1747 1925 1813 editione
1950 1766 2006 1812 sua

821 1855 983 1933 exhibuit;
1008 1856 1138 1920 Acheru.
1165 1854 1228 1919 611
1254 1857 1321 1918 iam
1344 1871 1456 1918 sanatu
1476 1855 1583 1917 minus
1603 1853 1719 1932 facilis3
1750 1854 1916 1936 Thermopi.
1941 1852 2004 1919 709

820 1969 852 2026 01
882 1962 992 2046 llurip.
1024 1961 1092 2043 Ipl.
1122 1962 1154 2026 P.
1181 1959 1256 2038 720,
1285 1960 1425 2025 nondum
1457 1959 1613 2045 probabili
1641 1963 1761 2025 ratione
1783 1963 1817 2024 in
1839 1963 2004 2047 integrum

820 2070 981 2143 restituti,
1006 2106 1047 2116 —
1073 2088 1147 2132 nam
1171 2066 1256 2152 quod
1280 2066 1415 2132 Weilius
1439 2089 1470 2132 v.
1484 2066 1522 2131 cl.
1547 2067 1586 2131 ad
1609 2065 1747 2132 alterum
1768 2066 1874 2132 locum
1895 2087 2005 2152 propo

820 2175 915 2239 nebat
944 2176 1142 2259 ingeniosius
1172 2180 1221 2238 est
1252 2193 1348 2258 quam
1380 2171 1582 2248 credibilius,
1606 2211 1648 2220 —
1670 2172 1800 2237 tandem
1823 2173 1936 2258 Eurip.
1966 2172 2003 2237 fr.

822 2279 955 2358 953,10
975 2279 1287 2345 1000010001000
1306 2279 1388 2344 fidei.
1409 2279 1458 2343 lix
1478 2278 1664 2345 Oratoribus
1684 2283 1858 2344 incensum
1870 2282 2005 2345 veniunt

822 2394 885 2454 tres
916 2387 1031 2475 Lysiae
1063 2409 1142 2473 quos
1173 2386 1270 2451 attuli
1300 2385 1384 2450 locos
1413 2393 1445 2450 et
1478 2386 1683 2471 Antiphontis
1707 2385 1759 2450 Or.
1784 2386 1826 2450 VI
1849 2388 1867 2468 §
1887 2386 1918 2465 9,
1951 2387 2004 2452 011

822 2495 890 2559 ἐπεί
912 2517 957 2558 τοι
982 2497 1049 2577 [γε]
1073 2493 1247 2570 Iemstedt,
1273 2495 1407 2558 retinuit
1429 2491 1578 2558 voculam
1602 2493 1753 2558 Blassius.
1778 2482 1938 2579 Equidem
1961 2495 2004 2558 sic

821 2620 946 2666 censeo:
971 2621 1046 2666 cum
1069 2603 1147 2666 satis
1169 2606 1292 2665 constet
1314 2602 1569 2664 coniunctionem
1593 2602 1708 2665 Atticis
1727 2598 1876 2665 illicitam
1896 2597 2003 2684 paullo

823 2714 893 2793 post
931 2708 1124 2792 frequentari
1154 2713 1315 2792 coeptam,
1350 2728 1425 2771 cum
1457 2727 1496 2771 ex
1527 2707 1631 2794 (bys.)
1661 2706 1714 2771 Or.
1740 2705 1813 2770 VIII
1836 2709 1854 2792 §
1877 2706 1914 2770 ll
1943 2706 2004 2771 fere

822 2813 922 2879 oculis
946 2818 1092 2878 cernatur
1115 2817 1305 2898 quantopere
1328 2813 1447 2877 fuerint
1470 2813 1590 2877 scribae
1612 2813 1651 2877 ad
1674 2813 1753 2877 hanc
1772 2811 2003 2898 copulatIonem

823 2920 994 3007 proclives,
1016 2958 1056 2968 —
1077 2940 1151 2984 nam
1174 2918 1292 3005 duplex
1315 2943 1354 2996 γε
1379 2920 1504 2985 homini
1528 2917 1646 2985 Graece
1670 2921 1837 2995 scribenti,
1862 2922 2005 3006 quisquis

823 3028 902 3105 fuit,
927 3029 981 3091 vix
1005 3025 1249 3113 imputandum,
1272 3062 1313 3073 --
1334 3047 1407 3091 cum
1428 3032 1459 3090 et
1477 3026 1592 3114 Lysiae
1611 3033 1643 3092 01
1662 3027 1868 3112 Antiphontis
1884 3026 2006 3092 codices

823 3141 931 3199 extent
962 3133 1034 3198 fidei
1058 3136 1192 3198 minime
1216 3139 1392 3217 spectatae,
1417 3136 1450 3196 in
1474 3140 1609 3218 utroque
1631 3134 1747 3219 Lysiae
1770 3132 1839 3199 loco
1862 3133 1890 3212 (1
1914 3136 1932 3219 ᾖ
1951 3134 2005 3212 42,

824 3239 932 3306 XXVI
955 3242 973 3323 §
995 3239 1049 3318 16)
1079 3263 1117 3314 γε
1143 3260 1181 3303 ox
1204 3241 1272 3303 eius
1296 3237 1524 3304 consuetudine
1548 3260 1614 3304 esse
1639 3240 1862 3319 resecandum,
1886 3243 1922 3304 in
1946 3241 2007 3305 An·

824 3347 968 3433 tiphonte
1000 3345 1253 3411 rescribendum:
1285 3346 1375 3409 ἐπεί
1405 3368 1464 3409 τοι
1496 3346 1548 3409 καὶ
1580 3346 1670 3410 δεινόν
1695 3349 1801 3430 <γ’>,
1831 3342 1851 3410 ὦ
1884 3344 2006 3428 ἄνδρες·

824 3451 872 3516 ἵνα
896 3453 952 3528 μὲν
976 3452 1044 3528 ἐξῆν
1067 3454 1171 3522 αὐτοῖς
1196 3467 1264 3516 κτλ.
1289 3452 1399 3537 Neque
1419 3473 1455 3516 eo
1475 3452 1514 3516 de
1535 3475 1596 3538 quo
1615 3455 1741 3539 agimus
1760 3452 1830 3518 loco
1851 3452 2007 3519 librorum

825 3559 959 3639 προῄδειν
983 3560 1183 3643 probaverim
1203 3580 1259 3643 pro
1279 3557 1408 3640 προῄδη,
1430 3564 1467 3621 ut
1487 3558 1705 3624 Hartmannus
1725 3567 1757 3624 et
1775 3560 2008 3625 Herwerdenus

824 3668 1017 3751 scripserunt
1047 3686 1085 3729 ex
1116 3667 1340 3730 Atticistarum
1372 3668 1517 3730 unanimi
1548 3668 1756 3751 praescripto,
1782 3687 1799 3730 a
1822 3666 2008 3732 melioribus

824 3771 1000 3849 codicibus,
1025 3770 1128 3836 veluti
1152 3771 1313 3849 Platonis,
1339 3771 1532 3836 confirmato.

875 3992 1043 4054 Orationem
1066 3992 1225 4074 funebrem
1257 3990 1314 4071 (ΙΙ)
1349 3991 1464 4078 Lysiae
1495 4013 1556 4055 non
1588 4012 1654 4055 esse
1684 3996 1755 4075 post
1786 3990 1952 4056 Reiskium
1977 3999 2009 4058 01

823 4097 1087 4163 Valckenaerium
1107 4097 1253 4183 pluribus
1274 4101 1421 4183 exposuit
1441 4097 1602 4162 Dobraeus
1621 4100 1653 4161 in
1674 4097 2008 4163 Proeleetioneinserta

826 4206 919 4268 Adeo.
941 4205 1005 4290 lp.
1030 4203 1203 4269 175-191
1224 4204 1312 4282 (edit.
1334 4202 1466 4284 Germ).
1488 4203 1658 4289 Opiniones
1678 4206 1821 4268 virorum
1841 4203 2010 4269 doctorum

825 4312 1055 4377 diversissimas
1075 4332 1233 4376 recensere
1257 4316 1288 4375 et
1308 4310 1481 4395 expendere
1502 4332 1563 4375 non
1583 4316 1631 4375 est
1651 4311 1747 4374 huius
1768 4310 1849 4387 loci;
1869 4311 2010 4378 breviter

825 4421 949 4481 tantum
982 4416 1165 4503 sigulficabo
1197 4438 1248 4481 ms
1278 4415 1465 4500 adstipulari
1489 4422 1521 4481 01
1545 4415 1615 4481 01110
1639 4421 1671 4481 01
1695 4416 1913 4494 Thalheimio,
1944 4439 2013 4484 ora·

823 4525 942 4586 tionem
973 4526 1116 4607 spuriam
1139 4523 1267 4607 quidem
1292 4524 1573 4607 pronuntiantibus
1596 4535 1628 4587 01
1651 4522 1767 4610 Lysiae
1791 4544 1846 4609 per
1869 4545 2011 4592 errorem

824 4627 1031 4712 adscriptam,
1073 4629 1127 4693 sed
1169 4632 1302 4693 minime
1345 4632 1529 4714 posterioris
1570 4628 1674 4694 multo
1709 4632 1796 4706 aevi;
1832 4633 1933 4696 immo
1970 4633 2012 4698 ad

823 4734 1007 4819 exemplum
1027 4735 1174 4801 Isocratis
1195 4739 1404 4821 compositam
1419 4734 1443 4815 ¹)
1462 4742 1494 4801 et
1506 4735 1676 4804 Aristotele
1688 4742 1771 4802 certe
1783 4740 2009 4823 antiquiorem,

858 4964 882 5027 1)
908 4963 973 5012 Miro
995 4963 1081 5012 iudicio
1107 4963 1210 5013 blaseius
1231 4964 1545 5027 (abstractarum)
1565 4962 1586 5023 1,
1605 4980 1627 5030 p.
1646 4964 1764 5027 449000.)
1785 4968 1873 5014 veteres
1889 4965 2008 5030 quosdam
