5125 6150
790 787 856 853 210
1332 805 1439 851 virui.

786 975 916 1035 iecturis
936 971 1025 1035 nulla
1045 973 1219 1036 sententiae
1239 970 1355 1035 meiius
1375 972 1525 1055 prospicit
1538 990 1633 1054 quam
1645 970 1969 1034 Rsucbensteiniane:

788 1080 903 1155 τίθησι,
937 1078 1071 1142 κούδὲν
1097 1080 1134 1139 ἐν
1156 1079 1289 1155 ταύτῷ
1314 1078 1397 1152 μένει
1422 1085 1454 1140 et
1478 1077 1615 1140 κούδὲν
1638 1079 1814 1141 certissima
1837 1086 1884 1141 cst
1907 1097 1972 1141 cor·

786 1186 900 1261 rectio,
925 1184 978 1248 sed
1003 1183 1160 1269 quomodo
1184 1185 1213 1245 ἐν
1237 1184 1341 1258 τούτῷ
1361 1185 1396 1245 in
1416 1183 1591 1254 ἀσθμαίνων
1611 1182 1697 1246 abite
1716 1185 1857 1267 potuerit
1876 1203 1970 1246 nemo

787 1290 879 1354 facile
910 1290 1035 1354 dixerit.
1067 1289 1152 1353 Fieri
1183 1295 1287 1375 potest
1319 1295 1356 1352 ut
1388 1288 1447 1352 sub
1471 1309 1507 1352 eo
1532 1291 1700 1372 participio
1723 1288 1822 1353 lateat
1845 1287 1973 1352 adiecti-

788 1418 883 1472 vum,
917 1396 1134 1470 θνιοοινοιοοεοιοι,
1164 1418 1221 1458 non
1252 1396 1434 1479 labefactum
1457 1404 1514 1459 eut
1537 1393 1642 1458 simile
1666 1395 1742 1478 quid
1766 1393 1970 1479 significans,

788 1501 872 1586 quod
896 1504 923 1564 si
945 1504 990 1564 ita
1014 1508 1078 1578 est,
1104 1499 1184 1564 nibiI
1207 1500 1324 1565 melius
1347 1503 1469 1583 reperio
1494 1520 1589 1584 quam

1329 1605 1429 1669 ιιούδέν
1452 1606 1672 1684 ἄσφαλτον
1697 1607 1790 1679 μένει.

786 1711 848 1779 Oui
870 1714 1066 1777 coniecturae
1089 1733 1128 1776 ne
1152 1714 1223 1796 quis
1246 1713 1417 1776 obmovest
1440 1712 1479 1776 ab
1505 1732 1540 1776 eo
1564 1709 1721 1776 vocabulo
1745 1710 1971 1775 abstinendum

785 1818 882 1882 fuisse
913 1824 1022 1902 poetae
1045 1823 1209 1902 propterea
1232 1817 1316 1902 quod
1340 1823 1413 1882 nota
1436 1820 1583 1882 materies
1607 1815 1773 1895 ἄσφαλτον
1797 1816 1970 1893 dicebatur,

782 1927 860 1989 setis
883 1925 982 1988 babeo
1006 1945 1133 1988 monere
1157 1922 1298 1988 similem
1323 1944 1450 1987 causam
1475 1926 1635 1988 neminem
1660 1927 1820 2000 movisse,
1846 1935 1883 1987 ut
1906 1923 1970 1986 edi.

785 2030 941 2102 ἄσβεστος
964 2051 1003 2093 ne
1026 2037 1180 2094 uteretur.
1606 2087 1607 2091 ,

831 2138 874 2199 At
891 2135 967 2199 haec
987 2136 1136 2199 scribenti
1155 2135 1236 2198 mibi
1260 2133 1425 2199 effluxerat
1448 2156 1499 2200 me
1522 2137 1555 2198 in
1581 2134 1700 2199 Mnem.
1720 2132 1791 2198 vol.
1818 2133 1968 2212 XXVIII,

700 2242 704 2249 ’
788 2264 816 2326 p.
841 2240 916 2315 394,
950 2243 1149 2325 proposuisse
1181 2240 1318 2304 κούδὲν
1354 2238 1523 2317 ἄρθμιοι
1559 2240 1642 2316 μένει
1678 2243 1745 2305 sive
1780 2238 1971 2320 ἄρμενον,

784 2351 805 2412 i.
826 2369 853 2412 e.
879 2347 1028 2425 οὶρμίδιον,
1057 2348 1251 2424 ἡρμοσμένον,
1280 2367 1361 2431 quse
1383 2345 1484 2412 lenter
1504 2353 1552 2411 est
1570 2354 1603 2412 et
1621 2347 1753 2412 fortasse
1777 2345 1972 2431 probabilior

785 2453 976 2519 emendatio,
1002 2452 1067 2518 Alii
1087 2453 1259 2518 iudicento.

835 2670 1139 2737 Qfflmffl:

966 2776 1118 2856 στενοίζον;
1143 2776 1175 2839 τί
1197 2772 1285 2854 ῥίζω;
1310 2782 1454 2853 γελῶμαι
1479 2777 1686 2848 πολίταις.

969 2882 1096 2946 δύσοισθ’
1122 2877 1251 2946 ἅπαθον.

788 2988 1006 3074 Depravatum
1030 3009 1097 3053 esse
1120 2989 1265 3059 πολίταις
1289 2990 1409 3071 optime
1433 2991 1532 3053 sensit
1556 2986 1702 3073 Blaydes.
1727 2991 1882 3074 Apprime
1905 2989 1974 3055 Ioco

788 3099 957 3161 convenire
999 3096 1126 3160 videtur
1166 3094 1394 3176 προδήλως,
1431 3096 1554 3176 palam,
1589 3096 1757 3177 iosipniter.
1794 3094 1841 3162 Of.
1874 3095 1972 3182 Soph.

790 3202 842 3265 bi.
869 3200 967 3266 1311.

1362 3497 1403 3561 II.

1112 3699 1154 3743 ΔΙ)
1178 3697 1348 3746 soiflocmfl
1371 3699 1509 3746 ORDIPUM
1534 3699 1650 3746 thffltbi.

836 3831 889 3895 Vs.
914 3830 967 3895 85.

869 3936 943 4001 Oed.
969 3935 1067 4013 ύναξ,
1092 3937 1163 4013 ἒμδν
1186 3938 1344 4016 κήδευμα,
1369 3949 1431 4003 παῖ
1452 3939 1633 4016 Μενοικέως,

969 4043 1024 4105 τίν’
1049 4043 1120 4116 ἡμίν
1145 4044 1224 4119 ἥκεις
1250 4051 1302 4108 τοῦ
1328 4050 1393 4109 θεοῦ
1416 4046 1524 4124 φήμην
1549 4047 1663 4126 φίρων;

846 4147 947 4215 Creon
970 4149 1094 4221 ἐσθλήν·
1120 4151 1201 4226 λέγω
1226 4152 1289 4230 γὰρ
1313 4153 1364 4214 κού
1391 4153 1431 4214 τοὶ
1456 4152 1591 4231 torpor,
1615 4153 1640 4214 εί
1667 4153 1756 4230 τύχοι

971 4256 1040 4317 κατ’
1064 4255 1142 4332 ύρθδν
1166 4255 1345 4331 ἐξελθόντα,
1370 4256 1462 4319 πάντ’
1487 4256 1524 4321 ἂν
1547 4259 1701 4338 εὐτυχεῖν.

787 4359 859 4423 Νοιι
891 4369 973 4425 recte
1004 4369 1118 4424 coeunt
1149 4364 1293 4424 notiones
1323 4361 1555 4427 diversIssimae
1586 4364 1734 4439 δύσφορος
1758 4371 1791 4429 et
1813 4365 1970 4444 εὐτυχεῖν,

789 4486 885 4549 quere
909 4469 1012 4530 nescio
1036 4487 1075 4530 an
1097 4472 1235 4550 praestet
1258 4467 1354 4531 verbs
1377 4470 1421 4530 sic
1444 4468 1655 4554 distinguere:

970 4575 1095 4645 ε’σθλνίν·
1120 4575 1202 4649 λέγω
1227 4575 1308 4648 γάρ,
1333 4575 1383 4635 καί
1410 4574 1452 4635 τίν
1477 4574 1600 4653 δύσφορ·
1623 4577 1648 4637 εί
1674 4577 1765 4655 τύχοι

971 4681 1041 4741 κατ’
1066 4678 1143 4756 ὀρθὸν
1167 4678 1349 4756 ἑξελθύντοι,
1375 4678 1467 4742 πάντ’
1493 4679 1531 4743 ἂν
1556 4682 1709 4761 εύτυχεῖν.

788 4785 810 4846 i.
832 4805 858 4848 e.
895 4785 919 4847 εί
952 4784 1001 4847 καί
1035 4788 1077 4846 τὰ
1109 4784 1246 4862 δύσφορα
1279 4787 1370 4864 τύχοι
1402 4784 1474 4848 κατ’
1507 4787 1585 4865 ύρθὸν
1616 4786 1797 4864 ἐξελθόντα,
1821 4796 1858 4853 ut
1881 4811 1973 4875 saepe

789 4889 957 4966 vocabule,
981 4894 1013 4954 in
1038 4893 1154 4975 quibus
1178 4901 1226 4957 est
1249 4895 1417 4977 praecipue
1441 4896 1615 4959 sententiae
1635 4897 1702 4971 vis,
1720 4909 1883 4979 ponuntur
1902 4907 1974 4962 onte
