5125 6150
1063 838 1104 883 un
1128 838 1339 887 1111111111.
1724 817 1789 886 267

654 1005 829 1070 Muellerus
860 1005 918 1068 sub
951 1005 1148 1068 Amazonum
1178 1006 1319 1088 personis
1351 1002 1450 1068 latere
1473 1006 1587 1068 statuit
1612 1000 1792 1068 hierodulas

606 1113 697 1189 illas,
723 1113 838 1198 quibus
862 1112 993 1176 Pontica
1015 1113 1049 1174 11
1072 1113 1202 1196 regione
1225 1111 1394 1175 mandatus
1412 1118 1480 1176 erat
1498 1107 1701 1176 (lomenensis
1720 1110 1795 1174 deae

606 1220 729 1284 lunaris
753 1218 869 1283 cultus.
896 1219 923 1281 A
947 1220 1038 1283 cuius
1061 1220 1125 1281 viri
1148 1217 1323 1282 doctissimi
1346 1218 1489 1303 partibus
1513 1223 1599 1282 stant
1618 1216 1795 1293 Prellerus,

607 1324 807 1402 Gerhardus,
839 1324 1102 1410 Stackelbergus,
1135 1327 1196 1388 nisi
1219 1325 1303 1409 quod
1328 1325 1362 1388 hi
1386 1323 1575 1389 addiderunt
1598 1325 1795 1389 Amazonum

605 1453 731 1519 pugnas
762 1439 794 1496 et
823 1453 941 1496 errores
969 1429 1147 1516 significare
1173 1429 1313 1509 labores,
1338 1433 1567 1507 contentiones,
1593 1429 1795 1495 difficultates

605 1539 758 1623 denique,
791 1559 870 1623 quae
902 1537 976 1601 deae
1010 1538 1254 1602 assectatoribus
1291 1536 1369 1602 olim
1406 1538 1525 1602 fuerint
1560 1538 1726 1623 patiendae
1761 1543 1794 1603 et

604 1644 806 1730 perferendae
829 1652 866 1707 ut
889 1646 958 1708 eius
981 1643 1106 1708 cultum
1130 1665 1186 1729 per
1208 1645 1319 1707 Asiam
1341 1644 1556 1709 extenderent.

651 1751 728 1815 Fors
752 1757 860 1815 autem
885 1749 961 1814 tulit
983 1757 1021 1814 ut
1045 1748 1082 1814 de
1107 1753 1175 1814 vita
1197 1751 1403 1836 moribusque
1428 1748 1672 1817 Oomanensium
1694 1750 1794 1816 hiero-

606 1856 755 1921 dularum
787 1855 929 1920 docuerit
960 1877 1015 1920 nos
1038 1864 1156 1932 auctor,
1181 1859 1237 1941 qui
1261 1877 1335 1920 cum
1360 1857 1458 1922 bonae
1481 1857 1583 1943 frugis
1606 1855 1699 1942 plena
1722 1878 1793 1942 pro·

605 1964 685 2029 ferre
709 1962 807 2027 soleat
829 1968 861 2027 et
884 1962 944 2027 fide
967 1963 1085 2047 dignus
1108 1963 1147 2026 ab
1167 1962 1328 2027 hodiernis
1347 1963 1511 2040 habeatur,
1531 1984 1613 2027 nunc
1634 1984 1671 2028 eo
1690 1962 1792 2048 pluris

603 2075 647 2134 sit
681 2069 843 2133 faciendus
877 2069 961 2154 quod
997 2067 1129 2154 Dorylai
1164 2068 1332 2134 cuiusdam
1368 2067 1572 2135 (lomenensis
1604 2069 1791 2152 sacerdotis,

603 2179 696 2240 testis
718 2179 820 2262 igitur
844 2174 979 2252 oculati,
1004 2177 1100 2240 fuerit
1123 2181 1288 2261 cognatus.
1313 2174 1502 2241 Strabonem
1525 2177 1604 2241 dico.

651 2283 749 2347 lirant
785 2305 821 2348 eo
853 2290 933 2347 teste
964 2284 1026 2348 dno
1059 2283 1180 2368 templa
1211 2283 1353 2348 eiusdem
1386 2284 1478 2361 deae,
1511 2306 1611 2350 uuum
1643 2281 1793 2350 Comanis

604 2389 746 2454 Ponticis
769 2389 809 2454 ad
832 2388 951 2454 flumen
971 2388 1054 2466 lrin,
1074 2388 1211 2453 alterum
1232 2387 1382 2456 Comanis
1404 2391 1515 2455 Aureis
1533 2393 1566 2454 in
1587 2388 1794 2475 Cappadocia,

604 2504 778 2580 utrumque
802 2495 893 2581 plane
913 2496 1031 2561 eisdem
1051 2496 1167 2560 ritibus
1185 2498 1392 2573 institutum,
1412 2496 1466 2561 sed
1485 2497 1545 2561 hoc
1565 2500 1653 2581 prius
1672 2497 1793 2561 factum

603 2603 709 2667 fuerat
729 2601 978 2687 metropolisque
997 2623 1015 2666 a
1034 2601 1177 2666 Ponticis
1196 2602 1381 2668 habebatur.
1401 2602 1570 2668 Ponticum
1588 2602 1670 2668 illud
1683 2604 1792 2668 fanum

605 2708 830 2794 Themiscyrae
852 2710 885 2771 in
909 2707 1041 2792 planitie
1059 2708 1238 2785 uberrima,
1259 2729 1339 2793 quae
1360 2709 1484 2774 duobus
1503 2708 1690 2774 fluminibus
1708 2709 1792 2776 Iride

604 2822 636 2881 et
667 2814 902 2879 Thermodonte
929 2836 1055 2899 aspersa
1078 2815 1260 2900 largissime
1283 2816 1463 2881 humanum
1485 2818 1519 2880 in
1543 2837 1638 2880 usum
1661 2819 1792 2901 quaeris

603 2922 789 3008 praebebat,
822 2928 889 2985 erat
921 2924 1038 2996 situm,
1071 2920 1234 2986 Strabonis
1267 2929 1376 2987 autem
1408 2929 1510 2987 aetate
1533 2923 1714 2988 continebat
1736 2943 1790 2988 sex

604 3026 696 3092 milia
718 3026 887 3104 ἱεροδούλων
911 3027 1182 3112 utrimquesecus.
1216 3027 1365 3093 Praeerat
1390 3028 1532 3094 sacerdos
1554 3030 1793 3107 sanctissimus,

604 3137 660 3220 qui
689 3135 738 3199 bis
769 3156 896 3220 quoque
927 3156 1024 3215 anuo,
1057 3155 1130 3198 cum
1155 3135 1230 3199 deae
1254 3134 1465 3200 simulacrum
1487 3138 1612 3222 ingenti
1636 3156 1794 3221 pompae

604 3239 725 3325 templo
749 3241 944 3318 efferebatur,
970 3240 1115 3305 diadema
1137 3240 1285 3327 gestabat
1309 3241 1361 3305 ccl
1385 3238 1419 3315 ἦν
1443 3240 1575 3322 δεύτερος
1598 3239 1793 3319 1111111111

603 3348 689 3423 μετὰ
720 3348 770 3410 τὸν
803 3348 952 3424 βασιλέα.
984 3345 1129 3432 Cumque
1160 3345 1302 3414 Comana
1332 3357 1436 3414 essent
1466 3349 1621 3429 ἑμπορεῒον
1645 3350 1793 3419 reiectat

604 3462 661 3524 τῆς
686 3455 849 3532 Ἀρμενίας
874 3451 1045 3531 ἀξιόλογον,
1069 3454 1158 3519 festis
1181 3453 1248 3519 illis
1272 3455 1382 3519 diebus
1403 3456 1542 3541 undique
1561 3456 1640 3521 illuc
1660 3457 1794 3522 conflue·

603 3562 680 3626 bant
712 3560 861 3625 mortales
892 3567 929 3624 ut
958 3568 1032 3625 vota
1060 3559 1219 3625 solverent
1245 3574 1478 3647 necarentque,
1502 3561 1608 3648 plures
1632 3565 1730 3629 etiam
1753 3568 1792 3628 ut

603 3670 757 3752 temporis
775 3667 897 3753 aliquid
915 3666 997 3731 laete
1016 3674 1219 3753 peragerent,
1240 3689 1412 3732 numerum
1432 3668 1609 3734 incolarum
1627 3668 1790 3736 luxuriose

605 3777 785 3839 viventium
815 3778 958 3860 impense
987 3781 1151 3861 augentes.
1183 3774 1231 3839 lbi
1261 3783 1337 3839 tunc
1361 3796 1397 3840 ea
1421 3778 1529 3841 omnia
1552 3776 1686 3853 fiebant,
1710 3798 1790 3862 quae

604 3903 679 3946 cum
710 3880 912 3945 orientalium
944 3879 1084 3945 cultibus
1115 3884 1273 3946 ecstaticis
1301 3918 1343 3929 -
1367 3882 1537 3959 θεοφδρητοι
1563 3886 1647 3947 enim
1671 3904 1790 3948 nuncu-

603 3993 721 4073 pantur
741 3987 815 4051 deae
833 3991 866 4051 in
886 3986 1051 4072 publicum
1071 3986 1255 4073 prodeuntis
1275 3991 1443 4074 stipatores
1461 4025 1501 4037 —
1522 3995 1608 4054 arcte
1626 3992 1792 4055 coniuncta

603 4114 672 4159 esse
708 4096 827 4157 scimus
861 4115 987 4170 omnes,
1025 4097 1092 4158 sive
1127 4096 1273 4179 antiquos
1305 4098 1372 4161 sive
1402 4095 1569 4160 hodiernos
1601 4102 1790 4180 spectamus.

606 4200 783 4264 Accedebat
806 4205 914 4264 autem
940 4209 977 4264 ut
1005 4202 1157 4285 oppidum
1190 4203 1315 4288 ingenti
1345 4206 1433 4287 copia
1463 4202 1635 4268 mulierum
1667 4223 1793 4288 corpore

603 4315 772 4393 quaestum
793 4308 976 4371 facientium
1001 4308 1209 4386 redundaret,
1234 4315 1379 4395 essetque
1404 4310 1518 4374 harum
1542 4329 1614 4393 pars
1633 4312 1791 4374 maiorer

601 4417 682 4499 ipsis
706 4412 880 4479 hierodulis
904 4417 1081 4500 conscripta
1098 4414 1131 4495 ¹).

651 4519 733 4600 Quid
763 4521 836 4585 11111
865 4518 1040 4585 discimus?
1068 4521 1233 4597 Primum,
1257 4543 1324 4586 non
1350 4520 1432 4586 solas
1456 4520 1606 4586 mulieres
1629 4522 1682 4587 sed
1708 4525 1791 4587 viros

601 4630 695 4691 iuxta
718 4627 851 4691 feminas
874 4626 988 4711 templi
1013 4628 1198 4692 muneribus
1223 4648 1290 4692 esse
1316 4627 1457 4706 functos3
1480 4627 1591 4693 deinde
1611 4627 1793 4694 hierodulae

643 4888 669 4949 l)
694 4886 778 4934 Strabo
801 4903 824 4948 p.
848 4885 908 4936 557:
932 4884 1023 4942 πλῆθος
1047 4889 1168 4947 γυναικῶν
1185 4888 1234 4933 τῶν
1253 4881 1428 4949 ἐργαζομένων
1445 4884 1494 4937 ἀπὸ
1512 4889 1558 4936 τοῦ
1576 4884 1701 4947 σώματος,
1718 4881 1796 4938 11ναὶ

606 4971 709 5027 πλείους
725 4968 787 5016 sicle
806 4970 874 5031 ἱεραί.
