5125 6150
976 823 1019 870 in
1042 822 1269 870 amarormrus
1292 823 1429 870 sunnon.
1722 802 1788 868 219

700 987 742 1054 50
788 988 822 1052 ri
847 990 939 1063 μηδὲν
962 990 1070 1052 ἀσκεῖν
1095 988 1179 1063 ὑγιὲς
1207 988 1235 1051 ἕν
1259 990 1301 1062 τῷ
1325 992 1376 1050 νῦν

653 1096 700 1161 De
723 1095 840 1161 ultimo
861 1094 1030 1171 vocabulo,
1055 1094 1137 1179 quod
1161 1095 1302 1158 nondum
1326 1093 1446 1168 addidi,
1472 1098 1544 1159 ante
1567 1095 1673 1158 omnia
1692 1112 1792 1178 pauca

608 1211 682 1267 sunt
718 1203 857 1268 dicenda.
894 1202 929 1265 ln
964 1200 1122 1287 plerisque
1158 1201 1319 1265 codicibus
1354 1208 1402 1265 est
1436 1201 1550 1281 χρόνῳ,
1586 1200 1669 1285 qnod
1701 1202 1728 1264 si
1758 1202 1791 1263 in

608 1312 730 1373 cunctis
753 1317 851 1385 esset,
875 1331 937 1373 non
962 1307 1181 1371 addubitarem
1205 1308 1338 1372 fortasse
1345 1328 1353 1385 ;
1374 1306 1500 1372 insolite
1520 1307 1648 1392 qnidam
1668 1306 1790 1370 dictum

608 1421 672 1493 est,
697 1416 750 1480 sed
774 1416 925 1501 quoniam
948 1412 1112 1498 Sophoclis
1136 1421 1220 1478 certe
1244 1434 1354 1478 versus
1377 1414 1511 1478 conferri
1534 1419 1640 1499 potest
1663 1411 1793 1488 έξήμιιρ-

607 1546 658 1586 τιν
683 1523 712 1585 έν
735 1524 776 1599 τῷ
801 1523 869 1602 πρὶν
891 1521 986 1600 χρόνῳ
1011 1519 1160 1599 (Philoot.
1187 1519 1298 1600 1224),
1323 1520 1438 1585 ferrem
1462 1521 1520 1585 hoo
1543 1520 1610 1585 loco
1631 1519 1743 1601 χρόνῳ,
1764 1521 1792 1584 si

606 1628 751 1692 codicum
782 1648 936 1692 consensu
965 1627 1000 1691 id
1030 1631 1112 1691 esset
1143 1624 1334 1690 stabilitum.
1367 1625 1429 1691 Sed
1451 1647 1514 1691 non
1537 1631 1601 1703 est;
1620 1612 1791 1691 'Ravennae

606 1737 693 1799 enim
725 1734 819 1799 habet
851 1733 920 1812 βέῳ.
951 1732 988 1797 Ιι1
1018 1753 1092 1796 vero
1124 1734 1201 1817 quin
1234 1734 1387 1796 vitiosum
1411 1735 1452 1796 sit
1476 1753 1537 1797 non
1562 1731 1689 1809 dubito,
1713 1730 1791 1796 licet

607 1862 655 1906 vs.
681 1840 723 1904 38
755 1846 838 1905 reote
869 1839 1008 1904 dicatur:
1040 1840 1081 1917 τῷ
1114 1838 1172 1918 βίιρ
1204 1843 1293 1921 τοῦτο
1323 1837 1471 1918 ξυμφέρει
1501 1846 1533 1902 et
1563 1860 1609 1904 rs.
1635 1838 1719 1904 500:
1750 1839 1788 1911 ὥς

608 1951 657 2010 νῦν
689 1947 702 2010 i
733 1947 800 2020 βίον
831 1953 893 2017 τοῖς
925 1943 1084 2022 ἀνθρώποις
1118 1944 1287 2022 διάκειται,
1318 1984 1360 1992 -
1394 1944 1540 2031 qualibus
1569 1943 1646 2010 locis
1678 1944 1691 2007 ὃ
1722 1943 1789 2020 βίος

607 2053 693 2118 valet
721 2053 801 2115 citae
830 2051 1037 2115 condicionem.
1071 2049 1169 2115 Plane
1198 2048 1285 2115 aliud
1317 2051 1395 2136 quid
1425 2057 1473 2117 est
1496 2052 1509 2115 ὅ
1534 2055 1584 2115 νῦν
1607 2051 1692 2129 illoc,
1716 2052 1788 2114 laec

607 2161 683 2237 vitm
710 2180 788 2243 quae
812 2160 993 2245 oppositum
1017 2158 1077 2220 sibi
1100 2157 1195 2222 habet
1219 2158 1268 2222 rio
1291 2158 1358 2233 βίον
1383 2157 1434 2221 τὸν
1458 2159 1571 2223 atauo
1596 2161 1663 2223 sive
1685 2157 1735 2221 riv
1761 2157 1790 2220 έν

606 2267 757 2341 οὐρανοῖς,
788 2264 841 2329 sed
871 2263 955 2348 apud
986 2263 1233 2348 Aristophanem
1265 2263 1342 2347 quid
1373 2265 1433 2328 sibi
1458 2263 1537 2328 velit
1561 2285 1624 2329 non
1647 2262 1789 2349 expedio.

606 2374 729 2455 Aptum
760 2391 834 2434 vero
866 2372 957 2434 unice
987 2375 1034 2433 est
1066 2369 1099 2433 id
1129 2369 1213 2453 quod
1244 2369 1363 2434 scholia
1386 2370 1553 2455 praebent:
1577 2371 1700 2447 γένει.
1732 2369 1792 2434 Re-

607 2477 774 2541 cordemur
804 2478 889 2540 enim
920 2473 1087 2560 Eupolidis
1117 2480 1248 2556 χρυσοῦν
1272 2475 1358 2552 γένος
1381 2474 1465 2541 illud
1487 2513 1528 2524 —
1554 2480 1592 2539 ut
1615 2474 1791 2540 Hesiodum

607 2604 691 2647 nuno
713 2585 882 2647 mittamus
904 2619 942 2630 -
968 2587 1000 2646 et
1023 2581 1184 2667 Euripidis
1209 2581 1407 2647 versiculum
1430 2582 1481 2664 (fr.
1507 2580 1600 2662 696):

879 2687 959 2752 οὐδέν
985 2688 1099 2752 δίκαιόν
1123 2688 1204 2752 έσνιν
1228 2688 1264 2751 ἒν
1289 2691 1338 2769 τῷ
1362 2693 1426 2752 νῦν
1449 2686 1581 2766 γένει,

608 2798 660 2860 cni
685 2793 873 2859 simillimus
896 2800 945 2858 est
967 2793 1134 2858 Menandri
1159 2796 1304 2859 trimeter
1326 2795 1378 2875 (fr.
1403 2793 1568 2876 223,15);

654 2902 757 2984 (probi
780 2902 854 2977 oiri)
878 2901 958 2966 οὐδὲν
983 2899 1094 2978 ὄφελος
1119 2900 1155 2963 έν
1178 2902 1228 2980 τῷ
1253 2906 1317 2963 νῦν
1342 2902 1464 2977 γένει.

608 3007 655 3072 De
680 3007 799 3072 Veneto
818 3006 923 3072 codice
947 3008 1098 3072 haetenus
1122 3009 1217 3072 tacui.
1243 3005 1325 3086 Quid
1348 3004 1465 3072 habet?
1489 3027 1599 3072 vocem
1623 3009 1791 3085 vitiosam,

608 3116 662 3181 sed
686 3118 732 3180 ita
756 3118 905 3180 vitiosam
929 3120 967 3179 ut
989 3135 1064 3180 vera
1086 3113 1180 3179 lectio
1203 3114 1375 3180 traluceat:

789 3223 823 3287 ri
848 3221 941 3297 μηδὲν
965 3226 1078 3286 ἀσκεῖν·
1095 3223 1178 3300 ὑγιές
1202 3222 1233 3286 έν
1256 3223 1299 3301 τῷ
1323 3227 1388 3287 νῦΝ
1413 3230 1524 3286 ΕΤΕΙ.

609 3332 675 3393 Aut
703 3326 933 3405 παρνδιιρνώσει
960 3328 1112 3393 debentur
1134 3328 1194 3407 βέιρ
1217 3333 1250 3394 et
1273 3326 1386 3407 χρόνῳ,
1411 3332 1468 3392 aut
1492 3348 1579 3393 mera
1602 3333 1678 3392 sunt
1699 3328 1794 3393 inter·

609 3441 816 3520 pretamenta.

654 3541 706 3606 Sic
737 3550 905 3625 postquam
936 3543 1084 3605 restituta
1115 3547 1163 3605 est
1193 3542 1296 3624 prisca
1318 3541 1415 3605 huius
1437 3539 1500 3606 loci
1523 3540 1634 3615 lectio,
1658 3542 1792 3606 transire

606 3648 683 3712 lieet
716 3648 752 3711 ad
789 3650 1004 3732 quaestionem
1039 3648 1130 3711 ouius
1165 3666 1258 3711 causa
1292 3666 1368 3710 eum
1402 3645 1507 3711 attuli.
1544 3645 1681 3712 Offendit
1711 3644 1790 3711 olim

609 3754 890 3818 Hemsterhnsinm
922 3760 954 3838 et
983 3752 1172 3839 Berglerum
1203 3756 1365 3816 structure
1388 3772 1498 3817 versus
1522 3750 1576 3829 48,
1601 3761 1812 3838 quapropter-

609 3883 666 3945 pro
690 3863 798 3939 τυφλῷ
824 3860 1000 3924 scribebant
1022 3859 1167 3937 τυφλός.
1191 3857 1280 3939 Quod
1303 3879 1377 3923 oum
1401 3858 1463 3923 diei
1486 3880 1547 3923 non
1571 3859 1710 3944 potuerit
1730 3862 1792 3923 nisi

609 3966 716 4031 addita
735 3966 890 4052 particula
909 3964 956 4043 oio,
977 3966 1040 4030 fnit
1059 3987 1133 4031 oum
1149 3986 1342 4051 magnorum
1353 3964 1484 4032 illorum
1496 3970 1640 4031 virorum
1654 3968 1792 4053 vestigia

608 4080 735 4137 secutus
759 4071 906 4157 equidem
929 4071 1120 4138 confidenter
1143 4074 1187 4136 sic
1210 4071 1399 4160 refingerem
1421 4072 1544 4138 locum:

1105 4179 1208 4253 δῆλον·
1233 4180 1298 4254 iuis
1321 4178 1379 4243 κᾶν
1403 4178 1521 4261 τυφλὸς

790 4289 901 4362 γνῶναι
925 4285 1007 4349 δοκεῖ
1027 4286 1107 4349 τοῦθ’
1132 4322 1172 4333 -

608 4390 679 4456 coll.
704 4391 761 4478 Itq.
788 4389 854 4457 427
868 4411 933 4478 sq.:

1061 4495 1147 4572 δῆλέν
1173 4502 1206 4575 γ’
1231 4498 1292 4577 ἀφ’
1315 4494 1349 4564 εὖ
1371 4497 1521 4577 ξυνέγνω·

789 4604 853 4679 duis
878 4600 1028 4681 ε’πιιέρκειι
1055 4604 1196 4682 ἡρπακώς
1220 4604 1285 4668 xri.

606 4715 650 4776 At
672 4714 794 4775 amicus
818 4710 975 4774 Hartman
998 4713 1120 4795 optimo
1141 4712 1210 4775 iure
1232 4711 1419 4776 observabat
1440 4712 1562 4779 insoliti
1581 4701 1660 4799 quid
1677 4713 1790 4780 habere

607 4820 697 4892 δῆλον
727 4821 772 4883 sic
802 4818 885 4883 nude
918 4820 1075 4902 positum,
1107 4822 1140 4882 et
1167 4838 1242 4882 mox
1270 4819 1353 4881 sensi
1381 4840 1432 4884 me
1460 4829 1532 4905 post
1557 4820 1636 4886 alios
1662 4841 1790 4906 operam

610 4926 731 4990 dedisse
754 4931 790 4988 ut
813 4945 887 4989 sana
909 4944 1164 5009 corrumperem,
1185 4945 1246 4988 non
1266 4923 1413 4992 librarios
1434 4926 1488 4992 sed
1504 4930 1613 5013 ipsum
1633 4931 1792 4994 comicum
