5125 6150
1183 815 1254 875 oms
1276 796 1400 863 runca?
1804 798 1869 864 231

690 985 792 1048 sentio
815 1003 912 1068 quem
934 986 1002 1069 ipse
1021 989 1115 1069 putet
1133 981 1286 1062 Roemar;
1313 1002 1388 1046 nam
1406 1003 1469 1047 non
1489 979 1597 1047 solum
1614 958 1734 1048 nescire
1752 981 1872 1068 aliquid

690 1111 774 1155 nnnc
797 1089 916 1167 videor,
940 1089 995 1156 sad
1018 1092 1116 1155 etiam
1138 1091 1243 1156 nescio
1267 1088 1344 1175 quid
1367 1087 1496 1153 tandem
1518 1090 1668 1154 nescim.

736 1301 788 1368 Vs.
814 1301 900 1368 1126
920 1325 987 1390 sqq.
1018 1299 1183 1369 Pretiosos»
1212 1310 1319 1368 οτοέοον
1341 1339 1383 1352 -
1407 1301 1589 1369 Philocleon
1612 1305 1659 1369 ait
1682 1340 1724 1353 -
1747 1303 1872 1370 indam

688 1409 802 1486 nolim

891 1515 943 1581 nai
968 1516 1031 1597 γὰρ
1054 1514 1194 1596 τρέτερον
1219 1513 1443 1597 ἐτανέρακέἐνν
1465 1514 1662 1593 ἐμαλήμονοο

890 1621 1023 1688 ήτέδοννέ
1047 1621 1178 1701 δΦεέλαν
1201 1624 1244 1702 τῶ
1267 1627 1385 1702 κναφεῖ
1404 1621 1577 1700 τριώβολον.

734 1727 823 1793 Haec
845 1729 977 1794 obscura
999 1731 1149 1815 cuiquam
1170 1729 1237 1794 fora
1259 1749 1321 1795 non
1343 1730 1467 1813 putavi.
1499 1729 1562 1806 „Et
1582 1727 1686 1807 μήτ”,
1710 1766 1753 1779 -
1776 1751 1869 1797 senex
1914 1721 1917 1727 ’

689 1837 797 1900 ait-
819 1858 904 1913 „cum
920 1835 1079 1918 piecs'cubio
1099 1858 1143 1899 οαο
1166 1835 1339 1918 implessem,
1354 1835 1479 1920 salim
1501 1835 1686 1900 ντέαννοονοννα
1703 1837 1811 1916 οοέοέ”,
1826 1875 1868 1887 -

688 1963 744 2027 pro
768 1961 862 2007 causa
884 1963 1003 2027 ponens
1025 1940 1181 2007 affectum.
1205 1940 1334 2008 Scilicet
1356 1962 1505 2008 nummos
1525 1941 1647 2008 solvere
1665 1945 1797 2029 gravius
1815 1942 1871 2009 ali·

688 2053 806 2133 quanto
827 2047 916 2113 ducit
935 2048 1089 2113 damnum
1109 2069 1204 2132 qnam
1222 2055 1329 2112 vectem
1346 2049 1526 2127 maculasse,
1546 2048 1699 2115 namhoc
1718 2054 1766 2115 est
1785 2050 1869 2137 quod

686 2153 855 2241 significat.
880 2154 963 2234 Quid
986 2154 1120 2220 Roemer
1142 2159 1186 2240 (p.
1213 2152 1313 2234 112)?
1333 2192 1374 2204 -
1400 2154 1509 2232 „Nach
1529 2176 1658 2241 unserer
1676 2155 1870 2245 Antiassung

687 2263 752 2339 „ist
771 2260 991 2342 ἐπανθρακιέων
1011 2261 1210 2338 ἐμπλήμενος
1228 2264 1262 2326 in
1282 2260 1401 2328 diesem
1420 2260 1699 2350 zusammenheng
1709 2284 1769 2350 gar
1780 2260 1870 2329 nicht

690 2365 787 2444 „oder
817 2366 897 2432 doch
920 2367 993 2433 sehr
1015 2368 1136 2433 schwcr
1158 2388 1197 2433 eu
1219 2367 1346 2433 dentes.
1370 2366 1526 2433 Laenwcn
1549 2367 1605 2433 hat
1627 2368 1682 2435 des
1704 2370 1795 2434 nicht
1816 2391 1870 2458 ga

688 2477 809 2550 „stirt,
843 2472 910 2538 nnd
940 2494 974 2539 er
1005 2472 1135 2540 verliert
1165 2473 1282 2562 genade
1311 2474 1389 2539 inber
1419 2472 1526 2540 diesen
1555 2474 1728 2563 wichtigcn
1758 2474 1870 2541 Punkt

687 2580 783 2658 „kain
807 2579 909 2657 Wort,
935 2616 977 2628 —
1001 2586 1061 2657 „nt
1083 2582 1152 2647 ains
1175 2586 1224 2647 ast
1245 2580 1349 2646 moe'’.
1372 2579 1418 2644 Er
1439 2581 1559 2646 meint:
1593 2583 1642 2660 „ai
1665 2584 1737 2666 quis
1759 2588 1869 2647 autem

687 2707 825 2771 „parum
847 2685 1031 2774 intellegat,
1056 2686 1133 2772 quid
1157 2689 1283 2753 tectis
1306 2686 1446 2753 verbis
1469 2708 1563 2752 senex
1586 2708 1670 2753 nunc
1692 2687 1868 2775 significet,

688 2793 858 2877 „inspiciat
886 2790 971 2858 Eccl.
1003 2790 1079 2870 347,
1111 2792 1167 2858 ubi
1189 2795 1348 2880 apertiora
1370 2793 1512 2859 extant'’.
1536 2791 1619 2859 Dein
1641 2792 1776 2861 Roemer
1798 2814 1869 2880 pro-

684 2899 798 2964 batum
819 2901 846 2962 it
868 2920 978 2965 veram
1001 2919 1069 2965 essa
1091 2898 1280 2965 scholiastae
1304 2898 1565 2985 explicationem:
1587 2900 1868 2980 »καταστάξαντος

685 3004 787 3087 ζωμοῦ
818 3006 868 3070 ini
900 3004 935 3069 τέ
965 3003 1120 3085 ἐμήτττν”,
1153 3008 1205 3071 cui
1234 3026 1309 3072 cum
1336 3027 1452 3093 parum
1475 3009 1640 3073 conveniat
1662 3010 1868 3095 participium

684 3114 899 3192 ἐμπλήμενος,
939 3112 1022 3199 quod
1057 3112 1153 3179 habat
1187 3118 1295 3179 textus
1328 3113 1482 3194 traditus,
1519 3135 1559 3181 ex
1592 3115 1756 3182 Athenaeo
1787 3116 1869 3183 hanc

686 3219 856 3286 lectionem
879 3210 1094 3305 recipiendam
1117 3239 1202 3285 esse:

822 3325 874 3389 καὶ
898 3325 961 3405 γὰρ
984 3324 1123 3406 προτερον
1147 3323 1207 3397 ete
1230 3324 1479 3407 ήνέρααέἐνν
1502 3323 1637 3404 τ’ἐλμήν
1660 3327 1754 3393 τεὸν

820 3430 966 3496 οὶτέἐωκα
987 3431 1052 3497 xri.

685 3539 788 3619 Quam
810 3537 981 3603 lectionem
1004 3543 1038 3602 et
1059 3536 1238 3623 Lennepius
1260 3536 1340 3603 olim
1364 3538 1672 3620 commendantes
1691 3537 1868 3608 Ooluthnm

684 3667 715 3731 p.
749 3643 814 3725 18).
849 3644 1007 3729 liquidem
1040 3644 1090 3708 his
1120 3665 1183 3709 non
1214 3647 1288 3709 utar
1317 3649 1350 3710 at
1381 3643 1419 3710 dc
1450 3647 1636 3729 quaestione
1660 3649 1868 3733 quantumvis

682 3753 777 3836 gravi
800 3754 935 3848 tacuisse
959 3753 1141 3816 etiamnunc
1164 3752 1264 3816 satius
1288 3749 1368 3816 dnco
1390 3770 1487 3836 quam
1510 3753 1555 3818 sic
1578 3749 1765 3839 disputasse.

731 3966 876 4031 Tertium
906 3965 1004 4030 huius
1033 3966 1080 4030 rei
1108 3962 1293 4050 exemplum
1322 3964 1476 4032 habemus
1504 3985 1577 4054 pag.
1602 3964 1655 4032 93.
1683 3965 1867 4033 Phssocleon

686 4072 766 4150 „atii
789 4071 855 4135 rei’'
881 4107 923 4120 -
947 4074 994 4137 ait
1016 4108 1058 4120 -
1083 4071 1229 4158 ,subolae
1251 4070 1335 4136 eobo
1355 4080 1500 4151 τοοονολέ,
1524 4072 1583 4136 abii
1605 4072 1716 4156 Accepi
1738 4073 1868 4160 aliquem

686 4178 822 4256 ‚,iocum”
848 4175 953 4263 (Vesp.
980 4176 1070 4259 566).
1100 4177 1259 4264 Equidem
1279 4180 1313 4243 in
1336 4181 1564 4246 commentario
1585 4179 1726 4247 indicavi
1747 4185 1868 4248 ceteros

681 4284 785 4362 locos,
810 4286 865 4350 ubi
888 4285 1005 4370 Aesopi
1028 4283 1112 4372 apud
1134 4289 1279 4352 nostrum
1302 4284 1339 4351 fit
1361 4287 1493 4352 mentio.
1517 4284 1641 4352 Satisne
1663 4284 1867 4354 innocenter?

685 4391 840 4469 Minime,
865 4390 939 4457 vide
961 4390 1056 4456 modo
1076 4391 1160 4477 apud
1179 4392 1372 4458 Roemernm
1391 4397 1478 4479 (pag.
1500 4389 1557 4469 93)
1576 4391 1682 4478 qualia
1700 4392 1866 4472 Boenasa,

684 4498 698 4563 i
719 4496 881 4574 ἀνέφαλος
902 4499 1022 4576 ἐκεῖνος,
1042 4519 1125 4563 nnnc
1144 4518 1268 4584 quoque
1287 4497 1520 4586 designaverit:
1542 4498 1679 4576 „wieder
1697 4502 1767 4566 eine
1785 4520 1866 4566 neue

686 4603 772 4683 „und
788 4603 888 4670 leider
904 4606 980 4670 weit
997 4604 1187 4670 verbreitete
1204 4603 1413 4693 Eigenechaft
1429 4603 1595 4671 modernar
1605 4603 1867 4694 Exegeselcrnen

685 4714 766 4789 „wir
789 4733 855 4775 nun
879 4710 949 4777 hier
969 4710 1095 4777 konnen
1119 4730 1159 4775 au
1181 4707 1274 4797 Vesp.
1299 4709 1382 4777 566:

817 4819 843 4882 oi
869 4816 901 4883 ii
923 4816 1066 4895 λέγονονν
1092 4817 1207 4894 μήέους
1230 4821 1313 4896 ήμῒν,
1336 4817 1362 4883 oi
1385 4817 1412 4884 δ’
1435 4817 1577 4884 Atacino
1599 4841 1631 4884 το
1653 4817 1781 4897 μέλοτον.

691 4924 772 5005 „Dic
802 4924 986 5013 Erklirung
1012 4925 1070 4991 hat
1098 4923 1254 4991 Leeuwen
1285 4922 1365 4992 kura
1394 4925 1585 5014 abgemacht
1613 4929 1693 4994 mitt
1728 4928 1867 5018 „Aesopi
