5125 6150
688 830 754 895 414
1049 847 1091 893 ιι)
1115 843 1349 894 semiermis
1370 845 1510 892 morou.

684 1032 786 1095 neque
817 1013 1014 1075 mentionem
1044 1010 1141 1074 huius
1171 1009 1233 1074 loci
1265 1030 1349 1074 nunc
1380 1011 1515 1075 facerem
1546 1012 1608 1074 nisi
1642 1013 1778 1095 gravius
1802 1012 1875 1096 quid

684 1116 798 1180 addere
828 1116 987 1180 haberem.
1021 1114 1129 1179 Merae
1159 1117 1246 1179 enim
1277 1116 1424 1179 tenebrae
1456 1121 1531 1180 sunt
1561 1116 1659 1180 verba
1684 1117 1744 1192 „ee
1770 1115 1806 1190 tt
1829 1116 1876 1180 ἐπ’

685 1221 848 1304 ἁινθειρι”.
873 1220 962 1300 Quod
987 1225 1096 1284 autem
1120 1220 1291 1284 observatu
1314 1220 1559 1306 dignissimum:
1583 1222 1646 1285 nisi
1665 1221 1799 1286 obscuro
1818 1221 1874 1286 hoc

683 1325 753 1391 loco
782 1332 815 1391 et
846 1325 1013 1391 manifeste
1044 1330 1192 1410 corrupto
1224 1346 1286 1390 vox
1310 1326 1440 1401 claritas
1463 1325 1547 1410 apud
1572 1331 1722 1391 nostrum
1744 1347 1809 1391 non
1832 1330 1874 1391 in-

685 1435 814 1498 venitur
829 1432 862 1512 ¹).
893 1431 1005 1517 ltaque
1037 1453 1098 1496 non
1131 1430 1169 1495 de
1200 1431 1303 1497 nihilo
1326 1437 1374 1496 est
1397 1431 1481 1516 quod
1504 1434 1656 1517 suspicor,
1681 1435 1783 1497 errori
1806 1453 1871 1498 eam

684 1560 769 1603 nnnc
793 1538 910 1603 deberi.
935 1535 1057 1601 Verum
1081 1535 1179 1601 duco:

868 1640 935 1708 stt·
960 1642 1016 1706 ἐπ’
1041 1643 1178 1722 ἀγαθῷ
1202 1644 1326 1707 πᾶσιν
1352 1641 1390 1706 οὺ
1414 1641 1499 1719 μετὰ
1524 1646 1578 1706 τοῦ
1600 1641 1755 1723 μάρτυρος

866 1747 1072 1827 διαρραγείης.

686 1853 773 1918 Iusta
804 1855 850 1918 sic
881 1852 917 1916 fit
940 1853 1099 1937 oppositio
1122 1855 1206 1917 inter
1228 1849 1451 1937 sycophantae
1477 1852 1589 1918 verba:
1616 1851 1665 1916 iar·
1690 1853 1799 1932 ἀραιῷ

685 1958 781 2024 οὐδενί
804 1965 837 2024 et
860 1959 909 2023 ἐπ’
932 1959 1042 2038 ἀγαθῷ
1066 1960 1171 2022 πῖοοιν.
1196 1957 1395 2022 Particulam
1420 1955 1477 2021 εἴθε
1501 1960 1547 2023 ita
1568 1964 1758 2043 usurpatam
1781 1958 1875 2023 hahes

686 2086 713 2130 o.
738 2086 771 2150 g.
795 2066 830 2127 in
852 2064 940 2128 hisce
963 2067 1063 2128 nostri
1088 2063 1251 2128 versibus:

866 2168 924 2234 εἴθε
947 2169 1076 2249 <hadasa
1099 2166 1198 2248 ὥσπερ
1224 2164 1309 2248 νῦρες
1335 2168 1480 2247 luceam
1506 2170 1559 2243 τὴν
1582 2165 1704 2234 ένέὲοιν.
1732 2205 1795 2254 -ι

867 2273 926 2339 εἴθε
949 2299 991 2352 με
1014 2273 1163 2355 οευρΦέρος
1187 2272 1301 2354 αέέέροο
1326 2274 1423 2353 νέοτίιρ

867 2379 919 2443 τὸν
940 2379 1100 2460 βάρβαρον
1124 2378 1302 2455 ἐξολέσειεν.

730 2660 845 2745 Pergo.
870 2657 1022 2725 (lamium
1042 2660 1252 2724 victimarum
1272 2658 1367 2723 modo
1387 2656 1484 2723 Pluto
1503 2657 1775 2737 sacrificatorum,
1796 2681 1876 2744 quae

686 2767 718 2828 in
751 2762 917 2850 Ohremyli
947 2763 1053 2827 culina
1080 2784 1163 2827 nuno
1187 2769 1343 2841 assantur,
1369 2765 1565 2849 sycophanta
1589 2763 1719 2828 odorem
1742 2767 1878 2851 percipit

687 2890 782 2934 cenae
806 2868 1007 2933 succulentae
1030 2871 1224 2953 promissum
1246 2868 1428 2934 habentem.
1454 2865 1515 2934 Oui
1539 2866 1648 2934 Cario:

868 2973 1066 3051 κακόδαιμον,
1092 2973 1248 3053 ὀσφραίνει
1272 2994 1320 3052 τι;

685 3080 770 3146 Tum
792 3081 902 3145 lustus
924 3083 977 3146 vir
1000 3079 1121 3144 ridens:

1231 3191 1283 3249 τοῦ
1308 3185 1433 3266 ψύχους
1457 3190 1490 3264 γ’
1514 3183 1603 3262 ἴσως,

754 3290 819 3355 897
867 3290 932 3354 ἐπεὶ
957 3290 1090 3354 οοιοῦτέν
1113 3294 1147 3367 γ’
1171 3291 1358 3369 ἀμπέχεται
1384 3289 1547 3367 τριβώνιον.

685 3398 861 3481 Postquam
884 3395 1065 3480 complures
1088 3403 1216 3461 nostrae
1239 3395 1365 3461 fabulae
1388 3417 1500 3461 versus
1525 3418 1543 3460 a
1567 3397 1686 3460 criticis
1711 3395 1879 3461 damnatos

686 3501 891 3587 Aristophani
934 3501 1094 3566 vindicare
1138 3501 1265 3578 studui,
1302 3523 1364 3566 nou
1400 3523 1511 3566 vereor
1545 3523 1584 3566 ne
1618 3504 1730 3567 insano
1766 3505 1879 3567 comici

685 3606 871 3671 decurtandi
906 3606 1010 3671 studio
1047 3607 1182 3692 flagrare
1216 3606 1335 3683 videar,
1372 3609 1399 3670 si
1429 3628 1512 3671 nunc
1543 3627 1672 3671 versum
1704 3606 1877 3672 delendum

685 3732 753 3777 esse
778 3710 976 3776 contendam.
1003 3710 1140 3795 Spurius
1164 3719 1212 3776 est
1236 3732 1348 3775 versus
1373 3709 1449 3776 897.
1475 3709 1537 3791 Qui
1562 3714 1629 3776 sive
1651 3712 1811 3777 ascholio
1832 3719 1879 3777 est

686 3823 798 3893 natue,
823 3824 861 3880 ut
882 3815 933 3880 illi
957 3837 1034 3900 quos
1058 3838 1154 3903 supra
1173 3816 1270 3881 attuli
1284 3814 1320 3896 ²),
1341 3819 1409 3881 sive
1429 3816 1572 3881 consulto
1593 3817 1631 3881 ab
1649 3817 1878 3902 interpolatore

685 3924 849 3986 contextui
868 3927 916 3986 est
934 3924 1091 3998 insertus,
1112 3925 1175 4006 ipsi
1195 3928 1278 3987 certe
1298 3924 1418 3986 comico
1438 3924 1595 4006 imputari
1612 3924 1743 3987 omnino
1755 3925 1876 4008 nequit.

684 4027 755 4091 Non
786 4029 873 4091 enim
904 4029 981 4091 trito
1006 4028 1159 4114 tenuique
1183 4026 1349 4110 palliastro
1373 4028 1530 4091 amictum
1554 4048 1621 4091 esee
1643 4029 1876 4113 sycophantam

685 4132 746 4197 sert
776 4134 872 4208 ratio,
905 4134 1055 4215 quoniam
1087 4134 1204 4208 vestis,
1237 4152 1300 4216 qua
1330 4131 1483 4196 hactenus
1512 4135 1545 4195 in
1570 4153 1603 4195 re
1627 4153 1777 4218 prospera
1800 4154 1877 4197 usus

686 4244 751 4313 est,
783 4258 845 4301 non
869 4239 977 4322 potuit
1000 4259 1083 4301 nunc
1107 4237 1212 4301 subito
1237 4257 1440 4313 evanescere,
1466 4237 1520 4302 sed
1544 4240 1726 4302 etiamnunc
1751 4246 1877 4323 praesto

684 4363 752 4408 esse
776 4345 806 4406 ei
829 4342 956 4419 debuit,
982 4348 1019 4406 ut
1042 4342 1140 4428 probo
1166 4345 1234 4406 viro
1260 4350 1309 4406 est
1332 4342 1499 4407 misellum
1523 4341 1605 4406 illud
1625 4346 1876 4420 vestimentum,

683 4453 717 4514 in
749 4469 811 4533 quo
843 4447 964 4512 multos
994 4468 1090 4512 annos
1114 4446 1169 4513 ille
1193 4447 1275 4513 alsit.
1300 4447 1349 4511 Er
1372 4450 1474 4532 ipsius
1496 4455 1605 4513 autem
1630 4450 1745 4513 comici
1773 4451 1877 4515 verbis

682 4553 862 4620 luculenter
884 4553 916 4616 id
940 4559 1044 4638 patet,
1068 4574 1142 4617 nem
1166 4552 1249 4617 infra
1271 4553 1468 4638 sycophanta
1493 4554 1551 4617 hac
1574 4574 1632 4618 sua
1655 4564 1742 4618 veste
1763 4554 1878 4639 spolia·

718 4856 744 4907 lt
763 4855 825 4904 Nom
843 4857 904 4904 Bon.
922 4855 986 4903 1244
1003 4857 1040 4902 eat
1056 4853 1188 4916 Euripidis.

717 4937 744 4995 a)
766 4938 817 4984 vir.
836 4954 890 5001 μς,
909 4939 964 4985 aaa.
