5125 6150
783 768 844 833 192
1288 785 1454 832 sturme.

825 955 840 1036 ξ
866 951 923 1015 19;
960 951 1022 1013 ι’τύ
1054 956 1150 1027 ψιλῆς
1180 959 1238 1021 τοῖς
1269 950 1396 1027 ιοεςοίις
1425 948 1597 1024 πλέοντος,
1629 946 1676 1012 ἔτι
1707 947 1760 1011 ul
1789 950 1966 1026 στείρας

775 1062 861 1125 τινὲς
894 1056 1132 1129 ἐπισυρομένους.
1164 1055 1250 1134 Quae
1281 1059 1344 1119 sint
1370 1063 1494 1134 στεῖραι
1517 1072 1548 1118 ct
1572 1075 1668 1138 quem
1691 1075 1787 1117 usum
1811 1055 1966 1130 habeant,

775 1161 956 1229 luculenter
986 1161 1147 1246 expedivit
1175 1162 1385 1246 Breusingius
1407 1162 1445 1222 dc
1468 1160 1566 1222 Rebas
1589 1160 1732 1221 ‚t'aurieis
1754 1181 1785 1243 p.
1812 1158 1887 1233 179,
1911 1158 1965 1222 sed

776 1267 940 1332 sciendum
965 1284 1011 1331 est
1035 1269 1100 1330 iam
1123 1263 1302 1331 Gesnerum
1326 1287 1357 1349 p.
1378 1263 1445 1328 439
1465 1271 1522 1327 τῶν
1539 1271 1666 1341 στειςῶν
1685 1262 1862 1327 utilitatem
1881 1276 1967 1327 recte

776 1371 995 1457 explicavisse.

824 1574 924 1659 5³22:
957 1574 1103 1646 διοίήιιος
1135 1573 1328 1634 ὐτίλιτε.
1353 1570 1531 1634 Dicendum
1553 1569 1613 1633 hoc
1637 1569 1719 1633 fuit:
1744 1570 1965 1633 κοτίλιτε·

780 1681 853 1746 vide
876 1680 971 1745 modo
995 1681 1011 1747 i
1033 1677 1086 1742 23.

998 1750 1009 1763 b

822 1878 921 1964 §23:
955 1880 972 1953 ή
1004 1881 1173 1953 τίίεμεν
1204 1879 1257 1941 κοί
1288 1883 1393 1941 τοῦτον
1424 1878 1456 1940 ἓν
1485 1886 1556 1946 τοῖς
1585 1878 1724 1947 τελείαις
1746 1877 1862 1955 ψήφοις
1888 1878 1966 1951 μίαν

777 1991 836 2049 τῶν
860 1985 951 2048 xlm
976 1981 1069 2060 είνιι;
1095 1984 1308 2049 Coniunctivo
1331 2004 1411 2068 opus
1433 1998 1499 2046 est:
1522 1983 1615 2045 τιίῶ
1623 2006 1704 2057 μεν.

824 2201 920 2286 §24:
951 2202 1077 2277 μιίλιςο
1108 2201 1134 2264 δ’
1158 2203 1251 2265 αὐτὸν
1276 2202 1345 2275 ήνίο
1369 2202 1506 2280 ίυγιύτνιρ
1530 2202 1687 2277 ἐπίγαμος
1711 2198 1766 2274 ήδή
1789 2201 1971 2265 ίιιτωκοιδε·

779 2309 860 2378 :tm
898 2301 983 2371 οὐσοι.
1021 2306 1069 2370 lta
1104 2306 1291 2370 lacobitzius
1325 2322 1484 2391 expuncta
1514 2310 1752 2381 coniunctione,
1783 2328 1858 2369 curn
1887 2305 1970 2370 olim

779 2413 942 2479 ederetur:
967 2414 1034 2476 κοί
1060 2411 1320 2482 ὐιιτωνοιδειιύτις.
1344 2412 1456 2476 Nonne
1477 2411 1575 2476 latet:
1598 2413 1645 2482 ῶς
1668 2407 1939 2482 ίιιτιικοιδειιέτιςί

823 2629 914 2713 ξ26.
946 2628 1084 2715 Scythae
1114 2629 1172 2697 τὰς
1198 2630 1373 2701 τολλοιιύς
1397 2628 1530 2705 ἀκριβῶς
1554 2629 1628 2698 τὰς
1653 2629 1861 2697 κολλίςιος
1883 2626 1971 2689 ε’κλέ·

778 2737 889 2812 γεσίοι
915 2734 1070 2811 λέγονται.
1092 2733 1170 2798 Dele
1190 2734 1274 2817 quod
1294 2734 1454 2798 inutiliter
1472 2734 1618 2798 additum
1636 2739 1701 2798 est:
1720 2734 1779 2803 τοὶς
1800 2733 1970 2803 ιοινλλίςιις.

778 2840 912 2904 Interest
936 2839 1057 2923 aliquid
1080 2861 1116 2903 ac
1139 2838 1282 2903 multum
1308 2841 1438 2923 quidem
1461 2842 1546 2903 inter
1565 2839 1704 2916 ἐκλέγειν
1723 2852 1756 2902 et
1775 2839 1969 2914 ε’κλίγεσίιιι,

779 2947 818 3009 cf.
844 2943 983 3011 Cobetus
1007 2946 1036 3008 ἐν
1060 2947 1101 3022 τῷ
1126 2946 1224 3024 Ἐρμῆ
1249 2945 1345 3023 λογίῳ
1368 2967 1399 3030 p.
1421 2945 1497 3008 444.
1516 2944 1617 3030 Saepe
1637 2946 1776 3020 ἐκλέγειν
1796 2956 1971 3028 usurpatur

778 3073 836 3137 pro
859 3051 1060 3128 ίκλίγεσίοι,
1085 3053 1220 3115 minime
1242 3071 1320 3115 vero
1342 3058 1460 3116 contra.

825 3256 843 3338 ς
863 3253 918 3316 24.
942 3253 1020 3317 Erat
1043 3252 1099 3317 illa
1122 3253 1315 3318 Menecratis
1339 3253 1405 3318 filia
1423 3252 1600 3338 turpicula,
1620 3249 1655 3324 ἣν
1675 3252 1740 3316 οὐδὲ
1760 3253 1844 3326 μετὰ
1864 3253 1970 3327 τοίσνς

779 3366 834 3432 τῆς
866 3361 970 3428 οὐσίαις
993 3362 1047 3422 τοῦ
1071 3359 1187 3435 πατρίς
1213 3395 1255 3406 -
1280 3359 1405 3434 ήξίωσεν
1429 3358 1467 3422 σίν
1491 3382 1537 3428 τις
1561 3365 1620 3421 τῶν
1644 3382 1691 3435 γε
1715 3360 1890 3435 εὐγενῶν
1915 3358 1969 3421 sal

781 3467 917 3537 Ιιτενήτων
951 3465 1057 3546 ῥᾳδίως
1089 3466 1292 3541 παραλαβεῖν
1323 3463 1416 3534 οὕτως
1447 3465 1655 3540 κακοδαίμονα
1687 3459 1779 3527 οὐσον
1811 3467 1864 3537 τήν
1887 3462 1969 3540 ὅφιν.

781 3569 927 3637 Correxit
948 3567 1106 3634 Graevius
1125 3571 1270 3646 ιίγεννῶν,
1293 3570 1376 3653 quod
1396 3570 1527 3635 fortasse
1546 3573 1665 3634 rectius
1685 3570 1841 3633 scribetur
1852 3569 1970 3644 ιίγενῶν

780 3675 877 3758 idque
909 3673 1098 3738 lacobitzius
1129 3677 1228 3738 etiam
1259 3677 1379 3759 recepit
1408 3678 1442 3738 iu
1465 3682 1605 3749 textum
1629 3673 1684 3738 sed
1707 3673 1886 3758 elegantius
1910 3676 1972 3737 erit

781 3781 966 3844 εὐτελῶν.
991 3777 1155 3842 Particula
1178 3803 1218 3856 γε
1241 3781 1322 3842 mire
1345 3778 1495 3842 abundat.

827 3996 845 4078 ᾗ
867 3992 919 4058 27.
947 3994 1019 4059 Duo
1043 4002 1119 4058 sunt
1139 3998 1233 4059 amici
1253 3995 1439 4059 Demetrius
1457 4003 1489 4060 et
1510 3997 1695 4081 Antiphilus
1714 4001 1770 4082 qui
1790 3998 1971 4063 studiorum

783 4121 877 4166 causa
911 4104 944 4164 in
975 4103 1164 4187 Aegyptum
1196 4102 1455 4185 proficiscuntur;
1480 4102 1614 4166 Luciani
1636 4104 1733 4167 verba
1755 4112 1845 4167 sunt:
1870 4127 1973 4168 συνεκ-

783 4205 924 4274 τλεύοοις
949 4207 1012 4283 γίιρ
1036 4207 1065 4276 ίς
1091 4209 1145 4276 τήν
1171 4205 1331 4280 utrem
1355 4208 1369 4270 ί
1394 4209 1567 4286 Δημήτριος
1592 4209 1760 4289 Ἀντιφίλῳ
1781 4212 1889 4294 itaque
1908 4232 1973 4274 cre·

782 4311 879 4376 dibile
899 4318 947 4375 est
966 4333 1019 4376 eos
1039 4310 1250 4375 Alexandriae
1271 4315 1469 4378 remansisse.
1488 4313 1560 4378 Nou
1580 4312 1684 4377 multo
1704 4323 1775 4399 post
1786 4314 1971 4380 Demetrius

782 4415 916 4498 cupidus
942 4416 1102 4500 spectandi
1134 4427 1243 4480 vetera
1267 4420 1407 4502 regionis
1432 4431 1639 4482 monumenta
1662 4419 1890 4502 proficiscitur:
1917 4422 1971 4485 κοί

783 4519 894 4592 δήποτε
914 4521 927 4583 ί
949 4523 1005 4595 μὲν
1025 4521 1196 4596 Δημήτριος
1217 4518 1330 4600 ἔτυχεν
1349 4524 1378 4590 ἐς
1400 4526 1453 4594 τήν
1476 4521 1553 4600 Αίγ
1565 4546 1688 4587 νιττον
1708 4524 1873 4599 ιίτοδήμῶν
1886 4527 1971 4589 nard

784 4626 852 4688 ίίιιν
884 4632 942 4688 τῶν
973 4626 1149 4703 πυραμίδων
1173 4626 1224 4690 κοί
1250 4631 1303 4690 τοῦ
1327 4625 1492 4699 Μέμνονος.
1517 4629 1705 4713 Requiritur
1727 4638 1837 4695 autem
1861 4631 1891 4699 de
1915 4634 1970 4705 τήν

784 4733 957 4794 Κοττύν·
983 4732 1056 4796 vide
1080 4730 1286 4798 simillimum
1309 4730 1417 4796 locum
1440 4732 1645 4818 Philopseud.
1671 4733 1724 4799 33.
