5125 6150
947 831 989 877 nn
1012 829 1142 877 rrrunos
1164 829 1434 878 nonanrnmrvsns.
1713 811 1780 877 285

583 1000 778 1064 chomenius
810 998 873 1061 fuit
895 996 1062 1073 Ἑωνωξίων,
1087 1001 1144 1058 aut
1168 992 1330 1079 (lopaeus,
1355 993 1446 1059 nulla
1469 997 1556 1080 optio
1580 994 1782 1079 relinquitur.

585 1104 620 1169 Si
652 1112 763 1167 tamen
797 1101 1001 1166 Orchomenii
1033 1101 1165 1165 fuerunt
1196 1098 1361 1177 ’Λργνλίως
1385 1101 1547 1172 Λωτνίκννς
1571 1107 1603 1166 et
1625 1101 1785 1177 Ἑωνωξίων

585 1209 753 1286 naariae,
786 1206 1000 1293 polernerchi,
1035 1209 1090 1290 qui
1123 1208 1155 1269 in
1179 1207 1480 1291 praescriptionibus
1504 1205 1656 1271 celebrari
1679 1205 1784 1272 solent

584 1314 762 1380 titulorum
794 1313 1034 1390 Boeotioorum,
1070 1311 1267 1396 polemarcbi
1292 1333 1354 1376 non
1379 1318 1454 1377 snnt
1477 1312 1685 1398 intellegendi
1708 1315 1784 1378 civi-

585 1427 711 1497 tatum,
736 1421 771 1483 in
795 1439 931 1503 quarum
956 1416 1062 1481 titulis
1087 1422 1275 1495 occurrunt,
1300 1417 1355 1482 sed
1376 1422 1428 1482 τοῦ
1448 1422 1542 1483 κοινοῦ
1562 1425 1620 1482 τῶν
1641 1423 1781 1483 Βοιωτῶν.

628 1526 719 1606 Quae
742 1545 802 1602 res,
827 1527 855 1589 si
878 1544 954 1588 vera
975 1522 1104 1608 quidem
1125 1543 1193 1587 esse
1211 1529 1331 1607 potest,
1352 1525 1497 1588 veritatis
1517 1526 1654 1609 speeiem
1674 1528 1781 1588 temen

583 1653 659 1717 prae
685 1652 719 1696 se
743 1651 807 1695 non
830 1631 900 1694 fert.
925 1629 992 1694 Iam
1018 1629 1141 1693 dictum
1166 1635 1213 1694 est
1237 1628 1275 1693 de
1295 1631 1487 1694 testimoniis
1507 1629 1679 1694 titulorum
1697 1632 1781 1714 ipso-
1846 1674 1850 1681 -

582 1758 680 1813 rum,
714 1756 794 1819 quae
817 1735 940 1800 obstare
962 1734 1123 1811 videntur,
1147 1736 1214 1798 iam
1238 1733 1360 1798 dictum
1385 1735 1424 1799 de
1444 1737 1589 1800 virorum
1612 1735 1779 1800 doctorum

581 1844 769 1919 sententiis,
796 1861 875 1925 quae
896 1861 1005 1906 omnes
1029 1839 1216 1923 discrepant.
1244 1838 1354 1905 Altera
1376 1843 1457 1905 ratio
1480 1846 1599 1918 restet,
1620 1861 1682 1925 qua
1701 1839 1780 1904 diffi-

581 1947 721 2013 cultates
753 1945 864 2010 tollere
896 1966 987 2030 posse
1019 1945 1176 2009 videmur.
1214 1944 1294 2021 Fac,
1328 1946 1556 2010 Orchomenios
1587 1967 1649 2011 non
1681 1946 1780 2010 fnisse

583 2053 754 2130 Ἀργνλίων
788 2057 820 2116 et
854 2049 1054 2127 Ἑωνωξὶωντι,
1089 2050 1153 2126 fac,
1186 2049 1324 2114 alterum
1356 2051 1455 2116 fuisse
1486 2049 1667 2136 Gopeenm,
1699 2053 1782 2136 prio

582 2179 656 2223 rem
686 2153 966 2241 Acraephiensem.
997 2156 1063 2220 Nec
1087 2177 1162 2220 vero
1188 2156 1269 2221 banc
1294 2158 1382 2221 viem
1406 2157 1588 2243 expeditam
1613 2177 1680 2222 esse
1703 2177 1779 2221 mox

583 2264 726 2349 patebit3
759 2262 882 2327 lubrica
917 2269 982 2338 est,
1020 2264 1104 2325 sicut
1138 2260 1249 2325 altera.
1289 2260 1480 2327 Orchomeni
1514 2264 1599 2327 enirn
1635 2268 1780 2347 repertus

584 2374 635 2434 est
668 2367 786 2432 titulus
808 2365 878 2432 IGS
905 2368 921 2431 1
947 2388 997 2431 no.
1023 2366 1129 2445 3206;
1167 2373 1199 2431 et
1231 2387 1356 2445 omnes,
1389 2369 1445 2451 qui
1475 2368 1559 2432 hunc
1594 2366 1781 2452 catalogum

585 2473 772 2550 ediderunt,
810 2476 865 2558 qui
900 2475 929 2537 ei
965 2493 1094 2558 operam
1129 2472 1300 2550 dederunt,
1338 2475 1371 2536 in
1407 2493 1443 2537 ee
1481 2494 1515 2538 re
1560 2475 1778 2549 consentiunt,

586 2580 817 2645 Orchomenios
847 2579 893 2643 ibi
924 2580 1096 2655 recenseri,
1126 2599 1162 2642 ac
1185 2577 1267 2643 solos
1292 2578 1529 2644 Orchomenios.
1554 2577 1637 2645 Cum
1662 2578 1778 2662 quibus

584 2685 800 2750 libentissime
836 2684 989 2761 facerem,
1032 2703 1089 2747 nec
1124 2682 1322 2759 dubitarem,
1365 2686 1442 2767 quin
1477 2684 1557 2749 hanc
1593 2686 1776 2768 opinionem

583 2790 688 2855 altera
716 2789 812 2874 longe
843 2787 1120 2865 verisimiliorem,
1153 2790 1230 2872 quin
1259 2788 1325 2853 fere
1349 2795 1469 2854 certem
1493 2810 1560 2854 esse
1583 2791 1776 2874 acciperem;

585 2895 643 2961 sed
676 2896 865 2981 refragatur,
896 2894 980 2980 quod
1013 2901 1089 2958 tunc
1120 2893 1209 2958 nullo
1241 2894 1335 2959 modo
1359 2895 1601 2979 Acraepbiensis
1625 2894 1688 2958 fuit
1711 2900 1779 2973 Ἀρ-

583 3002 715 3081 γνλίως,
751 2999 895 3086 (lopasus
927 2997 1097 3074 Εωνωξίων.
1135 2998 1272 3066 (larsem
1306 2998 1505 3085 probabilem
1537 3000 1655 3064 frustra
1689 3019 1781 3085 qnae

583 3112 707 3185 rimus,
740 3127 836 3191 quare
867 3104 1029 3191 (lopaeus,
1062 3126 1159 3190 quare
1191 3106 1434 3192 Acraephiensis
1463 3110 1497 3170 in
1522 3107 1581 3171 boc
1606 3104 1702 3170 titulo
1726 3106 1782 3171 Or-

583 3213 753 3279 chomenio
785 3218 966 3289 occurrant,
996 3232 1092 3296 quare
1117 3212 1308 3277 Orchomeni
1331 3215 1364 3275 in
1388 3213 1467 3278 urbe
1490 3211 1677 3298 catalogum
1699 3214 1781 3299 ipso

582 3340 660 3383 rum
684 3318 901 3382 dedicaverint
925 3319 1049 3402 equites
1072 3316 1214 3382 Boeotiei
1237 3320 1361 3394 cuncti,
1382 3320 1438 3402 qui
1457 3339 1538 3383 anno
1559 3316 1624 3383 329
1646 3339 1684 3382 ex
1704 3318 1782 3383 Asia

583 3425 743 3491 redierant
751 3444 759 3500 ;
784 3425 829 3487 sic
853 3429 960 3487 tamen
984 3444 1052 3487 rem
1077 3444 1144 3487 sese
1169 3422 1335 3501 habuisse,
1360 3445 1423 3489 non
1447 3422 1531 3488 solos
1554 3423 1781 3489 Orchomenios

583 3532 785 3605 enumerari,
820 3528 1011 3593 credendum
1043 3535 1106 3606 est,
1139 3531 1202 3593 nisi
1226 3529 1307 3594 forte
1332 3528 1433 3594 altera
1456 3531 1509 3594 vie
1533 3529 1779 3615 ingrediendum

583 3656 654 3701 esse
672 3637 849 3711 censueris,
869 3634 1101 3719 polemarchos,
1119 3638 1153 3698 in
1173 3635 1422 3720 praefationibus
1436 3634 1606 3700 titulorum
1617 3633 1778 3714 laudatos,

586 3748 719 3807 Βοιωτῶν
739 3740 839 3805 fuisse
858 3742 1055 3815 συμπάντων.
1079 3739 1199 3805 Verum
1219 3747 1292 3805 utro
1312 3744 1461 3818 verteris,
1483 3740 1652 3806 difficultas
1672 3740 1780 3825 alique

583 3852 745 3925 remanet,
770 3866 866 3930 quem
890 3844 1016 3911 facilius
1039 3845 1143 3931 digito
1168 3846 1397 3910 monstraveris
1416 3866 1512 3929 quam
1530 3867 1659 3931 prorsus
1679 3844 1783 3911 elimi-

583 3973 722 4018 navens.

631 4165 702 4229 Hac
730 4164 954 4247 disquisitione
978 4163 1017 4228 ed
1041 4162 1137 4226 fine'm
1162 4164 1314 4247 perducta
1338 4166 1403 4228 iam
1427 4167 1628 4228 revertamur
1651 4164 1691 4229 ad
1714 4167 1783 4230 eins

584 4272 764 4354 originem,
789 4268 828 4333 ad
851 4271 1091 4353 inscriptionem
1115 4265 1296 4333 resino.
1319 4266 1418 4334 2716.
1443 4267 1541 4333 Nullo
1561 4275 1646 4334 certo
1664 4270 1782 4333 indicio

583 4380 674 4441 nisus
704 4375 932 4459 Dittenberger
965 4378 1137 4459 praeeunte
1169 4372 1363 4439 Holleeuxio
1395 4374 1501 4439 medio
1533 4374 1658 4440 saeculo
1686 4376 1782 4440 tertio

584 4504 657 4548 eam
680 4483 869 4566 assignarit.
894 4480 988 4545 Nunc
1013 4487 1123 4545 autem
1147 4487 1297 4565 apparet,
1316 4483 1528 4565 antiquiorem
1548 4479 1685 4545 titulum
1702 4501 1781 4547 esse.

582 4589 670 4654 Nam
701 4584 772 4652 les
799 4586 815 4649 1
848 4606 898 4650 no.
925 4583 1024 4662 3206,
1059 4585 1223 4672 catalogus
1254 4584 1310 4650 ille
1341 4588 1505 4670 equitum,
1530 4589 1585 4671 qui
1608 4585 1782 4652 Alexandri

580 4695 746 4760 fortunam
777 4694 812 4755 in
845 4692 921 4756 Asia
944 4693 1046 4756 secuti
1071 4698 1178 4769 erant,
1203 4693 1435 4775 pretiosissima
1458 4694 1623 4777 inscriptio
1647 4692 1706 4757 hoc
1728 4712 1781 4757 no

583 4801 672 4863 mine
692 4800 860 4883 praecipue
880 4798 970 4862 nobis
990 4803 1056 4874 est,
1078 4796 1162 4881 quod
1182 4800 1267 4861 inter
1286 4818 1403 4882 pancas
1423 4797 1497 4862 illas
1516 4805 1580 4876 est,
1600 4800 1633 4862 in
1650 4798 1781 4864 Boeotia

583 4909 742 4989 repertas,
779 4923 915 4987 quarum
950 4911 1036 4968 aetas
1072 4909 1217 4967 accurate
1252 4906 1399 4988 cognosci
1434 4911 1550 4988 potest.
1585 4905 1679 4968 Anno
1715 4903 1780 4970 329
