5125 6150
1205 844 1360 891 casuros.
1810 830 1872 896 361

689 1011 731 1068 ut
752 1026 818 1091 cap.
840 1004 917 1069 XIII
938 1005 1082 1071 Platonis
1104 1006 1210 1072 locum
1235 1030 1272 1072 ex
1292 1008 1457 1074 Phaedone
1477 1009 1633 1074 relaturus
1653 1014 1698 1077 ita
1716 1010 1873 1097 loquitur:

689 1113 728 1176 τὸ
753 1113 817 1190 γὰρ
840 1113 884 1188 μδ
909 1113 1106 1177 δεδουλῶσθαι
1129 1114 1217 1192 σαρκὶ
1242 1116 1294 1179 καὶ
1319 1124 1380 1187 τοῖς
1405 1116 1514 1180 πάθεσι
1539 1117 1655 1191 ταύτης
1679 1117 1796 1194 διάγειν
1820 1121 1873 1202 ὑφ’

687 1217 729 1284 ὧν
755 1220 995 1296 κατασπώμενος
1020 1222 1033 1285 ὃ
1057 1225 1120 1292 νοῦς
1145 1229 1199 1295 τῆς
1224 1223 1330 1295 θνητῆς
1354 1222 1603 1299 ἀναπίμπλαται
1628 1226 1795 1304 Canopica.

741 1326 771 1390 3.
797 1325 864 1391 Iam
888 1330 996 1412 paucis
1019 1349 1070 1392 me
1094 1331 1252 1394 continere
1276 1328 1385 1394 licebit
1406 1333 1439 1394 in
1464 1330 1593 1395 dicendo
1617 1330 1655 1396 de
1677 1334 1771 1397 tertio
1792 1333 1874 1417 quod

690 1455 733 1498 ex
764 1430 924 1498 Crantoris
954 1432 1062 1498 libello
1093 1435 1227 1499 refertur
1259 1436 1439 1522 fragmento
1462 1458 1529 1522 cap.
1553 1436 1627 1501 XIV
1649 1437 1687 1503 de
1710 1437 1874 1525 Euthynoi

692 1538 769 1603 Itali
799 1541 881 1604 mira
905 1542 1045 1605 historia.
1071 1539 1242 1605 Versamur
1266 1563 1302 1605 eo
1326 1544 1427 1627 capite
1450 1546 1484 1606 in
1507 1542 1575 1608 loco
1599 1541 1874 1610 Consolationibns

689 1646 841 1711 omnibus
875 1649 1054 1722 communi,
1090 1668 1204 1732 nempe
1239 1653 1376 1712 mortem
1410 1654 1569 1713 maturam
1600 1649 1706 1734 probis
1736 1650 1805 1715 dari
1835 1652 1873 1717 ab

688 1751 932 1816 immortalibus
963 1754 1014 1830 (cf.
1048 1754 1179 1819 Axioch.
1206 1752 1257 1817 VI.
1282 1752 1374 1819 Tusc.
1399 1753 1424 1817 I.
1451 1754 1539 1833 113),
1568 1754 1774 1841 exemplaque
1797 1779 1872 1822 enu-

689 1864 858 1923 merantur
889 1879 968 1944 quae
998 1862 1031 1923 in
1063 1880 1098 1923 ea
1129 1882 1161 1924 re
1185 1860 1287 1924 solent
1310 1863 1499 1925 enumerari.
1522 1858 1609 1926 Haec
1631 1882 1715 1926 nunc
1737 1865 1872 1947 pessime

686 1968 879 2049 interposita
910 1988 977 2030 esse
1005 1967 1230 2051 disputationi,
1255 1986 1335 2051 qnae
1358 1969 1391 2030 in
1414 1964 1573 2032 Socratica
1596 1971 1872 2053 argumentatione

688 2078 847 2150 versatur,
872 2073 906 2136 id
929 2072 1011 2136 nihil
1032 2072 1071 2137 ad
1093 2094 1159 2137 nos.
1184 2072 1245 2137 Sed
1269 2072 1349 2138 duae
1372 2078 1449 2136 sunt
1471 2094 1520 2137 res
1543 2093 1620 2157 quas
1644 2077 1723 2140 scire
1741 2077 1870 2153 attinet,

687 2182 852 2265 primum,
884 2201 962 2242 num
993 2180 1159 2243 historiam
1192 2179 1357 2264 Euthynoi
1386 2186 1496 2265 (quam
1523 2177 1669 2246 Crantori
1691 2181 1798 2246 deberi
1820 2202 1872 2268 ap
1942 2257 1945 2263 ¹

685 2291 781 2372 paret
804 2306 843 2350 ex
867 2284 957 2350 Tusa.
983 2285 1007 2349 l.
1034 2285 1085 2350 48.
1101 2285 1179 2363 115)
1204 2288 1283 2370 ipsis
1306 2323 1348 2333 —
1372 2289 1422 2350 uti
1447 2286 1611 2370 perhibent
1634 2289 1696 2351 viri
1721 2287 1804 2352 docti
1828 2326 1869 2335 -

687 2390 852 2459 Crantoris
874 2393 978 2456 verbis
1003 2397 1127 2456 enarret
1150 2394 1298 2477 scriptor;
1325 2392 1436 2456 deinde
1455 2413 1532 2456 num
1551 2395 1666 2458 merito
1684 2393 1883 2458 contendant.

686 2498 828 2563 editores
858 2505 961 2563 cetera
992 2519 1115 2584 quoque
1147 2519 1227 2582 quae
1258 2497 1432 2562 afferuntur
1454 2498 1615 2584 exempla,
1640 2495 1799 2564 CleobIdis
1820 2499 1871 2564 Bi-

687 2608 854 2690 tonisque,
880 2604 1053 2690 Agamedis
1076 2626 1111 2669 ac
1134 2602 1324 2689 Trophonii,
1348 2604 1495 2682 Pindari,
1519 2627 1557 2669 ex
1581 2603 1740 2671 Crantoris
1760 2604 1869 2671 libello

686 2713 805 2776 hausta
835 2732 911 2775 esse.
947 2710 1032 2789 Quae
1056 2713 1256 2794 quaestiones
1279 2719 1364 2776 arcte
1387 2711 1570 2788 cohaerent;
1596 2732 1669 2776 nam
1692 2713 1719 2775 si
1742 2718 1871 2796 apparet

685 2825 793 2882 cetera
824 2837 842 2880 a
873 2819 1022 2902 scriptore
1054 2838 1116 2881 non
1147 2837 1214 2881 esse
1246 2816 1414 2902 desumpta
1445 2839 1482 2882 ex
1514 2821 1583 2902 ipso
1615 2814 1780 2894 Crantore,
1803 2820 1869 2882 iam
1979 2876 1982 2880 .

688 2925 791 2988 oritur
822 2924 977 3007 suspicio,
1009 2943 1047 2986 ne
1078 2922 1243 3007 Euthynoi
1266 2923 1396 3007 quidem
1422 2924 1587 2987 blatoriam
1610 2944 1649 2987 ex
1672 2925 1739 3008 ipso
1761 2921 1870 2988 libello

690 3031 755 3107 περὶ
788 3026 909 3099 πένθους
933 3029 971 3093 ab
995 3051 1031 3094 eo
1055 3032 1247 3114 exscriptam
1270 3050 1347 3094 esse.
1371 3029 1412 3095 Et
1435 3049 1543 3095 revera
1566 3028 1669 3094 multa
1692 3037 1765 3095 sunt
1789 3051 1869 3116 qnae

687 3139 762 3202 huic
793 3139 933 3221 opinioni
968 3137 1083 3201 favent.
1126 3134 1234 3202 Cicero
1268 3138 1355 3200 enim
1389 3135 1479 3200 Tusc.
1517 3135 1540 3201 1.
1576 3134 1639 3199 113
1675 3135 1712 3199 de
1748 3137 1869 3221 Argiva

687 3243 848 3308 sacerdote
878 3243 984 3307 fabula
1015 3242 1130 3317 relata,
1163 3242 1266 3326 §114
1298 3241 1516 3327 Trophonium
1547 3248 1641 3326 atque
1672 3243 1868 3328 Agamedam

687 3357 859 3425 memorat,
894 3349 1006 3413 deinde
1038 3350 1075 3413 de
1106 3348 1213 3414 Sileno
1245 3347 1394 3413 fabellam
1416 3348 1514 3413 tradit
1537 3355 1647 3432 (quam
1671 3347 1784 3422 saltem
1806 3371 1869 3414 non

686 3478 726 3521 ex
750 3453 902 3522 Crantore
927 3455 980 3519 sed
1004 3476 1042 3519 er
1061 3457 1130 3539 ipso
1151 3454 1321 3519 Aristotele
1344 3455 1493 3519 exscribit
1511 3460 1620 3519 auctor
1639 3451 1869 3520 Consolationis

687 3585 714 3628 o.
736 3560 803 3636 27).
824 3600 865 3607 —
887 3560 970 3624 Turn
995 3582 1069 3626 vero
1094 3560 1198 3624 addito
1223 3560 1404 3646 fragmento
1428 3582 1466 3624 ex
1491 3557 1684 3645 Cresphonte
1707 3559 1868 3646 Euripidis

685 3673 734 3734 ita
764 3671 886 3754 pergit:
920 3668 1047 3744 „simile
1071 3666 1222 3752 quiddam
1243 3676 1291 3731 est
1314 3669 1346 3730 in
1372 3664 1593 3732 Consolatione
1617 3664 1813 3744 Crantoris'',
1837 3674 1868 3732 et

686 3777 833 3859 sequitur
852 3773 1018 3859 Euthynoi
1037 3774 1178 3837 historia.
1200 3771 1310 3836 Nonne
1329 3794 1367 3837 ex
1378 3775 1456 3857 ipsis
1468 3773 1574 3837 verbis
1585 3780 1728 3857 apparet,
1741 3792 1777 3837 ea
1788 3792 1868 3856 quae

684 3879 877 3967 praecedunt
907 3880 990 3964 apud
1023 3876 1206 3944 Ciceronem
1230 3900 1268 3943 er
1292 3877 1354 3943 alio
1377 3881 1528 3963 scriptore
1551 3881 1710 3964 originem
1734 3876 1868 3944 ducere?

686 3988 736 4051 Ex
759 3983 919 4071 quonam?
949 3985 1069 4049 Indicia
1093 3985 1188 4049 fontis
1212 4006 1272 4050 non
1297 3984 1420 4048 absunt.
1452 3984 1535 4049 Nam
1558 3985 1629 4048 sons
1651 3990 1698 4048 est
1719 3984 1805 4049 idem
1829 4006 1868 4049 ex

687 4114 751 4179 quo
783 4092 944 4156 Axiocbus
974 4113 1000 4155 c.
1026 4089 1069 4154 VI
1099 4090 1271 4155 derivatur.
1306 4088 1479 4177 Chrysippi
1511 4096 1558 4155 est
1588 4093 1740 4176 sapientia
1771 4111 1867 4176 quem

686 4199 814 4291 eosdem
837 4219 875 4263 ex
899 4196 1091 4282 Cresphonte
1115 4218 1227 4262 versus
1247 4195 1393 4261 laudasse
1414 4199 1562 4261 novimus
1582 4195 1681 4277 (Sext.
1702 4196 1791 4280 Pyrr.
1809 4195 1866 4262 III.

687 4304 890 4384 aaa-233).
917 4304 966 4368 Ex
989 4303 1100 4369 eodem
1125 4309 1232 4368 autem
1256 4307 1345 4368 fonte
1369 4302 1473 4368 Stoico
1496 4324 1554 4367 sua
1577 4302 1718 4367 hausisse
1741 4303 1868 4367 udatur

686 4416 823 4497 scriptor
851 4413 982 4497 ignotus
1015 4431 1109 4495 quern
1142 4431 1208 4494 cap.
1241 4409 1316 4474 XIV
1349 4409 1496 4474 exscribit
1519 4407 1787 4494 ps.-Plutarchns;
1813 4408 1867 4473 sed

685 4518 815 4586 aliunde
839 4539 967 4582 sumens
987 4516 1257 4581 narratiunculam
1277 4516 1316 4581 de
1335 4516 1507 4602 Euthynoo
1525 4536 1544 4580 a
1563 4513 1715 4581 Crantore
1733 4512 1866 4580 relatam

685 4628 783 4691 huius
807 4646 920 4689 nomen
944 4624 1058 4689 addere
1077 4622 1229 4709 neglexit.
1255 4622 1324 4702 Quo
1344 4624 1465 4687 factum
1485 4626 1587 4686 estut
1606 4619 1866 4706 ps.-Plutarchus,

682 4736 740 4820 qui
775 4731 954 4797 ostentandi
990 4751 1084 4795 causa
1114 4733 1243 4795 nomina
1273 4732 1465 4813 scriptorum
1496 4728 1632 4793 libenter
1661 4727 1766 4804 addit,
1800 4731 1866 4793 iam

684 4842 828 4915 nescius,
859 4841 987 4902 cuinam
1010 4836 1177 4902 deberetur
1200 4837 1276 4901 haec
1300 4835 1424 4913 fabella,
1450 4835 1556 4900 sileret
1578 4856 1690 4900 nomen
1713 4838 1865 4901 auctoris:

685 4949 729 5012 rol
749 4947 780 5011 δὲ
804 4945 871 5025 περὶ
896 4946 947 5011 τδν
967 4944 1091 5009 ”Isalca
1112 4942 1256 5012 Εὐθύνοον
1276 4943 1408 5007 τοιαῦτά
1426 4950 1529 5022 Φανι
1548 4942 1699 5020 γενέσθαι.
1720 4981 1762 4993 —-
1779 4942 1866 5010 Haec
