5125 6150
787 773 851 839 136
1279 789 1457 837 nonsaron.

785 957 907 1040 priseae
937 973 1065 1038 poeseos
1097 952 1199 1029 fetus,
1230 974 1305 1016 oum
1329 972 1367 1016 er
1392 955 1459 1016 seri
1482 958 1592 1036 poetae
1615 957 1763 1017 oontaotu
1788 991 1830 1003 -
1854 960 1893 1018 ut
1916 956 1980 1018 An·

787 1065 877 1123 taens
908 1080 925 1122 θ
955 1064 1057 1121 terrae
1088 1059 1202 1121 matris
1232 1059 1359 1141 gremio
1384 1095 1426 1105 -
1450 1078 1548 1121 novas
1580 1057 1690 1122 hausit
1719 1060 1809 1123 sires.
1841 1059 1978 1125 Poetam

786 1163 855 1227 dico
888 1168 1061 1227 nostratem
1091 1160 1293 1226 Vondelium.
1327 1159 1428 1227 Cuius
1453 1159 1622 1227 Gisbertue
1644 1183 1707 1226 van
1731 1164 1857 1229 Amstel
1880 1186 1978 1250 quam

785 1289 890 1353 presse
921 1275 1050 1332 vetusta
1081 1266 1227 1350 exempla
1257 1275 1411 1349 sequatur
1442 1267 1627 1351 tragoedia,
1655 1267 1748 1332 dolus
1776 1275 1884 1333 autem
1917 1292 1979 1355 quo

785 1376 911 1458 eapitur
933 1372 1210 1436 Amstelodamum
1243 1393 1339 1455 quam
1375 1375 1417 1436 sit
1449 1372 1566 1437 similis
1595 1393 1670 1436 eum
1702 1372 1817 1439 callido
1848 1374 1980 1441 oonsilio

786 1478 932 1542 militnm
954 1480 1010 1560 qui
1043 1477 1177 1540 Bredani
1209 1476 1404 1561 praesidinm
1436 1476 1634 1553 fefellerunt,
1666 1484 1737 1542 tum
1769 1500 1845 1544 vero
1875 1480 1981 1545 fraudi

785 1604 842 1668 per
875 1603 971 1666 quam
1006 1589 1190 1666 expugnata
1224 1587 1273 1645 est
1308 1581 1420 1659 Troia,
1456 1584 1540 1646 inter
1571 1581 1742 1666 populares
1774 1592 1860 1649 certe
1890 1607 1980 1650 meos

784 1690 908 1771 notiora
930 1694 1006 1751 sunt
1029 1707 1065 1750 ea
1088 1688 1196 1750 omnia
1219 1706 1317 1768 quam
1341 1707 1421 1770 quae
1440 1687 1543 1750 fusius
1563 1708 1646 1751 nuno
1665 1696 1873 1772 exponantur.
1898 1689 1981 1769 Quo-

786 1793 879 1858 modo
911 1797 1018 1856 autem
1049 1797 1182 1856 vocatur
1212 1791 1354 1856 hostium
1387 1790 1444 1855 illa
1474 1794 1584 1870 navis,
1620 1813 1701 1876 quae
1733 1791 1875 1859 Gisberti
1906 1797 1980 1860 urbi

785 1901 959 1984 perniciem
979 1894 1109 1960 intulit?
1129 1898 1246 1979 Equam
1268 1898 1415 1960 morino-m
1438 1897 1535 1961 habet
1558 1918 1690 1975 nomon,
1716 1900 1766 1961 hes
1786 1899 1954 1981 Zeepoordl

831 2002 879 2065 En
910 2007 1019 2066 renata
1050 2004 1122 2065 aevi
1146 2004 1267 2065 vetusti
1290 2004 1400 2087 imago
1425 2004 1546 2079 ἀρχαίῳ
1570 2003 1716 2081 σχήματι
1740 2003 1893 2081 assumet!
1929 2005 1978 2068 En

785 2110 911 2186 δούρειος
941 2106 1033 2177 ἵππος
1064 2109 1098 2169 in
1130 2108 1267 2191 pristina
1297 2109 1369 2170 iura
1399 2113 1567 2171 revocatus
1599 2107 1764 2191 denuoque
1796 2108 1900 2173 faetus
1922 2108 1978 2174 ille

785 2214 841 2297 qni
872 2212 975 2275 fuerat
1005 2209 1082 2275 olim
1115 2209 1209 2281 ἵππος
1239 2210 1333 2288 riade,
1365 2211 1508 2296 Neptuni
1539 2233 1640 2296 equus
1671 2212 1796 2277 hostem
1820 2217 1977 2280 viatorem

784 2317 925 2382 afferens.
957 2315 1039 2395 Quid
1071 2315 1156 2399 qnod
1187 2317 1249 2399 ipsi
1279 2315 1391 2379 Sinoni
1416 2351 1458 2364 -
1479 2315 1684 2381 Vosmarium
1706 2317 1775 2382 dieo
1799 2318 1977 2403 speculato-

784 2444 853 2487 rem
877 2458 919 2470 -
944 2442 1036 2485 suam
1067 2421 1186 2497 facem,
1211 2440 1273 2505 qua
1297 2419 1460 2506 Vergilius
1485 2421 1570 2504 qnod
1595 2422 1711 2487 faceret
1733 2444 1796 2488 non
1820 2423 1976 2502 habebat,

785 2526 924 2591 reddidit
952 2524 1144 2589 Vondelius:
1177 2525 1216 2589 ad
1244 2546 1350 2589 arcem
1375 2525 1722 2592 Amstelaedamensem
1746 2529 1976 2594 incendendam

785 2653 822 2697 ea
845 2634 949 2696 utitur
971 2630 1069 2694 homo
1093 2628 1327 2695 fraudulentus.

920 2734 1012 2799 Alter
1032 2735 1122 2799 adest
1144 2737 1210 2799 iam
1234 2734 1359 2820 Tiphys
1382 2742 1414 2800 et
1438 2736 1538 2800 altera
1561 2757 1641 2820 quae
1664 2738 1754 2801 vehit
1775 2738 1862 2823 Argo

921 2841 1058 2906 delectos
1081 2841 1211 2918 heroas,

784 2946 928 3012 dieamus
950 2944 1042 3023 lieet,
1067 2951 1179 3030 poetae
1203 2945 1340 3010 Romani
1363 2947 1469 3011 verbis
1488 2945 1604 3011 leviter
1624 2950 1759 3012 mutatis
1779 2951 1839 3013 usi.
1864 2949 1976 3032 Equus

785 3052 940 3118 'l'roianus
971 3056 1021 3116 est
1050 3054 1127 3131 Arno
1151 3050 1267 3127 altera,
1293 3048 1344 3115 vel
1368 3054 1475 3135 potius
1499 3054 1577 3132 Argo
1595 3052 1684 3132 prior
1699 3051 1732 3132 ¹),
1757 3059 1805 3117 est
1829 3054 1846 3126 ἡ
1870 3056 1901 3119 ἐν
1926 3056 1977 3117 sat-

785 3181 873 3222 παισι
910 3159 1024 3229 Πηλίου
1060 3157 1212 3232 τμηθεῖσα
1249 3154 1346 3229 πεύκη
1360 3153 1397 3234 ⁹),
1433 3175 1513 3239 quae
1549 3157 1630 3241 Argi
1666 3156 1824 3243 Pelasgioi
1854 3159 1976 3225 incolas

785 3264 923 3347 Argivos
953 3262 1006 3325 vel
1035 3262 1177 3325 Achaeos
1209 3259 1260 3324 vel
1291 3260 1512 3346 Myrmidonas
1544 3261 1596 3325 vel
1628 3263 1910 3349 quomodocunque
1941 3268 1975 3328 in

785 3368 978 3433 carminibus
1007 3368 1238 3449 antiquissimis
1260 3364 1413 3449 appellati
1437 3365 1575 3440 fuerint,
1598 3364 1703 3430 laudis
1727 3389 1887 3452 opumque
1911 3372 1977 3434 avi·

785 3473 840 3537 dos
872 3475 960 3536 vexit
991 3492 1102 3535 versus
1131 3473 1286 3536 orientem
1316 3469 1426 3543 illum,
1452 3473 1507 3554 qui
1529 3471 1659 3535 Iasonas
1683 3471 1760 3536 olim
1786 3474 1976 3559 Atridasque

784 3576 886 3641 nihilo
925 3579 1055 3661 segnius
1093 3574 1203 3639 ahexit
1239 3595 1336 3659 quam
1368 3582 1477 3659 postea
1506 3575 1674 3660 Agesilaus
1705 3583 1738 3640 et
1768 3577 1974 3644 Alexandros.

784 3682 842 3746 Est
864 3684 953 3745 navis
976 3680 1105 3745 heroem
1131 3678 1319 3744 bellicosum
1339 3700 1394 3763 per
1413 3679 1513 3743 undas
1533 3680 1710 3764 Neptunias
1730 3682 1864 3759 vehens,
1878 3705 1975 3767 quam

784 3786 1027 3851 eircumsnltant
1058 3785 1226 3860 Nereides,
1262 3785 1352 3848 dnoit
1385 3783 1528 3848 Tritonia
1564 3793 1748 3857 Γλαυκῶπις
1783 3789 1975 3866 Ἀτρυτώνη,

783 3913 910 3978 proram
945 3898 1053 3955 autem
1086 3896 1172 3954 tenet
1202 3887 1342 3954 thilles
1373 3888 1455 3953 flava
1487 3889 1562 3953 deae
1593 3890 1724 3955 soboles.
1757 3890 1850 3956 Solus
1863 3891 1888 3972 ³)
1919 3900 1977 3958 aut

797 4090 992 4105 ——.-—-

819 4225 846 4289 1)
869 4221 1011 4273 Nominibus
1033 4220 1124 4270 Iasosi
1146 4223 1169 4268 et
1193 4221 1283 4268 [soleo
1299 4219 1401 4268 indicari
1418 4219 1519 4267 leonum
1536 4222 1639 4281 gentem,
1656 4218 1732 4283 ipsam
1749 4218 1824 4283 igitur
1841 4218 1935 4270 Ionism
1953 4226 1978 4271 et

783 4305 917 4356 recentiore
933 4318 1028 4369 poeseos
1045 4301 1124 4365 spicae
1140 4304 1264 4364 tempore,
1281 4299 1345 4348 hsnd
1364 4303 1454 4348 tenere
1471 4301 1498 4347 nt
1515 4297 1621 4346 arbitror
1638 4299 1759 4348 ststneris.

818 4388 846 4450 2)
867 4387 897 4435 Ιιι
921 4384 1025 4434 transitu
1049 4383 1088 4432 hio
1110 4382 1317 4431 commemorande
1334 4385 1369 4429 est
1387 4380 1464 4428 slters
1480 4379 1523 4427 ills
1540 4379 1604 4429 Pels‘s'
1621 4381 1691 4428 arbor
1708 4382 1743 4429 ad
1761 4381 1843 4430 liniae
1858 4382 1975 4431 excidisss

780 4467 889 4531 fatalis,
912 4482 983 4529 quam
1004 4464 1095 4513 chiron
1120 4465 1177 4512 deus
1200 4466 1327 4511 montanus
1344 4464 1406 4510 dono
1423 4461 1488 4510 dedit
1508 4461 1587 4510 Peleo.
1605 4461 1659 4509 Ηοο
1676 4477 1769 4525 quoque
1787 4462 1834 4511 fnit
1850 4462 1909 4524 δόρυ
1927 4471 1978 4519 ns·

785 4546 860 4604 Λῆιον.
884 4549 951 4611 Quae
972 4545 1084 4595 notabilis
1106 4545 1212 4609 profecto
1234 4546 1269 4593 est
1293 4543 1416 4606 analogia,
1434 4543 1459 4590 in
1478 4542 1521 4590 heo
1539 4546 1619 4590 tamen
1636 4542 1797 4607 disputatione
1815 4543 1854 4592 six
1872 4545 1893 4592 ai
1909 4545 1976 4594 locus

784 4634 831 4687 αις
857 4629 902 4676 nisi
925 4627 978 4691 quis
999 4627 1061 4676 susit
1082 4626 1212 4691 suspicari,
1234 4641 1282 4675 non
1304 4627 1426 4674 Peliadum
1443 4624 1538 4672 hastam
1555 4624 1595 4670 sed
1613 4623 1680 4672 mois
1696 4625 1801 4673 cansam
1817 4641 1846 4673 es
1863 4624 1976 4675 Chironis

782 4710 826 4759 illo
841 4710 903 4758 dono
920 4707 1032 4773 primitus
1048 4709 1119 4758 tuisse
1135 4708 1275 4756 oonteetsm.
1294 4705 1343 4770 Ago
1361 4706 1390 4754 sd
1407 4704 1638 4767 argumentationem
1655 4702 1820 4754 stabiliendsm
1835 4707 1907 4755 meris
1921 4724 1978 4758 oon·

783 4791 881 4841 ieetnris
899 4806 946 4840 non
965 4794 1028 4838 utar.

818 4874 845 4937 8)
863 4873 932 4922 Pind.
950 4872 1020 4921 Nem.
1038 4870 1079 4919 111
1097 4874 1137 4928 tt,
1155 4870 1188 4919 IV
1208 4873 1307 4934 tesqq„
1325 4869 1410 4918 Isthm.
1429 4866 1574 4929 v111(v11)
1592 4869 1631 4920 87.
