5125 6150
801 782 846 850 98
865 810 868 817 ·
1302 802 1471 851 1111111111.

800 963 925 1030 Fierine
943 970 1048 1050 potest
1067 971 1104 1029 ut
1123 966 1181 1030 hoo
1199 967 1307 1050 ipsum
1325 964 1503 1030 Florentiae
1521 966 1557 1029 in
1575 963 1679 1030 codiee
1690 960 1837 1050 legatur?
1859 962 1979 1049 Operae

801 1073 941 1155 pretium
963 1074 1024 1136 erit
1045 1070 1213 1156 aliquando
1235 1069 1342 1135 locum
1366 1070 1515 1135 eonferre.
1816 1072 1819 1076 ’

845 1177 914 1241 lam
945 1179 1095 1262 qnoniam
1124 1182 1245 1241 constat
1276 1182 1383 1242 tenere
1406 1198 1465 1241 nos
1487 1173 1667 1242 Charitonis
1690 1183 1816 1241 textum
1840 1174 1980 1240 decurta-

801 1289 890 1361 tum,
921 1304 984 1347 non
1014 1281 1154 1347 alienum
1185 1284 1245 1347 erit
1275 1281 1436 1348 attendere
1467 1282 1506 1347 ad
1536 1305 1567 1368 p.
1595 1282 1669 1347 134.
1682 1281 1735 1359 29,
1766 1281 1804 1347 de
1827 1302 1888 1368 quo
1910 1280 1979 1346 loeo

801 1388 940 1457 Cobetus
969 1392 1015 1453 ita
1045 1387 1186 1473 disputat
1215 1388 1326 1452 Maera.
1357 1387 1443 1453 1859
1467 1410 1498 1473 p.
1522 1386 1606 1453 298:
1637 1387 1695 1465 „ln
1717 1391 1787 1473 ipsa
1808 1390 1854 1452 rei
1876 1406 1980 1451 narra-

799 1499 884 1562 tione
912 1516 1029 1582 magna
1051 1501 1100 1560 est
1121 1495 1261 1560 confusio
1283 1516 1340 1560 neo
1363 1498 1439 1560 satis
1462 1494 1539 1581 quid
1562 1504 1676 1582 agatur
1698 1496 1815 1581 ubique
1838 1501 1979 1579 apparet.

800 1600 1045 1670 Confundnntur
1074 1603 1185 1687 regina
1214 1600 1385 1666 Persarum
1416 1606 1449 1666 et
1478 1599 1654 1668 Callirrhoe
1685 1607 1717 1667 et
1740 1600 1802 1666 alia
1825 1599 1979 1685 quaedem

799 1707 953 1793 impedite
985 1706 1092 1772 sunt.’'
1125 1706 1824 1795 11111111111311111111101111111111
1846 1706 1978 1782 1111111,

798 1835 829 1900 p.
854 1813 929 1893 488,
954 1820 986 1879 11
1008 1812 1165 1901 signifieat
1189 1834 1222 1878 se
1245 1812 1379 1878 libenter
1402 1816 1492 1898 sequi
1514 1812 1677 1900 Hilbergii
1698 1816 1900 1899 opinionem,
1923 1812 1980 1896 qui

800 1920 947 2001 Philoloy.
972 1917 1059 1986 1874
1083 1941 1114 2004 p.
1143 1917 1208 1984 696
1236 1919 1468 1984 demonstravit
1490 1940 1587 1984 unam
1610 1918 1805 2005 alteramque
1827 1920 1979 2004 paginam

798 2026 1007 2105 intercidisse;
1031 2047 1133 2111 neque
1155 2026 1214 2090 hoo
1237 2028 1306 2091 veri
1330 2025 1484 2092 dissimile
1504 2034 1551 2092 111
1569 2029 1711 2111 itemque
1730 2027 1799 2091 fieri
1818 2027 1924 2111 potnit
1941 2028 1980 2087 11

798 2134 898 2198 nimio
918 2132 1010 2218 plura
1028 2131 1234 2218 neglegenter
1253 2138 1372 2196 reseota
1391 2133 1456 2196 sint
1475 2132 1514 2197 ab
1533 2153 1570 2196 eo
1590 2134 1646 2218 qui
1663 2135 1841 2219 genuinum
1854 2135 1978 2195 textum

799 2238 1054 2324 oompendifeoit;
1079 2243 1127 2302 est
1148 2243 1232 2302 oerte
1249 2236 1302 2303 hie
1321 2239 1478 2323 septimus
1495 2237 1576 2303 liber
1595 2241 1740 2303 omnium
1759 2238 1977 2303 brevissimus.

798 2344 890 2410 Nune
917 2352 1026 2409 autem
1056 2365 1157 2429 quum
1186 2350 1270 2408 oerto
1293 2346 1410 2409 1111111
1433 2346 1571 2409 sciamus
1592 2343 1742 2409 mutilem
1764 2364 1831 2415 esse
1853 2341 1980 2407 Floren-

798 2452 900 2516 tinem
924 2448 1103 2517 Charitonia
1125 2452 1356 2528 recensionem,
1379 2449 1501 2536 aliquid
1524 2449 1671 2536 ponderis
1694 2449 1814 2517 aceedit
1835 2451 1876 2514 iis
1899 2468 1978 2534 quae

798 2558 976 2642 suspicatus
1012 2577 1085 2621 sum
1119 2556 1230 2619 Meam.
1266 2555 1353 2623 1878
1382 2579 1413 2642 p.
1445 2555 1522 2621 213.
1553 2556 1730 2622 haederam
1762 2579 1793 2642 p.
1827 2553 1901 2620 156.
1917 2555 1977 2619 14:

799 2662 1020 2728 ἐλεύσεται
1044 2662 1096 2726 aul
1120 2660 1332 2734 deterritos
1356 2661 1528 2740 lk'loelar
1552 2662 1762 2741 1111111111·
1787 2660 1855 2740 ἄξει
1879 2661 1903 2724 δ’
1926 2661 1979 2724 αὐ-

797 2767 848 2832 rie
878 2768 892 2831 1
924 2768 1142 2848 Ἑρμοκράτους
1175 2770 1319 2846 ἔγγονος·
1352 2767 1464 2834 deinde
1493 2789 1593 2855 quum
1621 2791 1684 2835 non
1713 2772 1790 2834 11111
1814 2775 1978 2854 appareret

797 2896 949 2960 quorsum
972 2896 1009 2941 ea
1031 2873 1187 2943 Chaereae
1209 2874 1248 2939 ed
1272 2874 1429 2960 populum
1452 2876 1549 2941 verba
1570 2878 1779 2961 pertinerent,
1809 2877 1922 2960 scripsi
1942 2894 1978 2939 ea

798 3003 933 3066 quorum
964 3003 1015 3046 me
1044 2980 1187 3046 nondum
1207 2983 1373 3066 poenitet:
1407 2980 1559 3061 „Quando
1588 2984 1695 3048 veniet
1724 2981 1897 3068 Syracusas
1920 2979 1979 3045 illa

796 3087 926 3154 11111111
956 3089 1079 3175 Nempe
1108 3097 1180 3174 post
1204 3109 1300 3154 annos
1324 3091 1498 3154 minimum
1522 3092 1660 3176 viginti,
1684 3097 1852 3174 postquam
1876 3088 1979 3154 adole

795 3199 879 3261 verit
909 3195 1056 3282 Dionysii
1086 3194 1208 3259 Milesii
1238 3193 1407 3272 alumnus,
1436 3194 1655 3260 Hermooratis
1686 3216 1791 3281 nepos.
1826 3195 1976 3259 Primum

795 3305 897 3389 igitur
930 3300 1144 3388 reponendum
1178 3322 1289 3366 censeo
1322 3299 1458 3380 1111111
1489 3324 1545 3387 pro
1578 3303 1736 3381 ὑμέτερος,
1768 3322 1843 3366 nam
1874 3298 1976 3378 ὕςερον

795 3430 892 3494 paene
911 3411 1122 3474 necessarium
1141 3414 1189 3473 est
1207 3406 1320 3473 addere
1339 3415 1372 3473 et
1392 3407 1532 3488 ὑμὲτερος
1552 3408 1782 3494 propemodum
1803 3407 1975 3471 absurdum
2005 3422 2008 3427 ’

795 3523 852 3581 111.
877 3515 996 3580 Deinde
1020 3537 1076 3600 pro
1100 3513 1260 3579 ἐλεύσεται
1285 3513 1426 3579 multum
1447 3514 1549 3581 melo:
1575 3517 1817 3580 πλεύσεται.
1841 3513 1976 3600 Legitur

795 3621 923 3707 quidem
953 3621 1098 3686 raedam
1128 3642 1159 3705 p.
1184 3619 1295 3686 44.17
1321 3627 1352 3684 11
1375 3620 1429 3685 48.
1443 3620 1503 3697 23;
1536 3620 1591 3685 sed
1613 3624 1733 3686 sineere
1756 3621 1859 3684 forme
1881 3619 1976 3684 πλεύ·

794 3730 899 3793 aeriae
931 3750 960 3813 p.
993 3728 1045 3792 41.
1060 3727 1102 3792 30
1134 3734 1166 3792 et
1198 3726 1251 3791 57.
1267 3726 1319 3791 16.
1356 3725 1421 3794 Cur
1451 3733 1559 3793 autem
1588 3726 1739 3794 Chariton
1763 3725 1919 3794 Chaereae
1942 3732 1975 3791 11

794 3832 986 3902 Callirrhoes
1016 3833 1154 3898 filiolum
1176 3833 1286 3898 Mileti
1309 3831 1460 3919 reliquit?
1482 3833 1589 3899 Mater
1611 3856 1685 3900 eum
1707 3855 1816 3899 seeum
1840 3834 1974 3897 duxerat

793 3940 990 4027 Babylonem
1014 3945 1046 4005 et
1068 3939 1187 4005 Stetira
1209 3943 1320 4025 regina
1339 3940 1494 4005 infantem
1511 3940 1647 4006 libenter
1660 3940 1786 4004 videbat
1805 3961 1835 4025 p.
1851 3938 1926 4003 146.
1941 3938 1971 4003 3.

792 4047 860 4114 Rex
889 4054 998 4112 autem
1029 4067 1135 4111 seeum
1166 4049 1264 4110 traxit
1295 4046 1333 4111 ad
1356 4045 1476 4111 bellum
1500 4048 1552 4111 eal
1576 4054 1728 4122 γυναῖκας
1752 4047 1804 4110 ael
1829 4045 1970 4123 elaea,

792 4160 830 4220 ut
859 4159 908 4219 eat
929 4176 960 4239 p.
988 4152 1062 4219 121.
1076 4152 1128 4217 21.
1165 4152 1275 4238 Itaque
1299 4152 1376 4216 urbe
1398 4152 1501 4217 Arado
1524 4159 1616 4237 eapte
1637 4155 1748 4217 statim
1771 4174 1845 4217 oum
1868 4157 1971 4216 matre

792 4261 874 4345 patri
907 4258 995 4324 reddi
1030 4264 1193 4344 potuerat,
1230 4257 1284 4321 sed
1320 4253 1471 4323 Chariton
1503 4257 1620 4322 maluit
1650 4280 1786 4344 puerum
1815 4257 1970 4343 Dionysio

791 4366 918 4430 Milesio
937 4356 1057 4431 tradere
1077 4362 1285 4430 educandum.
1305 4362 1382 4428 lluit
1400 4364 1532 4429 fortasse
1553 4385 1589 4429 ea
1609 4364 1646 4429 de
1666 4385 1698 4429 re
1716 4363 1836 4449 aliquid
1848 4363 1971 4427 dietum

790 4493 827 4537 ea
856 4474 989 4557 pagina.
1021 4492 1100 4555 quae
1130 4469 1304 4535 secundum
1335 4468 1496 4556 Hilbergii
1526 4473 1726 4535 verissimam
1758 4472 1971 4533 coniecturam

790 4578 908 4644 excidit
942 4585 1013 4661 post
1047 4598 1077 4661 p.
1112 4574 1185 4640 134.
1200 4574 1253 4639 28.
1286 4573 1403 4639 Videor
1436 4585 1543 4640 autem
1580 4577 1660 4639 mihi
1696 4573 1876 4659 intelligere
1914 4595 1970 4638 our

790 4682 940 4751 Chariton
975 4703 1041 4746 rem
1075 4685 1121 4747 ita
1155 4680 1281 4745 finxerit
1316 4681 1553 4765 depinxeritque
1589 4678 1786 4746 Callirrhoen
1816 4700 1970 4746 novercae

789 4809 884 4875 quam
915 4789 1027 4852 matris
1057 4785 1254 4851 similiorem.
1294 4785 1416 4871 Nempe
1440 4785 1524 4849 huno
1547 4783 1704 4852 Chaereae
1727 4785 1848 4861 filium,
1873 4789 1971 4870 quia

790 4903 876 4979 patre
905 4892 1054 4978 adoptivo
1084 4891 1233 4978 Dionysii
1261 4911 1375 4956 nomen
1406 4899 1516 4956 nactus
1547 4898 1631 4967 erat,
1658 4889 1810 4957 Chariton
1834 4891 1970 4958 eundem
