5125 6150
1087 803 1269 851 coeranus.
1706 786 1769 853 109

582 971 637 1055 qui
674 970 710 1032 in
745 966 862 1033 littaris
896 966 1036 1044 Latinis,
1072 967 1156 1053 apud
1191 967 1347 1034 Plautum
1379 974 1411 1033 et
1441 969 1636 1048 Terentium,
1668 978 1772 1036 exstat

584 1074 806 1161 significatum
839 1097 922 1151 veo,
948 1075 1089 1159 prffecto
1119 1077 1279 1160 perveniri
1310 1077 1423 1160 possit;
1457 1077 1495 1140 ab
1518 1077 1577 1141 hoc
1600 1083 1707 1142 autem
1732 1078 1771 1143 ad

585 1181 854 1268 significationem
886 1179 1112 1266 explicativam
1145 1186 1177 1246 et
1209 1180 1378 1258 causalem,
1412 1202 1492 1266 quae
1515 1182 1698 1247 florentibus
1721 1181 1773 1248 lit-

585 1290 662 1353 teris
691 1287 817 1351 Latinis
847 1294 915 1352 erat
938 1289 1049 1365 unica,
1076 1290 1127 1353 via
1148 1288 1233 1353 haud
1256 1296 1305 1353 est
1329 1289 1477 1366 obscura,
1502 1308 1577 1353 cum
1599 1288 1707 1353 eadem
1731 1293 1773 1354 sit

587 1415 634 1458 ex.
668 1415 719 1479 gr.
749 1395 781 1457 in
814 1389 1047 1459 Germanorum
1078 1391 1206 1480 lingua,
1241 1395 1296 1458 ubi
1318 1394 1359 1477 jc
1383 1414 1444 1457 non
1469 1399 1595 1458 tantum
1619 1394 1771 1474 affirmat,

588 1499 641 1565 sed
667 1501 767 1564 etiam
790 1520 917 1564 cansam
941 1507 973 1564 st
995 1501 1149 1565 rationem
1168 1498 1309 1576 ·indicat;
1335 1499 1375 1563 cf.
1399 1498 1495 1585 Angl.
1520 1499 1636 1564 indeed.

631 1605 746 1690 Neque
769 1627 787 1669 a
810 1605 1040 1692 significatione
1063 1625 1142 1691 quae
1167 1610 1215 1670 est
1238 1613 1275 1682 et,
1302 1612 1371 1682 tum,
1396 1605 1504 1669 doado
1526 1605 1565 1670 ad
1589 1627 1670 1684 eam,
1693 1628 1773 1692 quae

587 1715 747 1778 rationem
771 1732 962 1798 causamque
985 1714 1134 1790 continet,
1158 1714 1211 1777 via
1233 1718 1281 1776 est
1305 1712 1454 1789 obscura,
1478 1733 1552 1777 nam
1575 1712 1659 1797 apud
1679 1711 1774 1779 Grae·

589 1841 641 1884 cos
674 1819 744 1882 ἐπεί
754 1867 762 1894 ,
797 1818 881 1903 apud
913 1818 1043 1883 Latinos
1074 1819 1209 1902 quando,
1240 1840 1321 1894 cum,
1353 1817 1437 1903 apud
1469 1814 1643 1884 Germanos
1674 1820 1772 1897 dona,

589 1927 686 2000 dena,
718 1922 802 2009 apud
832 1928 988 1988 nostrates
1018 1930 1096 1986 want
1119 1924 1439 2003 (twon=coaacecr),
1462 1924 1577 2009 demist,
1601 1922 1702 1988 facilis
1726 1929 1775 1989 est

588 2032 739 2095 transitio
770 2050 788 2094 a
816 2035 959 2115 tempore
982 2030 1021 2095 ad
1044 2051 1189 2107 cansam;
1212 2030 1390 2095 humanum
1413 2037 1462 2095 est
1484 2029 1684 2096 concludere:
1704 2039 1775 2113 poet

586 2139 641 2200 icc
664 2157 743 2222 ergo
760 2144 885 2219 propter
909 2138 971 2201 loc.

631 2242 731 2309 Haud
765 2263 835 2308 raro
870 2243 907 2306 fit
940 2249 977 2308 ut
1008 2242 1088 2307 duae
1121 2241 1263 2307 diversas
1294 2242 1539 2329 significationes
1569 2246 1665 2308 unius
1688 2245 1774 2309 vecie

586 2349 688 2415 simul
724 2352 788 2414 sint
822 2352 854 2413 in
890 2370 969 2426 usu,
1006 2350 1089 2434 quod
1123 2351 1300 2435 superiores
1335 2352 1415 2414 istae
1447 2348 1621 2435 particulae
1654 2351 1773 2416 docent.

588 2456 697 2521 Possit
726 2458 830 2541 igitur
852 2455 928 2519 caim
951 2458 985 2519 in
1008 2477 1071 2520 nno
1094 2458 1245 2542 scriptore
1269 2456 1365 2520 modo
1389 2476 1455 2521 esse
1477 2455 1633 2540 particula
1656 2478 1776 2523 asseve-

588 2584 680 2639 rans,
714 2561 809 2626 modo
842 2561 993 2639 causalis,
1023 2564 1069 2626 ita
1100 2582 1175 2627 vero
1206 2567 1243 2625 ut
1266 2561 1456 2646 significatio
1480 2564 1547 2627 sive
1571 2584 1588 2627 6
1611 2565 1717 2648 positu
1740 2567 1774 2627 in

589 2670 768 2745 enuntiato,
803 2671 871 2733 sive
905 2690 922 2733 6
956 2689 1040 2733 nexn
1075 2666 1167 2733 facile
1201 2674 1379 2752 appareat,
1415 2674 1452 2732 ut
1483 2668 1519 2732 fit
1548 2670 1604 2734 nbi
1634 2681 1775 2735 666661

589 2776 709 2859 quande
743 2773 837 2839 modo
866 2781 915 2838 est
944 2772 1100 2859 particula
1123 2771 1320 2858 temporalis,
1344 2772 1436 2839 modo
1461 2773 1605 2839 causalis.
1630 2774 1675 2840 Re
1699 2797 1774 2841 vera

588 2890 698 2946 tamen
724 2900 774 2944 res
796 2883 841 2944 ita
865 2901 899 2945 se
921 2902 985 2944 non
1008 2880 1112 2945 habet.

633 2986 670 3050 In
702 2989 933 3071 antiquissimis
964 2987 1188 3071 scriptoribus,
1220 2985 1375 3050 Plautum
1408 2985 1476 3051 dico
1507 2991 1539 3050 et
1571 2985 1771 3065 Terentium,

588 3094 667 3157 enim
691 3114 855 3179 nunquam
878 3100 926 3158 est
949 3092 1105 3178 particula
1128 3114 1214 3158 mere
1238 3091 1390 3168 causalis,
1410 3099 1458 3157 cst
1478 3113 1676 3171 asseverans,
1696 3094 1775 3158 affir-

589 3220 683 3265 mans
699 3198 735 3279 ¹).

636 3307 779 3371 Naevius
811 3304 910 3371 semel
939 3326 1016 3369 nsua
1047 3310 1095 3370 est
1124 3308 1158 3369 in
1181 3306 1392 3390 [fragmentis
1420 3326 1498 3390 quae
1522 3310 1656 3383 exstant,
1681 3326 1774 3371 sensu

590 3412 763 3478 affirmanti
786 3419 819 3474 at
837 3414 914 3475 caim
937 3412 975 3476 ir.
1001 3410 1053 3476 59.
1084 3412 1275 3477 Asseverans
1299 3414 1395 3476 etiam
1421 3418 1469 3476 est
1491 3409 1774 3496 apud'Caecilium

592 3518 735 3584 Statium
767 3518 820 3581 irr.
857 3516 929 3582 119.
962 3517 1039 3594 230,
1072 3517 1148 3582 246.
1184 3516 1351 3582 Ribbeckii
1382 3519 1560 3583 coniectura
1583 3519 1622 3583 ad
1646 3519 1683 3584 fr.
1709 3517 1774 3585 273

591 3646 657 3690 non
680 3631 728 3688 est
752 3623 934 3709 probabilis.

637 3729 761 3794 Ennius
784 3750 854 3794 raro
878 3732 982 3794 utitur
1004 3730 1063 3794 hac
1087 3729 1252 3814 particula.
1277 3731 1359 3794 Ann.
1385 3728 1449 3794 287
1473 3729 1534 3808 (ed.
1558 3730 1594 3795 L.
1619 3729 1773 3810 Mueller;

592 3834 660 3904 Cio.
686 3833 764 3902 (lato
788 3857 832 3899 m.
856 3835 941 3920 510,
966 3835 1004 3901 de
1028 3834 1086 3900 Off.
1112 3835 1141 3914 1,
1155 3834 1211 3916 84)
1242 3838 1275 3899 in
1301 3836 1447 3900 omnibus
1471 3836 1632 3901 codicibus
1655 3837 1775 3924 legitur

593 3966 652 4007 aaa
683 3942 777 4019 enim,
810 3941 893 4028 quod
924 3942 1064 4019 Lachm,
1096 3964 1191 4028 quem
1221 3942 1284 4007 fere
1308 3964 1417 4007 omnes
1441 3945 1541 4007 secuti
1564 3953 1655 4021 sunt,
1679 3948 1775 4009 metri

592 4071 689 4115 eausa
712 4051 852 4113 mutavit
879 4052 913 4113 in
936 4054 1105 4128 noenu(m);
1129 4049 1288 4114 Baehrens
1311 4070 1385 4113 vero
1410 4048 1551 4135 (Fragm.
1576 4056 1658 4134 poet.
1682 4049 1773 4117 Rem.

592 4176 666 4241 pag.
694 4154 736 4219 86
767 4154 804 4218 fr.
832 4153 909 4235 191)
940 4156 1079 4219 servavit
1109 4176 1168 4218 non
1199 4155 1291 4233 enim,
1316 4153 1399 4240 quod
1422 4154 1489 4241 legi
1512 4155 1600 4220 iubet
1623 4178 1682 4219 noc
1716 4157 1774 4219 eni.

591 4263 627 4327 Si
659 4262 735 4325 enim
766 4266 850 4326 recte
882 4283 915 4326 se
945 4262 1073 4326 haberet
1104 4262 1163 4326 hoc
1193 4260 1277 4338 loco,
1303 4265 1370 4326 sins
1394 4261 1490 4325 dubio
1515 4268 1597 4325 esset
1621 4259 1776 4345 particula

592 4367 740 4434 causalis.
764 4366 867 4452 Supra
887 4388 961 4433 vero
981 4366 1062 4445 (Vol.
1075 4367 1200 4431 XXVII
1218 4389 1249 4452 p.
1265 4366 1322 4447 58)
1342 4371 1407 4432 iam
1426 4366 1491 4431 dini
1511 4365 1642 4431 Lachm.
1662 4387 1775 4431 verum

592 4476 790 4539 restituisse:
816 4496 949 4538 comum.

640 4579 678 4643 ln
697 4579 813 4666 fragm.
836 4578 1035 4657 fabularum,
1057 4602 1103 4645 vs.
1123 4579 1188 4643 114
1207 4579 1243 4643 L.
1263 4577 1404 4643 Mueller
1423 4579 1503 4663 legit
1522 4599 1595 4642 cum
1608 4579 1776 4644 scholiasta

626 4843 653 4906 1)
680 4842 749 4905 Quod
772 4841 824 4889 dico
847 4849 945 4889 numere
967 4839 1093 4905 Spengelio
1115 4839 1144 4887 ed
1165 4837 1270 4886 Terentii
1296 4834 1412 4885 Andriee²
1438 4850 1471 4884 vs.
1496 4836 1536 4886 91.
1562 4834 1631 4885 Conl.
1655 4839 1777 4900 praetcrea

591 4928 647 4977 ht.
667 4927 756 4989 syntax
776 4940 821 4972 ron
839 4924 863 4972 J.
884 4924 916 4972 11,
933 4922 1041 4971 &hunsla
1058 4923 1092 4971 ed.
1113 4924 1166 4988 ap.
1186 4923 1241 4971 349.
