5125 6150
1083 808 1338 856 rnrsrornsrnr.
1763 793 1805 857 53

606 996 657 1036 ve.
684 971 769 1037 1021
803 974 873 1041 τοὺς
902 974 998 1036 'Em'
1031 974 1081 1037 ἐπὶ
1115 973 1227 1047 Θήβας
1264 979 1297 1038 et
1328 973 1433 1038 Nubb.
1459 970 1524 1037 553
1556 978 1587 1037 et
1611 973 1805 1060 Thesmoph.

609 1078 687 1142 135.
721 1078 922 1162 Quamquam
953 1085 1061 1142 contra
1092 1079 1195 1143 efferri
1227 1086 1363 1163 possunt
1394 1089 1540 1143 veterum
1565 1078 1737 1144 titulorum
1761 1081 1805 1145 di·

604 1184 836 1248 dascalieorum
865 1187 897 1247 in
934 1182 1005 1249 GIA
1041 1184 1214 1248 articulum
1250 1187 1474 1249 emittentium
1511 1187 1703 1249 testimonis.
1741 1186 1803 1251 Sed

605 1292 737 1352 omnino
762 1290 839 1351 mihi
866 1288 1013 1372 displicet
1038 1289 1181 1353 eiusdem
1208 1290 1298 1353 verbi
1322 1292 1355 1352 in
1380 1289 1489 1352 eodem
1516 1311 1610 1353 versu
1635 1293 1803 1375 repetitio,

608 1396 666 1458 ubi
696 1402 804 1478 aperte
837 1393 947 1457 nullus
979 1402 1026 1458 est
1057 1394 1229 1459 verborum
1260 1394 1362 1458 lusus.
1394 1393 1498 1474 Quare
1529 1397 1703 1460 conicerem
1734 1392 1804 1461 εἶτα

608 1501 748 1566 καθεὶς
780 1499 849 1566 τοὺς
883 1502 1001 1570 Πέρσας
1034 1499 1110 1574 nri„
1143 1502 1170 1562 si
1203 1504 1235 1562 et
1260 1499 1377 1564 tradito
1401 1498 1542 1563 similius
1565 1506 1648 1564 esset
1671 1509 1704 1565 et
1726 1505 1804 1566 setis

608 1604 691 1666 mihi
722 1609 880 1667 constaret
904 1606 969 1667 iem
994 1603 1217 1689 Aristophanis
1241 1612 1344 1668 aetete
1368 1624 1520 1689 graecum
1544 1606 1642 1669 fuisse
1668 1611 1802 1670 καοιέναι

606 1711 723 1785 δρᾶμα,
757 1715 794 1772 ut
824 1709 885 1772 fuit
910 1714 1028 1794 postea.
1054 1709 1124 1773 Non
1149 1711 1235 1772 enirn
1258 1710 1289 1772 id
1316 1712 1434 1773 evincit
1458 1709 1574 1773 similis
1597 1710 1802 1795 metaphora,

608 1835 672 1898 que
694 1813 794 1877 Thus.
819 1813 861 1875 VI
888 1813 928 1876 16
953 1815 1035 1878 dixit
1059 1817 1092 1878 in
1118 1813 1292 1878 Alcibiadis
1316 1816 1457 1878 oratione
1482 1812 1613 1886 ἅρματα
1637 1819 1693 1889 μὲν
1718 1814 1800 1879 ἔστα

612 1921 731 1990 καθῆκα
750 1924 782 1981 et
802 1918 897 1982 Isosr.
919 1941 948 2003 p.
971 1917 1075 1984 3531)
1099 1919 1196 2000 ζεύγη
1217 1920 1281 1994 γὰρ
1302 1922 1414 1990 καθῆκε
1436 1924 1576 1982 τοσαῦτα
1595 1922 1646 1983 τὸν
1667 1921 1800 1996 ἀριθμόν.

607 2023 703 2086 Hune
727 2025 831 2107 igitur
854 2045 985 2088 versum
1010 2024 1150 2089 eliorum
1177 2045 1270 2088 surse
1294 2024 1514 2089 commendere
1538 2024 1638 2090 habeo
1660 2028 1770 2090 setius.

652 2239 704 2305 Vs.
731 2238 828 2305 1180.
853 2240 890 2304 tt
915 2241 950 2314 δὴ
975 2241 1066 2318 λέγ’·
1092 2243 1123 2306 οὔ
1149 2242 1212 2320 γάρ
1236 2244 1290 2318 μοι’
1313 2243 1394 2306 ἐστιν
1419 2245 1494 2307 αλλ’
1519 2245 1675 2309 ἄκονστέοι

855 2353 992 2410 reiensis
1016 2347 1173 2425 προλόγων
1195 2357 1251 2420 τῆς
1276 2349 1430 2428 ἐρέἐτνρτος
1455 2355 1513 2412 τῶν
1537 2351 1624 2414 ἐπῶν.

607 2451 789 2535 Utrumque
820 2471 949 2515 versum
981 2460 1040 2528 „ut
1070 2451 1239 2537 languidos
1270 2459 1304 2517 et
1333 2474 1448 2538 parum
1480 2452 1666 2539 elegentes''
1690 2456 1799 2520 abesse

605 2555 701 2620 malit
730 2556 918 2620 vLeeuwen.
951 2555 1044 2636 Quod
1075 2563 1183 2622 tamen
1214 2557 1252 2622 de
1283 2556 1351 2623 solo
1382 2579 1477 2623 versu
1508 2563 1681 2644 posteriore
1714 2568 1798 2625 reete

605 2660 751 2725 contendi
785 2682 875 2746 posse
908 2662 1047 2738 videtur,
1079 2664 1310 2750 quemuigitur
1341 2662 1448 2727 solum
1480 2663 1709 2728 damnaverim.
1745 2663 1798 2730 sio

602 2768 703 2829 etism
726 2765 843 2830 melius
866 2771 997 2850 apparet
1020 2786 1114 2831 eausa
1135 2765 1358 2851 interpolandi.

1053 2901 1350 2982 (contenduntur).

951 3501 1153 3559 ΟΙΣΟΜΕΝ
1167 3530 1210 3542 -
1225 3500 1451 3558 ΘΗΣΟΜΕΝ.

649 3713 738 3778 Haec
771 3715 854 3777 inter
876 3732 910 3776 se
934 3709 1086 3776 confundi
1111 3730 1129 3773 a
1152 3709 1293 3775 librariis
1316 3709 1369 3776 vel
1393 3712 1501 3775 minus
1524 3712 1683 3775 miremur
1705 3730 1797 3794 repu-

606 3840 709 3897 tantes
743 3853 796 3897 eos
827 3834 883 3897 vix
915 3830 1114 3916 distinguere
1145 3829 1269 3895 vocales
1300 3846 1321 3907 ἢ
1351 3836 1383 3896 et
1413 3842 1441 3909 ι’,
1466 3850 1544 3916 quse
1568 3832 1677 3896 eodem
1700 3831 1795 3895 modo

604 3955 856 4037 pronuntiarent.
894 3951 997 4031 Quare
1029 3951 1157 4026 ἐιὶσομεν
1187 3972 1243 4036 pro
1275 3949 1397 4028 οἴσομεν
1429 3950 1559 4017 reddere
1588 3972 1651 4015 non
1682 3950 1795 4015 dubito

604 4072 734 4137 Platoni
758 4071 796 4136 de
819 4070 942 4156 republ.
966 4069 993 4133 V
1014 4069 1127 4149 4771),
1149 4072 1205 4137 ubi
1224 4072 1303 4137 haec
1322 4070 1493 4158 leguntur:
1515 4076 1610 4150 Διῦρσ
1631 4069 1667 4144 dt
1687 4069 1794 4147 ποίοιν,

602 4190 636 4267 ἦν
667 4193 693 4257 δ’
719 4193 798 4269 ἐγώ,
830 4190 850 4256 ὦ
883 4188 1006 4271 ἄριστε,
1035 4193 1208 4268 ἐπιστήμην
1232 4192 1358 4272 τέτερον
1382 4192 1512 4270 δύναμίν
1535 4215 1606 4255 τινα
1629 4190 1693 4268 Φέρς
1716 4185 1793 4253 εἶναι

601 4313 710 4391 αὐτήν,
741 4312 757 4387 ἢ
793 4313 836 4383 εἷς
868 4314 901 4377 τέ
930 4313 1018 4390 γένος
1042 4315 1080 4377 τέ
1090 4315 1173 4391 tn&
1199 4314 1254 4386 Εέο
1279 4320 1385 4392 τοῦτο,
1410 4314 1490 4392 ἔφη,
1514 4318 1621 4377 πασῶν
1644 4335 1684 4389 γε
1707 4305 1795 4374 ἐννοί-

602 4459 683 4512 μειον
714 4433 987 4514 ἐρρωμενεστάτην.
1020 4436 1063 4499 Τέ
1084 4435 1134 4514 δέ;
1167 4433 1258 4511 δόξαν
1282 4437 1327 4509 eir
1351 4435 1480 4511 δύναμιν
1504 4434 1521 4508 ἢ
1545 4435 1588 4504 εἷς
1613 4429 1692 4497 ἄλλο
1717 4424 1792 4500 siloc

602 4553 784 4634 οέσομεν;
812 4553 984 4633 Οὐδαμῶς,
1010 4551 1089 4634 ἔφη,
1113 4555 1177 4620 κτέ.

1555 4673 1599 4737 Η.
1623 4690 1655 4739 τ.
1679 4672 1723 4738 Η.

1094 4824 1288 4835 ..ι-
