5125 6150
973 851 1016 897 au
1039 848 1270 898 menusanum
1293 849 1430 898 ruorou.
1726 834 1791 898 405

650 1018 720 1083 Hoc
751 1023 859 1082 autem
881 1024 930 1080 est
955 1014 1038 1099 quod
1062 1014 1140 1079 dicit
1164 1012 1358 1101 Chremylus
1381 1016 1434 1080 vel
1457 1019 1525 1100 ipse
1548 1019 1705 1081 comicus:
1729 1019 1795 1080 Hoc

601 1124 718 1188 scilicet
747 1122 861 1186 habetis
891 1128 924 1185 al
955 1129 1081 1202 capacia
1103 1121 1247 1185 cementis
1270 1144 1346 1206 qaae
1368 1123 1429 1185 sint
1453 1122 1673 1186 dissimillimo:
1698 1146 1794 1187 norem

606 1229 790 1313 Thrasybulo
824 1227 1009 1291 assimulatis
1046 1228 1232 1310 Dionysiam,
1269 1234 1444 1313 tyrannum
1480 1231 1550 1293 viro
1586 1231 1641 1313 qui
1672 1233 1794 1312 patriae

603 1357 680 1401 suae
711 1335 895 1400 libertatem
926 1331 1083 1398 asseruit?
1113 1371 1154 1382 —
1185 1334 1315 1398 Occisus
1346 1355 1447 1420 nuper
1476 1339 1543 1398 erat
1574 1332 1794 1421 Thrasybulus

604 1442 644 1507 ad
667 1441 933 1526 Hellespontum,
957 1440 1013 1504 ubi
1036 1439 1208 1504 admodum
1231 1441 1402 1524 imperiose
1422 1447 1567 1504 versatus
1588 1440 1692 1504 fuerat
1711 1463 1794 1526 prae·

603 1554 656 1612 tor
679 1546 920 1631 multorumque
944 1546 1006 1610 sibi
1029 1548 1211 1610 conciverat
1234 1545 1315 1610 odia.
1341 1545 1539 1632 Quapropter
1563 1550 1794 1632 tempestivum

602 1656 690 1718 vitae
714 1651 809 1717 finem
830 1673 905 1717 eum
925 1651 1074 1715 habuisse
1093 1650 1177 1735 apud
1197 1650 1329 1737 Lysiam
1349 1652 1495 1736 perhibet
1513 1655 1542 1716 is
1562 1655 1617 1736 qui
1637 1651 1794 1740 collegam

603 1763 674 1825 eius
708 1765 741 1824 et
772 1760 912 1823 amicum
945 1756 1115 1843 Ergoclem
1147 1755 1375 1841 perduellionis
1405 1765 1436 1821 et
1467 1757 1632 1842 peculatus
1659 1761 1794 1823 incusat.

605 1866 668 1945 Qui
699 1867 766 1929 sive
795 1885 899 1929 meras
931 1863 1108 1927 calumnias
1133 1862 1218 1927 fudit
1241 1866 1310 1927 sive
1334 1884 1410 1928 vera
1433 1862 1522 1927 salsis
1546 1866 1739 1942 commixta,
1763 1864 1796 1929 id

605 1970 736 2057 quidem
760 1990 799 2034 ex
823 1971 892 2034 eius
915 1969 1021 2033 verbis
1044 1967 1224 2033 luculenter
1247 1974 1395 2054 apparet,
1417 1968 1515 2033 fuisse
1534 1971 1617 2033 iuter
1637 1973 1722 2035 cives
1742 1973 1798 2056 qui

604 2077 809 2163 perhiberent
827 2073 1066 2161 Thrasybulum
1085 2073 1215 2139 Seuthis
1236 2078 1322 2160 regis
1343 2074 1441 2139 filiam
1461 2097 1593 2140 uxorem
1607 2075 1796 2154 ducturum,

604 2183 763 2268 Byzantio
794 2183 993 2266 potiturum,
1026 2181 1064 2245 ab
1097 2180 1346 2245 Atheniensibus
1375 2181 1574 2245 defecturum
1598 2182 1712 2259 fuisse,
1737 2186 1800 2247 nisi

605 2290 838 2353 intercessisset
857 2308 951 2351 mors.
976 2286 1014 2350 In
1034 2289 1147 2352 comici
1167 2288 1271 2372 igitur
1290 2287 1394 2351 verbis
1406 2290 1540 2352 tertium
1554 2290 1799 2372 comparationis

607 2402 657 2460 est
687 2395 721 2459 τὸ
752 2391 936 2472 τυραννικόν,
969 2392 1053 2477 quod
1084 2391 1165 2456 alter
1195 2392 1348 2469 hahebat,
1373 2390 1453 2457 alter
1476 2398 1548 2457 tum
1573 2414 1646 2457 eum
1671 2394 1801 2459 vivebat

606 2501 722 2565 habere
745 2500 785 2564 ah
809 2499 1000 2563 adversariis
1020 2499 1256 2584 perhibebatur.
1282 2498 1350 2577 Qua
1370 2501 1433 2562 viri
1452 2498 1568 2563 incluti
1589 2499 1675 2564 fama
1694 2507 1811 2565 noster.

606 2609 709 2672 iocose
732 2625 810 2669 usus
830 2611 878 2669 est
898 2606 932 2667 in
952 2603 1196 2683 Ecclesiazusis,
1218 2603 1272 2668 ubi
1294 2605 1477 2690 Praxagora
1496 2609 1635 2669 oratores
1656 2603 1800 2688 publicos

605 2715 735 2776 imitata
756 2708 1020 2797 „Thrasybulus”
1040 2712 1086 2774 ait
1107 2709 1301 2792 „cipqlleras”
1323 2712 1391 2775 sive
1404 2709 1589 2789 θρύπτεται,
1606 2711 1799 2787 σεμνύνεται.

606 2817 678 2882 Hoc
708 2822 757 2881 est
789 2819 823 2881 τὸ
857 2813 1087 2893 ‚milianensis
1117 2814 1170 2880 aa}
1203 2815 1374 2892 αὑθαδές,”
1399 2816 1483 2901 quod
1507 2819 1607 2881 etiam
1631 2816 1800 2884 Alexidem

607 2927 639 2989 iu
664 2946 701 2990 eo
725 2925 948 3009 perstrinxisse
972 2922 1083 2987 docent
1107 2920 1236 2986 scholia.
1262 2921 1378 2986 Nostro
1402 2931 1512 2987 autem
1535 2922 1604 2988 loco
1628 2925 1800 2991 honorifice

607 3032 646 3096 de
677 3033 747 3095 viro
778 3050 879 3116 nuper
912 3031 978 3094 vita
1009 3029 1119 3093 functo
1151 3033 1183 3092 ct
1214 3026 1291 3093 olim
1323 3028 1361 3093 de
1393 3031 1497 3114 patria
1529 3032 1658 3116 egregie
1684 3034 1799 3098 merito

604 3139 750 3223 loquitur
784 3139 936 3201 comicus.
973 3135 1172 3220 Quapropter
1205 3134 1239 3198 id
1274 3134 1359 3219 quod
1395 3134 1479 3219 apud
1513 3135 1727 3201 Kirchnerum
1764 3140 1798 3202 in

606 3242 884 3329 Prosopographia
907 3241 1015 3305 Attica
1038 3239 1052 3303 Ι
1076 3262 1107 3325 p.
1128 3238 1193 3305 479
1216 3239 1307 3326 lego:
1333 3240 1500 3317 „Ludibrio
1519 3242 1643 3304 iubetur
1663 3241 1797 3329 Thrasy·

606 3349 703 3416 bulus
734 3347 842 3435 paullo
874 3354 945 3432 post
976 3351 1113 3411 mortem
1143 3346 1182 3410 ab
1212 3347 1422 3431 Aristophane
1446 3345 1533 3410 Plut.
1560 3345 1659 3423 550”,
1684 3348 1799 3413 calami

606 3456 714 3541 lapsui
737 3454 843 3518 deberi
868 3455 1020 3537 suspicor.
1044 3452 1072 3515 A
1097 3472 1171 3516 vero
1195 3460 1278 3516 certe
1301 3451 1397 3538 louge
1421 3458 1469 3516 est
1492 3457 1664 3516 remotum.

655 3559 746 3639 Quod
778 3579 852 3623 vero
882 3560 934 3622 hic
965 3560 1016 3621 vir
1040 3557 1151 3621 doctus
1175 3578 1214 3621 ue
1238 3556 1364 3621 dubitat
1387 3556 1518 3641 quidem
1543 3559 1620 3642 quin
1643 3558 1797 3621 Stirieasis

607 3665 664 3731 ille
697 3664 897 3749 Thrasybulus
919 3663 1077 3728 libertatis
1101 3663 1216 3727 vindex
1241 3669 1348 3727 nostro
1370 3662 1438 3727 loco
1462 3672 1742 3740 commemoretur,
1767 3664 1799 3727 id

607 3777 691 3837 recte
716 3773 791 3835 fecit
810 3768 921 3855 procul
945 3768 1051 3833 dubio.
1078 3767 1158 3833 Nam
1184 3768 1343 3832 reicienda
1367 3774 1415 3832 est
1437 3768 1539 3834 altera
1562 3790 1657 3853 quam
1679 3768 1800 3833 scholia

607 3878 761 3963 praebent
791 3877 889 3940 huius
919 3874 982 3939 loci
1010 3873 1199 3959 explicatio:
1226 3873 1422 3960 „significari
1445 3877 1551 3938 virum
1576 3877 1799 3959 cognominem

608 3990 640 4047 et
672 3981 836 4066 aequalem
872 3978 1104 4063 Collytensem,'’
1132 4016 1173 4027 -
1199 3982 1255 4064 qui
1286 3978 1413 4044 aliunde
1442 3982 1522 4044 bene
1544 3985 1640 4043 notus
1664 3987 1729 4057 est,
1755 4017 1796 4028 -

608 4089 706 4166 „huic
736 4088 866 4151 fratrem
898 4087 995 4150 fuisse
1018 4085 1211 4171 Dionysium
1236 4087 1417 4170 quendam”
1443 4124 1483 4135 —
1509 4086 1593 4171 quod
1616 4107 1731 4151 nomeu
1756 4084 1798 4149 V⁰

605 4202 638 4258 ct
661 4189 721 4257 1v⁰
743 4190 878 4257 saeculis
902 4191 1036 4255 Athenis
1059 4190 1122 4254 fuit
1146 4191 1375 4278 pervulgatum
1398 4229 1438 4238 —
1467 4189 1667 4267 „cassinens
1688 4198 1720 4257 et
1740 4193 1799 4257 for·

608 4307 714 4377 „tasse
736 4297 961 4376 lacessatis&
986 4296 1072 4375 Quae
1096 4301 1213 4381 partim
1238 4320 1254 4362 e
1278 4302 1378 4362 nostri
1403 4298 1508 4362 verbis
1531 4301 1649 4382 partim
1668 4320 1685 4362 e
1704 4297 1800 4384 Poly·

607 4405 666 4470 aeli
697 4403 836 4488 quodam
870 4402 937 4468 loco
969 4402 1123 4467 videntur
1153 4404 1292 4468 fluxisse.
1325 4404 1433 4469 Movit
1457 4411 1566 4469 autem
1590 4406 1646 4469 has
1671 4406 1798 4482 turbas,

607 4516 645 4576 ut
668 4518 751 4575 recte
775 4511 957 4575 observavit
980 4509 1234 4595 Hemsterhuys‚
1260 4530 1347 4574 error
1366 4509 1422 4574 ille
1443 4509 1481 4574 de
1500 4530 1581 4574 auno
1601 4531 1663 4594 quo
1682 4511 1799 4576 Plutus

606 4617 681 4681 data
712 4622 760 4680 est
791 4614 907 4680 fabula.
940 4615 1022 4678 Nam
1054 4618 1109 4699 qui
1140 4636 1221 4679 auno
1246 4615 1313 4680 408
1338 4615 1445 4679 datam
1468 4616 1642 4699 putabant,
1670 4654 1709 4664 -
1735 4637 1798 4700 qua

606 4723 644 4787 de
683 4743 717 4786 re
754 4724 995 4807 quamprimum
1038 4720 1225 4805 disputabo,
1258 4759 1299 4768 —
1334 4723 1530 4786 mentionem
1564 4725 1706 4786 virorum
1742 4725 1798 4807 qui

605 4833 678 4912 post
712 4826 808 4892 illum
843 4848 962 4892 aunum
997 4825 1215 4890 inclaruerunt
1253 4826 1291 4890 ab
1328 4847 1363 4890 ea
1399 4826 1536 4891 alienam
1573 4830 1634 4890 rati
1669 4848 1798 4912 operam

606 4933 724 4997 dabant
761 4943 817 5007 „ut
851 4935 885 4995 in
921 4931 1165 4995 Atheniensium
1200 4934 1332 4996 civitate
1368 4935 1408 4995 iis
1439 4933 1621 4996 nominibus
1651 4933 1797 4999 homiues
