5125 6150
1121 831 1292 880 sonamus.
1733 811 1796 877 131

599 999 648 1060 nii
674 1015 804 1060 carmen
828 1014 982 1060 canorum
997 993 1018 1076 ¹)
1044 995 1157 1058 habuit
1176 995 1260 1078 apud
1279 1000 1455 1060 nostratem
1476 1017 1571 1079 quem
1592 996 1800 1059 meminimus

600 1101 767 1165 Batavum
799 1098 1043 1185 Droogstoppel.
1070 1098 1140 1175 „Tu
1164 1099 1287 1164 scilicet
1310 1104 1505 1165 lineamenta
1528 1101 1588 1165 duc
1611 1121 1701 1165 rosae
1724 1119 1801 1164 aure

601 1203 808 1291 praeditael”
834 1241 875 1254 —
901 1204 1003 1269 Fuere
1034 1212 1111 1268 tunc
1139 1207 1194 1289 qui
1219 1208 1356 1270 auritam
1381 1209 1548 1292 pingerent
1572 1225 1693 1271 rosam:
1718 1205 1802 1269 aedi·

599 1310 717 1373 ficatus
748 1315 796 1373 est
827 1330 929 1393 equus
960 1308 1116 1373 Troianus
1147 1315 1179 1374 et
1209 1311 1306 1374 ianua
1338 1310 1431 1375 scalis
1463 1311 1595 1396 pedibus
1618 1311 1800 1396 pedumque

601 1413 721 1479 rotulis
744 1417 931 1478 instructus.

647 1517 758 1582 Etiam
786 1520 820 1581 in
844 1517 986 1604 Odyssea
1009 1523 1117 1582 nostra
1130 1518 1156 1596 ²)
1178 1520 1293 1603 ingens
1316 1518 1372 1583 ille
1396 1541 1496 1604 equus
1520 1526 1798 1599 commemoratur,

599 1626 695 1688 cuius
727 1623 800 1688 alvo
833 1622 1000 1688 lectissimi
1032 1620 1227 1688 Graecorum
1259 1625 1370 1689 heroes
1393 1644 1426 1688 se
1450 1625 1640 1690 abdiderunt
1655 1623 1690 1704 ³),
1714 1628 1799 1690 inter

599 1750 655 1794 eos
680 1729 771 1793 vafer
793 1727 914 1792 Ulixes.
941 1728 1097 1792 Narratur
1121 1729 1279 1812 quomodo
1304 1730 1357 1793 bic
1380 1733 1500 1794 caverit
1523 1751 1562 1793 ne
1585 1733 1648 1814 ipsi
1668 1751 1700 1794 se
1720 1751 1798 1795 voce

600 1855 661 1898 sua
691 1833 863 1918 proderent
894 1836 987 1910 sccii;
1015 1841 1163 1897 narratur
1186 1834 1345 1917 quomodo
1369 1834 1494 1899 Helena
1517 1856 1592 1899 cum
1616 1835 1654 1898 ad
1679 1834 1797 1899 molem

601 1938 750 2004 fallacem
782 1941 981 2013 accessisset,
1013 1958 1112 2022 paene
1135 1937 1271 2001 effecerit
1295 1943 1332 2002 ut
1357 1939 1443 2003 fraus
1466 1960 1484 2003 a
1507 1939 1650 2005 Troianis
1675 1940 1800 2026 detege·

600 2051 703 2119 retur,
727 2080 770 2091 -
794 2045 863 2107 aive
894 2041 1035 2107 socordia
1066 2062 1123 2107 sua
1153 2045 1221 2106 sive
1253 2042 1401 2126 perfidia;
1434 2065 1509 2108 nam
1538 2048 1565 2108 si
1590 2044 1666 2129 quid
1689 2045 1797 2122 video,

599 2148 659 2212 illo
695 2167 821 2232 quoque
855 2145 924 2211 loco
958 2147 1149 2223 Homerico,
1181 2155 1219 2210 ut
1250 2146 1323 2212 aliis
1355 2149 1434 2213 bene
1466 2148 1597 2226 multis,
1621 2153 1798 2234 permixtae

600 2258 679 2317 sunt
699 2252 811 2316 ambae
830 2271 908 2336 quas
929 2257 994 2315 tota
1015 2254 1107 2316 novit
1127 2255 1301 2335 antiquitas
1322 2252 1462 2317 Helenae
1474 2255 1646 2339 imagines,
1664 2254 1797 2318 alteram

600 2359 640 2423 ab
676 2357 778 2422 altera
814 2378 911 2441 quam
946 2358 1086 2420 maxime
1120 2352 1343 2421 abhorrentes:
1380 2356 1459 2422 fidae
1496 2361 1661 2443 coniugis,
1699 2379 1795 2441 quam

601 2462 719 2547 praedo
751 2464 785 2525 ri
817 2462 964 2546 improba
994 2461 1108 2526 multis
1140 2482 1213 2525 curn
1239 2463 1353 2546 opibus
1377 2462 1536 2546 abripuit,
1560 2469 1592 2527 et
1617 2462 1795 2540 adulterae,

601 2588 683 2651 quae
705 2567 886 2631 formosum
909 2569 1060 2631 iuvenem
1083 2587 1141 2630 sua
1164 2574 1275 2650 sponte
1293 2569 1328 2629 in
1349 2568 1457 2631 Asiam
1478 2575 1527 2632 est
1546 2576 1663 2632 secuta.
1687 2567 1795 2632 Etiam

602 2693 717 2737 nomen
750 2671 879 2736 artificis
914 2672 1023 2752 Epeum
1056 2671 1206 2735 audimus
1238 2677 1269 2735 et
1301 2673 1473 2749 miramur;
1508 2676 1563 2757 qui
1591 2671 1668 2737 licet
1691 2676 1792 2757 ipsam

603 2778 696 2842 deam
729 2777 910 2842 Minervam
941 2780 1044 2861 operis
1073 2780 1192 2841 sociam
1223 2777 1372 2841 habuisse
1404 2777 1537 2853 dicatur,
1562 2780 1595 2840 in
1619 2779 1730 2861 priscis
1753 2779 1795 2841 ta-

601 2882 688 2947 bulis
724 2903 763 2945 ne
798 2887 1068 2946 commemoratur
1103 2880 1233 2964 quidem
1247 2878 1288 2960 4);
1333 2902 1350 2945 e
1385 2882 1613 2946 recentioribus
1647 2889 1757 2946 autem
1770 2882 1796 2961 ⁵)

601 2987 756 3050 discimus
788 2991 936 3070 nepotem
968 2986 1066 3050 fuisse
1098 2985 1191 3049 Phoci
1213 2986 1386 3062 Aeacidae,
1410 2986 1516 3051 herois
1540 2990 1693 3072 cponymi
1716 2988 1797 3051 Pho·

601 3095 746 3157 censium
758 3097 796 3171 ⁰),
827 3090 969 3176 Delphos
992 3099 1094 3176 rgrtur
1116 3098 1148 3155 et
1173 3091 1372 3156 oraculorum
1395 3092 1568 3157 dictionem
1592 3092 1796 3178 allegoricam

601 3201 670 3262 eius
690 3217 806 3261 nomen
825 3197 915 3261 nobis
934 3199 967 3260 in
987 3204 1126 3260 mentem
1147 3202 1273 3261 revocat
1286 3198 1322 3276 ⁷).
1346 3196 1490 3281 Denique
1510 3197 1662 3262 discimus
1674 3219 1794 3282 equum

634 3457 663 3519 1)
683 3455 749 3504 oluf
763 3454 863 3518 Fla'rgeln
881 3454 922 3502 dea
939 3453 1083 3517 Gasanges”.

633 3539 662 3600 2)
679 3537 737 3586 1]οεί
754 3537 880 3584 rideantur
898 3550 970 3600 snpra
987 3550 1039 3600 pag.
1060 3534 1148 3593 lael.

623 3622 663 3682 ¹8)
686 3620 752 3684 Quot
774 3618 865 3666 ineunt
886 3633 934 3666 non
951 3617 1039 3665 dicitur
1055 3616 1119 3673 illic,
1138 3616 1177 3664 aad
1193 3616 1371 3680 quinquaqinta
1389 3615 1501 3665 videntur
1515 3617 1648 3680 cogitandi,
1666 3617 1708 3681 qni
1725 3622 1749 3667 et
1766 3619 1790 3667 in

600 3700 704 3751 naribna
718 3699 803 3748 solitus
819 3703 870 3748 erat
888 3699 996 3747 virorum
1014 3712 1127 3747 numerus
1144 3724 1176 3735 -
1193 3700 1231 3746 tot
1248 3698 1313 3746 enirn
1330 3697 1421 3747 Iasonia
1437 3699 1535 3747 comitea
1552 3699 1629 3757 lucra,
1647 3703 1683 3749 tot
1702 3700 1793 3748 Phaea-

601 3799 656 3831 cum
680 3789 737 3830 aunt
758 3781 859 3844 remiges
879 3779 903 3843 (d
920 3781 970 3840 db),
990 3783 1029 3828 tot
1047 3778 1188 3827 Philoctetia
1205 3793 1277 3827 nares
1293 3779 1400 3842 singulas
1416 3780 1534 3830 habebant
1551 3781 1639 3829 milites
1656 3778 1793 3840 adraptroea

599 3867 625 3925 (Β
635 3862 705 3923 719),
722 3890 755 3899 -
771 3865 796 3910 at
811 3861 933 3910 sollemnia
951 3860 1000 3908 lara
1016 3864 1053 3908 est
1072 3859 1097 3908 in
1114 3859 1250 3908 huiusmodi
1268 3858 1366 3909 sabulis:
1381 3861 1554 3925 qninquaginta
1569 3861 1648 3910 boetus
1662 3862 1687 3910 in
1703 3861 1796 3910 insidiis

599 3945 730 3993 collocatos
755 3943 866 4007 profligat
890 3942 983 4005 'l'ydem
1005 3945 1035 4002 (Δ
1050 3941 1116 4000 398),
1139 3940 1306 4004 quinquagena
1322 3942 1401 4006 capita
1418 3949 1474 3991 aunt
1490 3943 1625 4006 gigantibus
1641 3942 1796 4012 sentimenta,

598 4026 774 4091 qninquaginta
792 4025 871 4073 Nereo
888 4026 996 4088 Aegypto
1013 4023 1096 4071 Danao
1114 4022 1210 4070 Priamo
1228 4022 1331 4084 Lycaoni
1350 4022 1403 4071 aliis
1422 4024 1481 4072 bena
1499 4025 1581 4073 multia
1599 4028 1654 4072 sunt
1669 4022 1746 4071 liberi.
1761 4048 1794 4060 -

600 4107 703 4157 Centau
725 4107 809 4155 barcas
831 4107 856 4154 in
881 4106 935 4169 eqni
960 4105 1013 4154 alvo
1035 4104 1134 4153 latuisse
1151 4103 1240 4152 terebat
1257 4103 1418 4163 Stesichorus,
1437 4121 1567 4170 pancorum
1584 4109 1678 4154 tanturn
1697 4103 1795 4152 nomina

598 4189 720 4246 indiam
737 4202 796 4251 quoa
813 4186 902 4251 posteri
920 4185 1062 4235 nominatim
1080 4184 1251 4234 enumerabant
1268 4188 1365 4233 cunctos
1384 4186 1441 4246 (rid.
1461 4187 1547 4236 Athen.
1567 4186 1644 4243 6100).

633 4273 663 4332 4)
687 4270 758 4333 Quod
781 4269 806 4317 in
830 4267 936 4317 Patrocli
958 4267 1022 4316 lntlia
1045 4267 1184 4316 funebribus
1206 4266 1270 4315 inter
1294 4266 1424 4316 luctatores
1448 4269 1593 4325 nominatur,
1612 4267 1635 4314 id
1654 4265 1715 4314 nibil
1732 4278 1795 4312 nunc

599 4353 630 4401 ad
653 4365 713 4400 ram.

636 4433 663 4496 t)
689 4432 742 4482 Vid.
765 4431 836 4480 Arina
858 4430 920 4495 apud
945 4429 1087 4479 Pausaniam
1111 4429 1187 4478 1129
1206 4432 1250 4490 58,
1273 4430 1383 4496 Euripid.
1401 4432 1488 4478 Troad.
1509 4431 1546 4487 10,
1565 4433 1589 4476 ct
1607 4429 1636 4476 ci.
1655 4427 1727 4477 mbol.
1745 4428 1794 4491 Ly·

598 4514 684 4578 ecpbr.
704 4514 743 4561 68.

635 4596 662 4659 ὓ)
680 4595 782 4643 Panaan.
800 4594 812 4643 1
829 4595 861 4643 28
879 4594 941 4655 510.

635 4675 662 4740 l)
682 4677 747 4725 Hinc
764 4675 809 4725 nisi
826 4675 898 4723 tallor
913 4674 1025 4724 aolvenda
1042 4680 1078 4725 eat
1094 4673 1185 4735 exopta
1198 4691 1270 4739 quarn
1288 4674 1362 4723 movit
1381 4673 1441 4722 mibi
1460 4674 1549 4723 euricus
1567 4675 1658 4738 collega
1676 4676 1791 4738 Symona,

599 4759 652 4807 fieri
672 4758 711 4806 vix
729 4756 875 4822 potuissent
893 4756 982 4817 navigii
999 4772 1053 4806 cum
1071 4773 1132 4821 οφιο
1149 4756 1310 4820 comparatio,
1328 4771 1388 4819 quae
1404 4759 1428 4803 et
1445 4756 1470 4803 in
1488 4757 1632 4805 Graecorum
1651 4760 1675 4803 at
1691 4755 1716 4803 in
1735 4756 1793 4802 Ger·

598 4855 726 4890 manorum
744 4838 808 4903 pacai
826 4853 918 4903 sempor
935 4838 1037 4897 vixerit,
1054 4838 1116 4888 male
1134 4838 1261 4901 aliqnando
1274 4836 1396 4886 intellecta
1410 4837 1477 4885 illam
1491 4853 1563 4901 quam
1577 4838 1687 4886 norimus
1700 4842 1795 4900 pareret

599 4921 715 4973 tabulam.
738 4920 839 4971 Minime
861 4935 917 4970 aaut
940 4920 1112 4984 neglegendum
1135 4924 1317 4984 argumentum
1334 4919 1402 4969 cuiue
1418 4921 1498 4968 tamen
1517 4919 1609 4984 pondua
1627 4933 1712 4982 magna
1729 4926 1795 4967 carta

1622 5261 1842 5379 Ἀ
