5125 6150
1199 803 1371 852 nomios.
1809 783 1875 850 229

688 974 876 1045 exuentem,
901 990 920 1034 a
943 968 1053 1034 Mente
1072 972 1140 1033 sive
1159 967 1309 1033 Minerva
1327 972 1576 1035 commonitum:
1597 989 1677 1055 puer
1687 950 1805 1033 'auom
1823 966 1879 1032 ille

689 1075 807 1140 assidet
837 1095 930 1140 cenae
960 1077 1123 1140 communi
1153 1077 1186 1138 in
1217 1077 1363 1139 virorum
1394 1074 1552 1152 conclavi,
1577 1073 1767 1159 nullumque
1790 1072 1879 1137 adest

687 1181 844 1246 indicium
875 1181 959 1245 unde
989 1180 1162 1246 efficiamus
1193 1201 1269 1245 eum
1299 1180 1432 1246 antehac
1457 1183 1491 1245 in
1514 1180 1578 1246 alio
1603 1179 1744 1245 conclavi
1767 1199 1877 1245 cenare

687 1288 787 1352 fuisse
816 1286 949 1352 solitum
973 1294 1006 1352 et
1029 1287 1095 1352 dies
1119 1289 1313 1373 transigere,
1339 1286 1391 1352 vel
1415 1289 1521 1372 potius
1544 1287 1655 1352 breves
1678 1307 1730 1352 eas
1754 1286 1878 1352 dierum

684 1400 793 1479 partes
817 1394 934 1478 quibus
957 1415 1019 1459 non
1044 1393 1103 1457 sub
1128 1391 1180 1457 dio
1204 1399 1395 1458 versaretur.

728 1501 923 1566 Phoenicem
947 1504 1056 1565 autem
1080 1500 1241 1584 hospitem
1264 1501 1351 1585 regis
1374 1498 1481 1576 Pelei,
1506 1501 1562 1585 qui
1584 1519 1660 1565 eum

825 1606 949 1686 άφνειάν
973 1606 1076 1683 ἔθηκε,
1100 1606 1197 1670 τολὺν
1221 1605 1252 1670 δέ
1276 1629 1314 1670 rer
1338 1604 1442 1670 ὤπασε
1467 1607 1552 1683 λοιάν,

684 1715 795 1799 ecquis
825 1714 925 1779 credit
955 1716 988 1778 in
1005 1736 1039 1779 er
1060 1713 1190 1779 ancillas
1209 1734 1276 1778 esse
1300 1713 1481 1799 relegatum
1504 1734 1521 1778 e
1544 1715 1689 1777 virorum
1712 1711 1876 1789 conclavi,

683 1827 723 1884 ut
751 1820 799 1884 ibi
830 1820 976 1885 carnibus
1006 1826 1039 1885 et
1070 1823 1144 1885 vino
1176 1822 1305 1884 satiaret
1335 1818 1495 1884 Achillem
1518 1818 1692 1904 puerulum
1718 1820 1748 1882 ἐν
1773 1818 1876 1900 varaia

682 1928 833 2006 άλεγεινῡ
866 1929 1008 1992 tunicam
1039 1926 1100 1991 sibi
1125 1923 1433 1991 commaculantem‘l
1457 1925 1543 1990 Bona
1566 1924 1677 1991 verbal
1703 1933 1735 1991 et
1757 1947 1797 1991 ne
1821 1925 1878 1990 du·

682 2034 778 2097 bium
809 2032 939 2117 quidem
968 2032 1001 2097 id
1029 2032 1160 2119 reliquit
1182 2038 1291 2118 poeta,
1316 2034 1372 2116 qui
1395 2032 1471 2097 haec
1495 2031 1652 2097 dicentem
1676 2032 1750 2097 fecit
1776 2032 1877 2096 Phoe·

683 2142 806 2205 nicem:
832 2160 872 2215 „o
895 2138 1051 2217 Achilles,
1076 2137 1205 2204 nolebas
1229 2137 1309 2202 olim

823 2243 887 2308 οὔτ’
911 2244 955 2316 εἷς
979 2243 1061 2308 δαῖτ’
1085 2241 1187 2319 ἵμενοι
1212 2241 1276 2307 οὔτ’
1300 2243 1330 2306 ἐν
1355 2243 1517 2323 μεγάροισι
1543 2244 1704 2308 σάσιοσάοι

686 2354 748 2416 nisi
768 2373 820 2416 me
840 2349 991 2416 comite.”
1012 2350 1192 2415 Hominum
1211 2348 1395 2415 adultorum
1414 2372 1508 2417 cenae
1528 2372 1608 2436 puer
1627 2351 1734 2416 adesse
1747 2349 1876 2416 nolebat

684 2461 748 2522 nisi
770 2457 915 2522 Phoenix
939 2478 1013 2523 eum
1039 2458 1091 2536 ἐφ’
1115 2456 1200 2522 troica
1225 2457 1366 2535 γούνεσσι
1391 2455 1558 2523 collocaret
1573 2456 1606 2536 ¹).

731 2561 843 2647 Neque
873 2561 1097 2627 Hercules-
1124 2568 1162 2627 ut
1192 2563 1461 2647 posthomericam
1485 2563 1599 2628 addam
1623 2563 1766 2628 fabulam
1790 2600 1831 2611 —
1857 2583 1874 2628 e

685 2669 881 2733 feminarum
906 2668 1013 2754 aliquo
1038 2668 1181 2734 conclavi
1199 2671 1329 2734 Aiacem
1349 2671 1507 2753 protraxit
1525 2669 1699 2754 puerulum
1718 2677 1756 2734 ut
1774 2669 1874 2735 leonis

683 2776 839 2841 Nemeaei
869 2774 953 2860 pelle
983 2796 1058 2840 eum
1089 2775 1315 2853 circumdaret,
1349 2775 1403 2840 sed
1430 2774 1635 2841 Telamonem
1658 2780 1727 2842 eius
1751 2783 1874 2862 patrem

684 2881 817 2946 offendit

821 2986 997 3065 lacrimaee
1021 2988 1108 3067 σοιρά
1132 2997 1163 3069 σῇ
1188 2989 1216 3051 τ’
1241 2985 1350 3068 άλάχιρ
1373 2987 1426 3050 καὶ
1450 2995 1521 3052 σοῖσι
1546 2987 1682 3064 σάκεσσι,

682 3103 720 3160 ut
746 3094 872 3160 Alcinoi
897 3096 934 3161 de
957 3094 1052 3161 Ulixe
1076 3117 1159 3160 nunc
1184 3095 1292 3161 verbis
1304 3094 1331 3173 ²)
1354 3100 1441 3173 uter;
1467 3115 1571 3180 aquo
1596 3115 1690 3161 cenae
1711 3095 1874 3160 adhibitus

681 3223 823 3288 puerum
845 3223 921 3266 cum
945 3203 1128 3289 parentibus
1151 3203 1343 3266 assidentem
1367 3200 1467 3265 fulvis
1490 3203 1614 3266 exuviis
1637 3204 1727 3267 texit.

652 3307 657 3319 '
732 3308 819 3387 Quae
841 3330 915 3372 cum
939 3312 984 3373 ita
1007 3311 1088 3385 sint,
1113 3313 1201 3373 estne
1225 3327 1319 3373 cansa
1342 3327 1398 3371 cur
1422 3306 1516 3372 aliter
1537 3307 1716 3373 iudicemus
1740 3306 1777 3372 de
1796 3307 1875 3374 locis

653 3407 743 3501 ‘qni
767 3412 966 3498 sequnntur?

823 3519 1032 3598 Τλιρσάλεμος
1055 3518 1082 3583 δ’
1102 3520 1168 3583 ἐπεὶ
1192 3516 1242 3584 οὖν
1265 3516 1371 3597 ’τράφ’
1396 3518 1436 3581 ἐνὶ
1460 3517 1589 3599 μεγάρῳ
1613 3519 1646 3584 ib
1670 3521 1775 3601 πνικτῷ
1790 3518 1825 3602 ³),

684 3633 735 3693 et:
821 3625 995 3702 σιρλύγεσος
1017 3625 1049 3690 δέ
1074 3648 1112 3690 σοι
1137 3626 1198 3697 υἱὸς
1222 3624 1263 3689 ἐν)
1287 3623 1416 3704 μεγάρῳ
1440 3625 1472 3689 ἐὺ
1496 3626 1601 3706 enargia

824 3730 964 3810 ὀψίγονος
987 3732 1135 3813 spiceae
1148 3732 1185 3813 ⁴).

684 3840 805 3921 Quidni
835 3841 933 3904 etiam
959 3837 1164 3926 Tlepolemus
1187 3844 1218 3904 et
1242 3838 1447 3924 Demophoon
1469 3840 1585 3903 nutriti
1608 3838 1727 3904 fuerint
1749 3841 1782 3904 in
1805 3860 1874 3904 con-

683 3945 770 4011 clavi
793 3944 849 4009 ubi
869 3945 1023 4010 conabant
1043 3942 1210 4031 parentes?

731 4050 843 4115 Ulixes
873 4072 948 4116 cnm
980 4053 1042 4115 viri
1072 4049 1232 4118 Cretensis
1263 4048 1368 4115 filium
1400 4071 1433 4115 se
1457 4049 1568 4135 fingit,
1594 4050 1871 4131 intercipiente,

683 4160 738 4223 cui
763 4159 861 4222 etiam
886 4156 983 4222 multi
1006 4157 1062 4222 alii

824 4256 886 4334 elce
910 4263 950 4326 ἐνὶ
974 4262 1103 4344 μεγάρῳ
1128 4262 1202 4339 ἦμεν
1227 4260 1356 4340 ’τράφον
1380 4264 1425 4337 ἧδ’
1450 4263 1586 4340 ἐγένοντο
1600 4260 1636 4345 ³),

682 4370 763 4456 quid
787 4369 915 4434 tandem
935 4370 1041 4435 obstat
1060 4371 1232 4455 quominus
1252 4369 1388 4449 μάγειρον
1408 4371 1655 4455 interpretemur
1676 4370 1818 4432 virorum
1831 4404 1874 4415 -

684 4474 739 4542 vel
761 4478 871 4560 potius
893 4478 992 4541 totius
1016 4475 1158 4542 familiae
1183 4514 1224 4526 -
1247 4475 1329 4541 illud
1352 4474 1499 4541 conclave
1522 4471 1722 4562 spatiosum?

730 4581 890 4647 Mercator
912 4582 1121 4660 Phoenicius,
1142 4585 1198 4669 qui
1216 4583 1348 4648 domum
1368 4584 1467 4667 patris
1486 4581 1621 4646 Eumaei
1641 4579 1720 4646 olim
1739 4583 1873 4647 intravit

720 4859 747 4923 1)
766 4864 778 4905 1
794 4859 934 4908 ιιι-ιιι.
1201 4858 1228 4921 a)
1246 4855 1257 4904 ο
1275 4857 1332 4906 νιν.
1599 4859 1627 4922 e)
1645 4865 1661 4907 a
1679 4859 1735 4908 ιιι.

720 4944 749 5008 ι)
769 4942 802 4992 u.
821 4941 874 4991 ce.
893 4942 947 4996 res.
1199 4940 1226 5005 ι)
1243 4940 1257 5006 ξ
1276 4939 1333 4989 aon.
