5125 6150
692 794 734 860 96
1217 811 1359 859 suerrus.

734 975 902 1062 Paulisper
925 999 976 1040 me
998 980 1032 1040 in
1055 977 1113 1042 hoc
1136 975 1205 1041 loco
1228 977 1400 1041 subsistere
1425 975 1507 1041 velle
1532 976 1693 1041 dicebam:
1714 978 1778 1061 ipsi
1799 976 1882 1040 mihi

688 1082 764 1167 quid
799 1085 833 1145 in
867 1103 903 1146 eo
937 1081 1071 1168 legendo
1106 1081 1333 1166 tractandoque
1365 1081 1514 1145 acciderit
1545 1083 1695 1159 narrabo;
1720 1081 1881 1146 eiusmodi

688 1190 773 1251 enim
793 1187 875 1251 illud
895 1194 999 1252 estut
1023 1187 1291 1252 Woelfflinianum
1311 1189 1478 1251 inventum
1500 1187 1698 1266 corroboret;
1719 1192 1804 1252 certe
1818 1209 1880 1252 non

687 1294 858 1379 indignum
888 1294 1017 1358 videtur
1047 1294 1130 1377 quod
1161 1315 1236 1358 cum
1268 1292 1502 1378 Mnemosynen
1533 1292 1715 1378 legentibus
1738 1314 1880 1358 commu·

687 1401 802 1463 nicom.
823 1399 968 1464 Fortasse
988 1421 1026 1464 na
1045 1402 1107 1484 ipsi
1128 1400 1259 1484 quidem
1281 1398 1484 1477 Woelfflinio,
1507 1402 1878 1484 praestantissimoviro,

687 1507 821 1590 cognitu
844 1508 1010 1591 ingratum
1033 1508 1104 1570 erit.

734 1611 836 1674 Probe
859 1613 993 1674 memini
1017 1618 1066 1686 et,
1092 1611 1154 1674 nisi
1177 1613 1415 1686 meminissem,
1440 1613 1548 1694 ipsum
1572 1607 1735 1694 exemplar
1757 1608 1878 1687 Taciti,

688 1719 840 1800 quoiam
864 1714 1034 1801 Gymnasii
1059 1716 1363 1780 Amstelodamensis
1386 1715 1561 1799 discipulus
1583 1736 1661 1779 usus
1685 1736 1774 1792 sum,
1798 1715 1881 1778 mitn

687 1819 800 1884 multis
822 1823 923 1905 signis
946 1824 1187 1906 interrogativis
1210 1842 1279 1884 rem
1299 1823 1333 1883 in
1353 1827 1494 1885 mentem
1516 1841 1663 1885 revocare
1684 1827 1808 1905 posset,
1830 1841 1881 1884 me

687 1947 760 1990 cum
790 1929 932 2009 primum
956 1926 1066 1991 sedulo
1090 1947 1218 2010 operam
1241 1926 1351 1991 Tacito
1377 1926 1451 1991 dare
1474 1929 1648 2009 inciperem
1671 1929 1705 1990 in
1728 1927 1788 1990 hoc
1809 1928 1879 2011 ipso

685 2031 755 2096 loco
780 2033 902 2096 diutius
925 2033 1061 2097 haerere.
1086 2031 1224 2097 Videbar
1247 2033 1329 2096 mihi
1351 2031 1388 2096 de
1412 2032 1564 2096 seditione
1583 2031 1720 2116 quadam
1741 2031 1879 2096 cohortis

686 2136 853 2201 cuiusdam
876 2137 1032 2201 Ostiensis
1054 2137 1179 2222 legere,
1204 2137 1316 2201 deinde
1340 2138 1379 2202 ob
1403 2139 1663 2220 intempestivam
1688 2135 1879 2221 plenamque

685 2242 822 2328 periculi
841 2243 879 2307 de
897 2246 1090 2327 imperatore
1110 2265 1168 2308 suo
1187 2243 1437 2308 sollicitudinem
1456 2243 1620 2328 obiurgari
1631 2242 1881 2327 reprehendique

686 2349 725 2414 ab
750 2347 873 2413 Othone
893 2349 1041 2413 videbam
1061 2387 1103 2397 -
1124 2351 1347 2435 praetorianos.
1369 2348 1478 2433 Neque
1498 2354 1606 2413 tamen
1627 2348 1788 2413 Ostienses
1807 2348 1881 2414 illos

687 2456 801 2518 missos
825 2453 926 2518 facere
949 2461 1110 2539 poteram3
1135 2454 1282 2540 legebam
1308 2458 1394 2519 enim
1418 2454 1456 2518 de
1477 2453 1637 2518 militibus
1656 2455 1754 2517 erdem
1774 2459 1881 2539 peten-

686 2561 792 2625 tibus:
824 2560 949 2623 aliunde
979 2582 1056 2645 ergo
1084 2559 1134 2624 illi
1159 2566 1322 2625 venerant.
1349 2560 1391 2624 Et
1414 2562 1566 2644 quoniam
1593 2560 1694 2622 Ostiae
1716 2562 1750 2622 in
1775 2563 1882 2644 prima

688 2667 868 2730 narratione
892 2671 957 2731 erat
982 2667 1064 2730 facta
1083 2669 1203 2730 mentio
1220 2666 1306 2729 Ostia
1324 2665 1397 2730 illos
1417 2667 1590 2730 accurrisse
1611 2665 1691 2729 mihi
1704 2665 1881 2730 constabat.

688 2770 832 2855 Denique
862 2775 896 2835 in
926 2772 1038 2837 codem
1062 2794 1165 2837 errore
1188 2774 1337 2838 versabar
1359 2775 1394 2836 in
1417 2794 1479 2857 quo
1503 2773 1641 2836 haesisse
1665 2770 1883 2836 Plutarchum

687 2897 772 2940 nunc
803 2879 921 2940 scimus
945 2898 1065 2941 omnes.
1090 2877 1152 2942 Sed
1176 2880 1328 2962 quoniam
1352 2876 1573 2962 intelligebam
1598 2880 1643 2941 sio
1667 2883 1788 2941 ceterae
1813 2897 1884 2941 nar·

686 2984 817 3046 rationis
843 2985 1028 3067 neutiquam
1054 2989 1197 3047 constare
1218 2985 1391 3059 rationem,
1411 2985 1530 3047 iterum
1550 2985 1732 3064 iterumque
1751 3003 1885 3047 mecum

688 3094 794 3153 totum
826 3088 933 3153 locum
966 3088 1152 3165 volvebam,
1179 3090 1276 3153 donec
1301 3088 1427 3152 tandem
1453 3087 1623 3173 aliquando
1650 3087 1727 3172 quid
1749 3086 1885 3153 Tacitus

687 3215 744 3258 suo
768 3196 866 3257 artent
888 3218 925 3256 ec
948 3195 1100 3258 Palatium
1125 3195 1186 3259 sibi
1210 3193 1366 3259 voluisset
1389 3193 1622 3278 intelligebam.

733 3298 834 3363 Multi
870 3302 1065 3363 transierunt
1095 3302 1169 3363 enni
1201 3299 1345 3383 mihique
1378 3299 1550 3362 Professori
1585 3297 1772 3362 Academico
1804 3320 1884 3363 cum

687 3404 962 3469 commilitonibus
993 3408 1071 3469 meis
1096 3404 1225 3469 Tacitus
1249 3403 1405 3489 legendus
1429 3410 1507 3468 erat.
1532 3403 1663 3487 Vesperi
1686 3411 1762 3468 tuno
1785 3408 1885 3470 certis

689 3511 799 3575 diebus
821 3512 952 3575 domum
972 3532 1077 3575 meam
1102 3511 1331 3575 conveniebant
1354 3509 1522 3574 literarum
1547 3510 1723 3586 candidati,
1747 3512 1886 3576 iuvenes

687 3619 765 3680 satis
790 3616 875 3680 docti
895 3625 927 3680 et
947 3618 1071 3681 subacti
1091 3616 1220 3690 iudicii,
1241 3621 1278 3680 ut
1299 3618 1442 3679 suaviter
1461 3615 1697 3679 confabulantes
1716 3618 1750 3678 in
1771 3614 1885 3682 Tacito

687 3720 879 3786 enucleando
915 3728 1064 3787 mutuam
1101 3720 1299 3785 traderemus
1334 3742 1474 3805 operam.
1513 3721 1561 3784 nd
1592 3728 1738 3784 nostrum
1770 3729 1883 3787 autem

688 3826 796 3891 locum
829 3848 901 3890 cum
926 3829 1179 3911 pervenissemus
1203 3827 1281 3910 quid
1306 3824 1476 3890 videbam?
1499 3825 1619 3889 Eodem
1644 3846 1754 3890 omnes
1778 3831 1886 3892 teneri

688 3952 791 3996 errore
815 3934 870 4015 qui
895 3932 976 3994 mihi
1001 3931 1078 3995 olim
1100 3938 1149 3997 tot
1168 3938 1317 4015 tantaque
1337 3932 1536 3996 exhibuisset
1555 3928 1699 4015 negotia!
1720 3930 1791 4015 Ego
1805 3952 1884 3997 vero

688 4036 860 4101 admodum
893 4037 975 4099 mihi
998 4036 1180 4120 placebam,
1207 4040 1262 4122 qui
1286 4038 1389 4100 tribus
1413 4038 1520 4102 verbis
1543 4038 1641 4100 urbem
1664 4061 1700 4098 cc
1724 4036 1885 4100 Palatium

687 4148 771 4206 recte
802 4142 964 4207 vertendis
995 4140 1144 4206 nebulam
1176 4141 1266 4207 illam
1299 4142 1451 4227 dissipare
1482 4164 1618 4228 possem.
1648 4142 1712 4205 Hic
1735 4139 1885 4227 plerique

688 4252 755 4310 tarn
787 4247 904 4311 efficaci
935 4250 1046 4311 statim
1077 4268 1192 4312 manus
1223 4249 1341 4313 dabant
1372 4250 1539 4324 scientiae,
1571 4256 1603 4312 at
1635 4269 1717 4312 unus
1741 4254 1774 4311 et
1798 4246 1885 4314 alter

686 4355 879 4438 pertinacior
898 4360 981 4417 erat:
1002 4352 1215 4418 Plutarchum
1235 4351 1424 4430 contulerat,
1444 4356 1490 4417 ita
1510 4359 1548 4417 ut
1567 4355 1600 4416 in
1621 4355 1724 4417 tenaci
1736 4352 1886 4420 haereret

685 4481 799 4536 coeno,
825 4457 908 4522 unde
931 4458 1075 4542 plantam
1100 4457 1236 4524 evellere
1260 4481 1323 4524 non
1349 4460 1489 4523 auderet.
1517 4458 1586 4543 Ego
1610 4480 1703 4534 vero,
1730 4460 1782 4521 cui
1803 4458 1885 4524 Plu·

686 4747 830 4795 mentionem
850 4748 906 4796 facit
923 4745 1022 4795 nnllam.
1039 4745 1075 4793 Dc
1091 4746 1190 4794 consilio
1209 4761 1276 4794 arma
1293 4746 1336 4794 illa
1354 4762 1367 4793 e
1384 4746 1504 4811 praetorio
1522 4745 1616 4810 petendi
1633 4762 1693 4810 quae
1709 4757 1792 4796 narrat
1807 4752 1884 4813 paulo

683 4832 739 4876 sunt
762 4826 910 4886 obscurioru;
933 4829 973 4876 aed
996 4844 1038 4876 cur
1059 4843 1072 4876 ε
1089 4827 1210 4892 praetorio
1227 4827 1274 4877 sint
1292 4828 1369 4891 petite
1385 4843 1448 4877 nnnc
1465 4843 1512 4877 non
1529 4844 1653 4886 curamus,
1672 4829 1803 4879 dummodo
1820 4831 1882 4885 inde

685 4910 761 4972 petita
777 4914 876 4958 constet.
