5125 6150
684 845 750 917 398
1045 863 1088 909 sn
1118 861 1349 910 snrsrounsrus
1373 863 1512 908 sacrun.

683 1027 776 1092 dens:
801 1028 900 1090 oeulos
923 1029 1042 1090 restitui
1065 1027 1121 1090 tibi
1145 1027 1265 1089 bedorf!
1290 1024 1578 1092 uicenosque:
1603 1029 1646 1090 od
1668 1027 1873 1113 infortunium

683 1134 740 1196 iate
763 1134 846 1196 tome
869 1139 958 1196 notus
982 1136 1046 1196 eet!
1071 1133 1155 1197 'Pum
1181 1132 1317 1196 Plutus:

867 1239 881 1302 ί
906 1238 980 1309 Ζεὺς
1006 1240 1063 1317 μὲν
1087 1234 1136 1303 οὖν
1160 1237 1243 1310 aldebr
1267 1241 1309 1303 rei
1334 1238 1445 1303 τούτων
1469 1239 1543 1316 μῶρ’
1568 1237 1618 1315 ἔμ’
1643 1240 1668 1303 εί

756 1344 820 1409 120
868 1343 982 1409 πύθοιτ’
1007 1342 1086 1423 erl)
1111 1344 1290 1424 ίπιτρίψειε.

684 1452 771 1532 Quae
803 1451 900 1514 verba
930 1455 1079 1534 corrupta
1106 1457 1138 1514 et
1161 1451 1288 1515 turbata
1311 1471 1379 1514 esse
1403 1452 1511 1535 quiris
1537 1450 1641 1529 ridet,
1666 1472 1771 1536 neque
1795 1453 1877 1536 quic·

684 1578 782 1643 quam
813 1560 946 1641 prosunt
977 1554 1086 1620 collati
1117 1555 1179 1620 loci
1214 1556 1270 1621 ubi
1294 1577 1466 1641 pronomen
1492 1581 1532 1630 με
1558 1555 1611 1622 vel
1636 1582 1671 1621 τε
1696 1558 1797 1623 verbo
1820 1579 1876 1622 suo

686 1664 923 1749 praemittitur:
954 1661 1032 1732 τίνες
1059 1662 1117 1726 riri
1140 1664 1176 1738 μ’
1199 1663 1224 1726 ιι·
1249 1665 1426 1743 ζητοῦντες,
1452 1661 1505 1728 rel
1529 1687 1570 1739 με
1596 1663 1650 1738 urio
1674 1665 1688 1728 ί
1712 1663 1792 1734 Ζεὺς
1815 1663 1878 1743 up,

683 1768 746 1833 alia
777 1767 1008 1832 huiuscemodi.
1035 1767 1176 1852 Longius
1201 1770 1301 1831 etiam
1326 1789 1344 1832 a
1368 1789 1443 1832 vero
1467 1768 1654 1834 aberrarunt
1678 1771 1802 1846 critici,
1826 1771 1879 1855 qui

685 1874 769 1944 εἰδὼς
801 1879 970 1938 mutarunt
998 1875 1032 1936 in
1064 1869 1123 1937 τίδ’
1146 1875 1184 1945 ῶς
1210 1873 1310 1958 (quod
1333 1873 1430 1938 habet
1454 1895 1568 1959 margo
1592 1876 1710 1940 codicis
1734 1878 1879 1954 recentis)

685 1988 717 2045 st
748 1980 798 2055 ἔμ’
830 1981 855 2043 εί
885 1982 919 2043 in
950 1977 1009 2051 ἔπη
1040 1981 1099 2056 (sic
1130 1978 1252 2044 codices
1284 1979 1416 2064 quidam
1448 1982 1664 2060 recentiores).
1696 1980 1783 2045 Nam
1807 1985 1878 2060 μῶρ’

687 2084 745 2161 ἔπη
770 2086 941 2165 tragoediae
965 2091 1032 2150 est:

867 2192 960 2254 ταῦτ’
983 2191 1048 2254 ἐστὶ
1072 2189 1159 2264 roien
1183 2192 1298 2270 μωρίιιι
1323 2199 1441 2265 πολλῆς
1466 2193 1569 2270 πλέαι,

733 2297 799 2361 vel:
871 2293 983 2371 ἥκιττιι
1006 2297 1078 2375 πρὸς
1102 2300 1156 2361 τοῦ
1180 2303 1276 2375 μῶροι
1301 2295 1334 2371 ἦν
1360 2297 1457 2362 εἰπεῖν
1482 2294 1569 2373 lares,

687 2425 749 2468 non
781 2409 829 2467 cst
859 2404 956 2466 huius
987 2401 1065 2479 loci,
1098 2405 1150 2466 cui
1180 2402 1327 2486 parodias
1351 2424 1390 2467 ns
1412 2401 1616 2468 levissimum
1641 2402 1775 2487 quidem
1798 2407 1880 2468 inest

686 2511 881 2594 vestigium,
917 2510 1020 2571 immo
1057 2510 1185 2571 omnino
1219 2505 1324 2571 aliena
1359 2507 1432 2572 inde
1469 2514 1517 2572 est
1552 2507 1682 2592 parodia
1717 2515 1751 2573 et
1786 2510 1881 2575 dictio

687 2616 886 2679 cothurnata.
911 2613 1021 2698 Neque
1047 2622 1131 2678 recte
1156 2613 1277 2678 Kuster
1301 2616 1427 2679 invexit
1450 2615 1597 2678 futurum
1618 2615 1792 2698 ἐπιτρίψει,
1814 2638 1881 2703 pro·

687 2741 822 2806 ponens:
858 2720 923 2784 ἐπεί
957 2720 1073 2784 πύθοιτ’
1106 2719 1143 2784 ιἰι
1175 2720 1328 2798 ἐπιτρίψει
1360 2745 1420 2797 με,
1445 2723 1544 2785 —id
1575 2727 1660 2786 certe
1685 2724 1804 2787 vitiose
1827 2744 1880 2808 pro

690 2826 764 2899 ίπὶμ
787 2825 908 2900 πίθητ’.
933 2826 1015 2890 Nam
1040 2825 1157 2890 Plutus
1177 2847 1239 2890 non
1260 2826 1355 2890 dicit:
1375 2827 1404 2888 «τί
1417 2829 1492 2910 fiet
1515 2827 1583 2904 hoc,
1602 2829 1728 2909 perdet
1747 2851 1793 2892 nce
1811 2828 1882 2910 Iup

680 2932 775 3014 piter,
801 2930 1072 3017 quemadmodum
1097 2930 1309 2996 Prometheus
1333 2934 1366 2995 in
1391 2933 1531 2997 Avibus:

1117 3037 1213 3114 elya,
1238 3039 1282 3112 μίρ
1307 3038 1397 3103 nean
1422 3061 1472 3114 μοι
1497 3036 1651 3115 τιίίνιμιι,

870 3142 932 3206 τίτί
957 3140 1019 3222 ριίρ
1044 3145 1080 3217 μ’
1103 3144 1203 3221 decis,
1229 3143 1257 3208 εί
1279 3150 1314 3219 μ’
1340 3144 1437 3208 ἐνθάδ’
1461 3144 1474 3207 ί
1500 3144 1577 3215 Ζεὺς
1601 3142 1733 3223 ίψετριι,

687 3251 759 3315 sed:
785 3250 863 3325 nole,
887 3272 955 3311 nem
977 3251 1031 3312 hec
1053 3251 1081 3312 ei
1096 3252 1223 3332 fieret,
1249 3250 1393 3332 Iuppiter
1416 3273 1460 3312 mc
1477 3252 1658 3331 perderet.

733 3356 800 3420 Alii
819 3355 921 3431 aliter,
942 3355 995 3420 sed
1016 3362 1139 3439 partem
1160 3359 1228 3419 veri
1249 3357 1378 3440 praebet
1394 3355 1552 3433 scholion,
1573 3355 1657 3440 quod
1670 3358 1727 3440 qui
1739 3360 1882 3441 scripsit,

688 3486 750 3528 non
781 3469 874 3541 μῶρΑ
906 3462 960 3526 sed
992 3466 1082 3541 μῶρΕ
1116 3461 1346 3547 intellegebat,
1372 3470 1409 3526 ut
1433 3462 1513 3527 olim
1537 3463 1618 3526 vidit
1641 3461 1789 3547 Bsrgler.
1816 3463 1882 3543 Qua

688 3568 908 3633 observatione
932 3589 1008 3631 usus
1032 3570 1077 3631 sic
1101 3570 1225 3652 corrigo
1249 3567 1374 3632 locum:

870 3674 884 3736 ί
910 3673 986 3743 Ζεὺς
1010 3674 1066 3750 μὲν
1091 3670 1139 3737 τῶν
1163 3674 1293 3754 τάχιστ’
1318 3673 1355 3738 ῶν
1380 3676 1551 3755 ἐπιτρίψιιί
1575 3696 1635 3750 με,

870 3776 891 3841 ὦ
914 3780 998 3854 μῶρ’,
1023 3779 1089 3843 ἐπεὶ
1116 3779 1248 3844 πύίιιτι.

689 3886 725 3950 ln
755 3906 817 3970 qua
845 3884 981 3949 lectione
1013 3891 1117 3949 cetera
1147 3889 1223 3949 satis
1252 3885 1430 3969 probabilia
1453 3887 1534 3949 mihi
1559 3885 1719 3958 videntur,
1746 3885 1883 3952 dubium

689 4015 765 4058 vero
788 4013 855 4056 esse
879 3992 1022 4070 τάχιστα
1046 3990 1183 4056 libenter
1206 3992 1350 4056 concedo.
1384 3991 1467 4056 Nam
1489 3991 1564 4056 licet
1586 3995 1712 4056 certum
1737 3992 1884 4057 videatur

689 4102 721 4162 in
742 4098 876 4162 traditae
900 4096 1044 4160 lectionis
1065 4095 1183 4160 litteris
1204 4096 1335 4160 ειδωπτιι
1355 4096 1454 4162 latere
1474 4097 1654 4172 adverbium,
1675 4118 1739 4161 non
1761 4106 1885 4162 constat

689 4205 723 4268 id
759 4205 854 4281 fuisse
890 4204 1052 4283 τιίχιπτιι,
1088 4203 1142 4267 sed
1176 4206 1273 4266 etiam
1310 4202 1373 4267 alic
1409 4210 1542 4287 possunt
1577 4205 1733 4286 proponi,
1771 4225 1801 4268 e.
1834 4224 1883 4290 g.:

692 4310 828 4380 ἁπλῶς
862 4307 900 4372 ίιν
930 4307 1101 4387 ἕτιτρίψειὲ
1124 4333 1165 4385 με
1189 4308 1257 4372 vel:
1283 4310 1441 4388 τίπιιρτί
1464 4310 1500 4384 μ’
1525 4309 1727 4390 ἐπιτρίψειεν
1752 4309 1820 4390 cis,
1846 4348 1884 4361 -

690 4438 770 4502 quae
794 4421 900 4480 tamen
923 4414 1053 4500 longius
1076 4437 1094 4479 a
1117 4414 1253 4480 lectione
1274 4415 1409 4501 vulgata
1430 4415 1590 4480 recedunt.
1614 4414 1663 4480 Ne
1682 4419 1757 4500 quis
1777 4427 1885 4484 autem

690 4528 845 4608 proponat
876 4519 1101 4600 μίσχιττιι,
1133 4521 1218 4606 quod
1251 4524 1353 4584 suasit
1383 4520 1535 4601 vVelscn,
1569 4521 1710 4606 tragicae
1734 4523 1799 4588 hoc
1822 4545 1885 4590 eme

692 4628 840 4693 dictionis
871 4627 1021 4706 observo;
1055 4633 1087 4691 st
1111 4649 1150 4692 ns
1184 4629 1382 4703 ιιιίιιιττιι,
1413 4629 1507 4692 utin
1531 4647 1674 4691 sermone
1698 4630 1884 4712 quotidiano

691 4733 865 4809 dicebatur,
895 4735 1030 4797 coniciet
1060 4735 1239 4817 quispiam,
1272 4734 1331 4797 hoc
1362 4732 1459 4810 addc,
1493 4734 1582 4797 verbi
1614 4733 1788 4813 ίπιτρίβειν
1819 4740 1885 4803 sive

696 4886 760 4893 κ
768 4889 883 4897 --„,--

727 4968 914 5030 nhmffi
