5125 6150
1099 840 1264 889 numius.
1709 815 1773 884 179

587 1009 742 1094 quidnam
766 1011 911 1074 omnium
935 1009 1075 1072 maxime
1099 1006 1332 1092 respiciendum
1356 1013 1447 1071 esset.
1479 1005 1545 1071 Nec
1568 1007 1673 1091 magis
1696 1024 1777 1069 anno

589 1113 678 1180 1879
710 1113 938 1200 Marquardtus
969 1134 1038 1178 rem
1062 1113 1225 1198 expedivit
1246 1115 1280 1177 in
1303 1112 1384 1178 libro
1407 1112 1445 1177 de
1468 1111 1684 1177 Romanorum
1706 1109 1779 1174 Vite

585 1220 716 1286 Privata
740 1243 771 1306 p.
799 1220 875 1285 826.
901 1219 1014 1284 Dicam
1038 1218 1185 1304 equidem
1209 1219 1285 1305 quid
1309 1222 1528 1305 compererim.

635 1328 775 1390 Tesserae
798 1334 892 1403 sunt,
916 1346 994 1412 quas
1017 1323 1131 1391 Graeci
1155 1324 1299 1410 generali
1320 1327 1448 1389 nomine
1473 1324 1583 1399 κύβους
1604 1322 1777 1409 appellant,

584 1433 620 1498 de
641 1434 761 1518 quibus
782 1454 866 1497 nunc
886 1432 1017 1517 quidem
1036 1432 1138 1496 tribus
1158 1432 1265 1496 verbis
1277 1434 1385 1496 omnia
1396 1430 1557 1496 absolvere
1570 1437 1688 1515 potero,
1702 1450 1777 1494 nam

588 1539 679 1624 plane
703 1538 833 1604 eaedem
857 1545 932 1603 sunt
956 1539 1071 1624 quibus
1096 1559 1153 1603 nos
1178 1540 1313 1602 utimur.
1334 1537 1529 1622 Plerumque
1548 1547 1672 1602 veteres
1691 1535 1777 1600 lude

588 1646 664 1709 bant
687 1646 782 1708 tribus
806 1647 951 1721 tesseris,
980 1647 1078 1708 etiam
1101 1646 1134 1707 in
1157 1643 1233 1707 ludo
1257 1643 1425 1709 duodecim
1448 1646 1640 1728 scriptorum
1654 1679 1692 1689 —
1707 1640 1776 1704 tric-

587 1760 667 1815 trcc:
701 1751 776 1815 hinc
800 1751 1022 1837 proverbium:
1047 1751 1064 1825 ἢ
1089 1750 1151 1828 πρὶς
1176 1740 1211 1827 ἓξ
1232 1750 1249 1824 ἢ
1274 1757 1353 1827 τρεῖς
1378 1748 1486 1827 κύβοι,
1511 1769 1586 1815 nam
1603 1746 1703 1824 >sities
1728 1752 1776 1812 est

585 1857 699 1921 itidem
734 1878 848 1922 nomen
878 1857 989 1939 puncti
1023 1877 1047 1921 s.
1079 1856 1224 1929 σημείου·
1257 1856 1332 1920 hino
1363 1863 1478 1920 notum
1508 1854 1607 1920 illud:
1638 1852 1774 1930 βέβληκ’

585 1965 758 2044 Ἀχιλλεύς
790 1963 840 2028 δύο
872 1961 957 2039 κύβω
988 1962 1040 2027 καὶ
1074 1962 1229 2042 πέσσοιρνι,
1260 1963 1293 2027 h.
1313 1983 1339 2027 e.
1365 1968 1483 2047 puncta
1505 1961 1582 2026 tulit
1605 1981 1674 2040 eex3
1700 1961 1775 2024 hino

586 2068 743 2135 celebrata
772 2069 912 2134 custodis
939 2069 1036 2133 verba
1058 2071 1092 2132 in
1117 2067 1268 2154 Aeschyli
1292 2069 1548 2154 Agamemnone:
1573 2067 1634 2147 πρὶς
1659 2063 1694 2141 ἓξ
1716 2064 1774 2142 βο·

585 2178 699 2249 λούσης
723 2175 816 2246 τῆσδέ
838 2199 890 2251 μοι
913 2175 1117 2254 φρνκτωρύοις.
1145 2172 1312 2239 findebant
1335 2177 1380 2239 sio
1403 2173 1593 2260 simpliciter
1615 2171 1777 2249 πλεοςοβο-

586 2282 692 2357 aista,
715 2281 766 2345 vel
786 2280 916 2346 alveum
927 2280 1085 2346 lusorium
1098 2280 1306 2356 adhibebant,
1320 2283 1411 2344 cuius
1423 2279 1590 2345 duodecim
1602 2282 1719 2365 scripte
1731 2315 1773 2328 —

586 2408 667 2473 quae
698 2408 754 2452 nos
785 2390 978 2451 retinuimus
1003 2424 1044 2434 —
1069 2389 1199 2452 inventa
1230 2387 1360 2451 fuerunt
1390 2400 1428 2451 ut
1456 2408 1536 2472 quae
1558 2389 1629 2472 quis
1649 2385 1777 2451 tulisset

585 2503 704 2581 puncta
746 2496 848 2580 perite
887 2500 1011 2558 notaret
1050 2499 1082 2558 et
1116 2499 1184 2558 arte
1219 2496 1394 2579 corrigeret
1427 2493 1572 2558 fortunae
1606 2492 1773 2559 invidiam.

585 2600 793 2664 Postremum
815 2599 875 2664 hoc
899 2598 1032 2684 Becqius
1056 2601 1239 2663 acutissime
1261 2601 1431 2685 perspexit.

632 2706 680 2771 De
702 2728 764 2770 usu
788 2706 915 2769 tolerans
938 2714 987 2769 est
1008 2708 1186 2771 intricatior
1208 2708 1361 2791 quaestio.
1383 2706 1441 2770 llst
1465 2713 1573 2770 autem
1596 2704 1681 2770 talus
1701 2708 1773 2770 ossi·

585 2812 698 2879 culum
721 2815 754 2875 in
778 2811 913 2896 pedibus
932 2813 1161 2896 posterioribus
1179 2811 1288 2888 bovis,
1311 2832 1437 2897 caprae,
1460 2815 1543 2889 ovis,
1565 2812 1692 2888 damae,
1713 2817 1772 2876 cet.

588 2917 768 3005 Cognoscat
800 2918 882 2982 mihi
912 2921 983 3003 quis
1010 2924 1191 2982 accuratam
1214 2917 1396 2983 Aristotelis
1419 2917 1661 3002 descriptionem
1686 2916 1772 2983 Hist.

585 3029 695 3092 Anim.
720 3024 760 3091 ΙΙ.
786 3024 825 3090 2:
851 3030 908 3089 πῶν
932 3023 1065 3103 izziaco
1088 3025 1192 3089 πολλοὶ
1217 3024 1283 3104 ἔχει
1307 3024 1562 3104 asperam·
1587 3022 1773 3103 πολυσχιδὲς

585 3134 614 3198 δ’
637 3133 717 3197 σύύὲν
754 3126 854 3194 inm
890 3134 1022 3194 τοιοῦτον
1057 3128 1128 3210 ἔχον
1161 3130 1355 3210 asperano,
1389 3129 1487 3208 ὥσπερ
1519 3132 1577 3196 οὐδ’
1611 3130 1771 3209 ἄνθρωπος.

586 3239 662 3303 ἀλλ’
694 3241 711 3311 si
744 3237 800 3311 μὲν
831 3235 915 3313 atys
945 3233 1043 3311 ὅμοιον
1073 3236 1318 3317 ύμοπςροιγύλῳ,
1343 3238 1357 3301 t
1382 3237 1411 3303 δὲ
1437 3239 1511 3303 λέων
1534 3231 1648 3316 οἶύνπερ
1673 3232 1773 3301 πλοίο-

585 3366 671 3408 πονσο
692 3340 910 3421 λαβνρονύύύνρ.
934 3342 1045 3406 Πόντον
1069 3341 1101 3407 δὲ
1125 3342 1166 3405 σοὶ
1186 3340 1301 3423 ἔχοντα
1321 3344 1504 3422 asperano
1524 3344 1553 3407 ἐν
1572 3352 1634 3414 σοῖς
1653 3341 1774 3407 ύποσύεν

585 3448 653 3529 ἔχει
680 3447 836 3512 σκέλεσιν·
863 3446 929 3527 ἔχει
955 3447 982 3512 δ’
1006 3448 1084 3526 ύρύύν
1106 3450 1158 3513 σύν
1182 3448 1364 3527 testeam
1388 3449 1418 3512 ἐν
1440 3459 1478 3525 τῇ
1503 3458 1634 3529 καμπῇ,
1658 3450 1693 3513 σύ
1717 3449 1774 3526 μὲν

585 3556 698 3635 πρανὲς
730 3552 803 3631 ἔξω,
828 3554 862 3617 τὸ
887 3555 913 3619 δ’
935 3552 1040 3619 ύπσοον
1063 3551 1150 3618 εἵσω·
1178 3554 1229 3618 κού
1254 3555 1296 3620 τὰ
1319 3556 1376 3631 μὲν
1401 3558 1464 3636 scira
1489 3555 1570 3624 ἐντὸς
1595 3554 1773 3634 ἒςροιρομίνοι

586 3660 660 3737 πρὸς
693 3658 839 3736 ἄλληλα,
871 3663 913 3723 ποὶ
945 3661 975 3723 δὲ
1007 3667 1067 3738 χῖον
1092 3659 1268 3737 καλούμενοι
1295 3659 1370 3738 ἔξω,
1393 3661 1445 3725 sal
1470 3662 1527 3732 τοὶς
1551 3661 1675 3740 aepulae
1700 3658 1771 3725 ἄνω.

586 3767 695 3832 Habet
716 3769 820 3853 igitur
843 3764 928 3830 talus
951 3788 975 3831 s.
996 3766 1176 3844 ἆςρύγσλος
1196 3765 1296 3831 latera
1315 3789 1383 3845 sex,
1402 3789 1538 3853 quorum
1560 3767 1622 3833 duo
1642 3767 1773 3853 reliquis

586 3875 776 3961 angustiora
810 3880 930 3950 κεραῖαι
966 3872 1132 3937 dicuntur:
1175 3875 1209 3937 in
1243 3873 1359 3937 harum
1393 3873 1492 3939 altera
1526 3874 1609 3939 talus
1644 3876 1773 3938 omnino

586 3981 700 4065 nequit
722 3980 886 4055 insistere;
912 3977 1023 4063 quodsi
1046 3986 1155 4043 autem
1175 3982 1208 4043 in
1233 3978 1365 4044 alteram
1389 3981 1535 4046 ceciderit
1549 4017 1590 4029 —
1604 3981 1685 4065 quod
1705 4000 1775 4045 raro

587 4085 718 4171 quidam
740 4083 808 4163 fiet,
831 4083 885 4149 sed
903 4090 1009 4149 tamen
1028 4083 1197 4169 aliquando
1209 4089 1316 4150 evenit
1329 4124 1380 4164 -,
1392 4089 1503 4152 irritus
1515 4089 1617 4152 iactus
1629 4085 1773 4151 habetur.

586 4190 721 4255 Restant
744 4189 844 4254 latera
866 4199 1014 4275 quatuor,
1039 4211 1176 4275 quorum
1201 4194 1342 4275 primum
1363 4193 1490 4269 πρανὲς,
1511 4191 1623 4256 Latine
1635 4214 1774 4274 pronum,

587 4297 721 4373 dicitur3
759 4296 860 4360 forma
890 4317 1067 4362 convexum
1098 4303 1155 4361 est.
1196 4295 1389 4384 Oppositum
1419 4303 1467 4362 est
1496 4296 1582 4362 latus
1613 4295 1718 4361 ύππνον
1749 4317 1774 4360 s.

587 4404 743 4485 supinum
779 4402 881 4467 forma
912 4408 960 4467 ost
989 4422 1133 4467 concava.
1166 4401 1312 4468 'Pertium
1344 4403 1429 4468 latus
1458 4413 1528 4484 χῖον
1559 4403 1676 4467 dicitur
1707 4406 1775 4469 sive

587 4511 673 4591 κύων,
699 4508 813 4573 Latine
831 4508 967 4589 planum.
993 4508 1149 4588 Quartum
1174 4509 1309 4595 denique
1333 4513 1460 4576 nomine
1483 4517 1514 4576 st
1538 4510 1641 4575 forma
1665 4518 1775 4574 tortuo-

586 4640 648 4679 ννπν
673 4624 739 4692 est,
765 4612 884 4679 Graece
908 4617 989 4694 κῷον.
1014 4613 1084 4679 Non
1108 4623 1196 4680 erant
1218 4615 1358 4681 talorum
1377 4617 1476 4683 latera
1496 4621 1637 4682 numeris
1653 4623 1772 4696 notata,

587 4719 856 4808 quemadmodum
878 4723 912 4784 in
935 4724 1062 4785 tesseris
1085 4724 1297 4787 necessarium
1321 4730 1385 4802 est;
1412 4723 1466 4788 sed
1490 4723 1645 4789 habebant
1665 4730 1770 4789 tamen

587 4830 712 4909 οἱρούροού
737 4824 838 4904 δόξαν,
863 4834 901 4891 ut
922 4827 1033 4892 scribit
1055 4826 1174 4893 Pollux
1196 4828 1253 4894 IX.
1279 4827 1336 4893 99:
1364 4827 1399 4893 ού
1423 4828 1455 4893 δὲ
1477 4835 1591 4909 σχῆμα
1615 4834 1667 4894 πού
1688 4829 1772 4895 κατὰ

588 4935 638 4999 σύν
658 4932 843 5016 ύπρύγοιλον
863 4933 1030 5013 crepera
1050 4935 1220 5014 ύρούμοῦ
1242 4932 1361 5013 idias
1387 4931 1481 5017 εἶχεν.
1506 4934 1635 5003 Scilicet
1647 4936 1777 5023 ροίσνονοο
