5125 6150
1117 833 1290 881 norruruos.
1728 818 1791 882 125

643 1000 721 1064 Non
752 996 875 1062 multos
907 1018 973 1062 esse
1005 997 1141 1061 arbitror
1168 998 1285 1081 quibus
1316 995 1530 1061 MueNenhoff
1555 997 1702 1063 uideatur
1724 1020 1792 1063 rem

598 1125 659 1168 acu
691 1106 849 1189 tetigisse.
883 1101 1082 1187 Quapropter
1112 1100 1293 1185 periculum
1324 1102 1437 1166 faciam
1461 1105 1601 1187 possitne
1624 1104 1793 1187 probabilis

596 1212 707 1294 magis
738 1208 873 1292 proferri
903 1205 1082 1292 explicatio.
1117 1208 1189 1271 Non
1223 1228 1286 1291 quo
1327 1206 1459 1272 Iliadem
1483 1206 1699 1293 Odysseamve
1721 1214 1793 1295 post

597 1312 722 1378 multoe
754 1312 955 1376 destructum
987 1330 1075 1385 eam,
1106 1309 1270 1375 meliorem
1298 1311 1369 1375 dein
1394 1315 1619 1390 restituturus,
1643 1321 1700 1377 aut
1723 1336 1792 1401 my-

596 1420 733 1483 tborum
759 1415 956 1481 naturalium
976 1415 1118 1499 aliquam
1138 1415 1334 1502 farraginem
1354 1438 1442 1481 meos
1461 1420 1494 1481 in
1513 1439 1591 1482 usus
1610 1427 1792 1484 convertere

596 1523 759 1588 studeam.
794 1521 885 1585 Nihil
921 1528 989 1585 tam
1023 1542 1181 1606 magnum
1214 1520 1340 1597 molior,
1376 1543 1478 1607 neque
1508 1523 1623 1588 altiora
1653 1528 1792 1589 nimisve

596 1629 780 1714 longinqua
813 1634 922 1711 petam
930 1648 939 1705 ;
975 1626 1029 1690 sed
1063 1625 1223 1691 Homerus
1259 1648 1343 1691 nunc
1377 1648 1503 1712 quoque
1537 1629 1625 1693 adest
1660 1629 1792 1694 Homeri

595 1736 778 1818 interpres,
814 1731 902 1797 solus
935 1736 1045 1796 antem
1076 1730 1194 1795 sufficit
1224 1731 1264 1796 ad
1297 1732 1498 1797 indicandam
1529 1736 1686 1819 originem
1717 1738 1792 1820 equi

594 1841 745 1925 ingentis
768 1858 830 1923 quo
854 1836 948 1901 Troia
970 1837 1071 1901 fertur
1093 1842 1194 1921 capta.

644 2258 681 2323 In
713 2259 860 2323 cantibus
893 2279 965 2324 orae
997 2259 1141 2344 Aegaeae
1170 2280 1323 2343 spumeus
1354 2260 1514 2346 frangitur
1543 2263 1641 2325 maris
1671 2267 1788 2326 aestus.

597 2364 686 2429 Nori
710 2384 836 2449 semper
854 2363 970 2429 fluctus
990 2364 1224 2449 provolvuntur
1243 2372 1379 2450 urgente
1397 2365 1547 2450 procella,
1569 2369 1645 2431 novi
1665 2388 1791 2452 semper

595 2469 762 2533 nudarum
795 2476 920 2533 montes
949 2471 982 2532 in
1013 2470 1092 2533 duro
1115 2490 1191 2534 saxo
1216 2469 1287 2534 elisi
1311 2474 1477 2534 ruinarum
1501 2471 1626 2555 fragore
1648 2479 1681 2535 et
1704 2493 1791 2536 mare

596 2582 631 2639 et
661 2574 774 2638 littora
806 2573 976 2658 complent.
1008 2574 1055 2638 En
1088 2574 1154 2639 fera
1183 2574 1388 2659 ardentiaque
1411 2577 1542 2660 agmina
1565 2574 1726 2659 Neptuni,
1751 2598 1789 2640 eu

596 2684 671 2764 equi
703 2678 855 2743 indomiti
871 2679 894 2757 ¹)
925 2681 1072 2763 taurique
1100 2680 1212 2744 furiosi
1224 2681 1251 2759 ²)
1283 2701 1322 2743 ex
1345 2682 1512 2743 immensis
1534 2682 1603 2743 eius
1626 2684 1733 2767 regnis
1756 2685 1789 2744 in

595 2792 718 2849 terram
748 2787 906 2850 irruentes
937 2792 1137 2850 trementem.
1173 2785 1301 2870 Regnat
1330 2786 1375 2848 ibi
1406 2805 1445 2848 ex
1476 2807 1539 2869 quo
1569 2806 1707 2870 magnus
1737 2787 1790 2851 hic

596 2889 800 2954 saeculorum
831 2890 905 2954 ordo
929 2897 977 2955 est
1000 2899 1110 2968 natus,
1135 2893 1233 2955 maris
1257 2890 1406 2954 dominus
1430 2893 1561 2967 unicus,
1586 2896 1623 2955 ut
1645 2891 1790 2976 luppiter

596 2994 679 3060 coeli
703 2995 865 3080 Oronsque
888 2996 1001 3060 sedum
1024 2995 1273 3082 caliginosarum
1297 2995 1380 3059 unde
1404 3016 1466 3059 non
1490 2995 1621 3060 reditur.

642 3103 688 3165 At
719 3100 865 3166 aemulus
896 3104 926 3166 ei
957 3107 1005 3167 est
1035 3109 1181 3178 exortus,
1212 3106 1268 3187 qui
1298 3100 1491 3166 lacertorum
1522 3103 1650 3186 quidem
1676 3103 1788 3167 robore

596 3228 714 3292 parum
737 3206 843 3282 valet,
875 3214 908 3271 at
932 3213 1039 3271 mente
1064 3206 1158 3272 valet.
1185 3206 1247 3286 Qui
1268 3213 1400 3271 taurum
1424 3228 1440 3271 e
1465 3228 1634 3272 nemorum
1657 3207 1788 3273 latebris

596 3319 798 3397 protractum
832 3313 892 3376 sub
926 3315 1042 3398 iugum
1078 3315 1185 3387 misit,
1221 3318 1258 3375 ut
1293 3333 1373 3376 unco
1406 3333 1536 3377 vomere
1567 3312 1696 3399 glebam
1727 3315 1788 3378 sibi

596 3416 789 3481 rescinderet
819 3416 960 3481 famulus
991 3416 1118 3493 docilis;
1151 3419 1207 3501 qui
1238 3436 1319 3500 equo
1343 3437 1399 3500 per
1421 3416 1503 3481 latas
1527 3417 1674 3501 planities
1698 3417 1788 3483 lasci·
1819 3402 1821 3406 ’

596 3526 701 3587 rienti
725 3523 852 3586 frenum
875 3525 1001 3598 iniecit,
1029 3529 1065 3585 ut
1092 3543 1187 3586 cursu
1212 3524 1309 3586 citato
1328 3544 1361 3586 se
1380 3533 1504 3606 raperet
1523 3544 1597 3587 cum
1616 3532 1787 3589 ventorum

596 3628 708 3692 flabris
742 3633 932 3699 certantem:
969 3629 1025 3711 qui
1059 3647 1194 3711 magnae
1229 3629 1341 3691 matris
1376 3629 1539 3712 gremium
1574 3649 1691 3692 messes
1726 3629 1788 3692 sibi

595 3753 708 3818 parere
731 3734 828 3797 iussit
851 3734 1099 3818 ministrumque
1123 3732 1183 3795 sibi
1206 3732 1281 3795 fecit
1304 3735 1413 3818 ignem
1438 3753 1604 3797 coruscum
1627 3732 1696 3797 Iovi
1716 3734 1787 3798 suta

631 4039 659 4099 1)
684 4036 782 4085 Fluctus
804 4034 922 4085 irruentes
945 4037 1001 4083 aunt
1025 4035 1079 4098 equi
1096 4037 1218 4083 cursantes
1236 4035 1345 4099 Neptuni
1362 4037 1408 4082 red
1426 4034 1606 4097 κυονοχοοίποο,
1622 4037 1668 4082 τοῦ
1686 4035 1786 4082 ποντίου

597 4119 659 4173 sees,
677 4119 705 4174 se
722 4115 836 4174 κυανέαις
852 4117 937 4173 ’ἵπποις
954 4114 1059 4177 deperdet
1076 4115 1146 4164 itam
1164 4116 1283 4178 πέλαγος.
1302 4116 1380 4165 Clarie
1399 4120 1477 4164 autem
1496 4116 1626 4164 luminibus
1643 4116 1787 4164 inventionis

595 4201 704 4267 poeticae
726 4199 828 4262 insignis
849 4203 886 4249 est
906 4198 990 4247 llisdie
1014 4200 1092 4257 leons,
1115 4197 1155 4246 ubi
1172 4199 1245 4247 maris
1262 4214 1303 4247 rex
1322 4199 1430 4263 pingitur
1447 4213 1517 4245 cursu
1536 4213 1578 4260 per
1594 4197 1689 4245 caerula
1706 4201 1786 4244 vectus

596 4282 676 4342 (ΝΞΒ
692 4296 743 4344 sqq.
749 4302 756 4339 3
774 4281 804 4329 ci.
823 4280 900 4345 Apoll.
918 4280 963 4328 Rh.
979 4280 991 4328 I
1009 4281 1092 4339 1158).
1106 4281 1141 4327 De
1156 4278 1252 4327 Ἱππίου
1267 4281 1407 4343 cognomine
1422 4281 1467 4326 rod
1477 4275 1787 4338 ποντομέδονποςῖένοικπος

595 4369 655 4414 nota
679 4366 736 4410 aunt
761 4361 854 4420 omnia,
880 4378 923 4410 nee
940 4377 987 4409 non
1005 4361 1083 4425 quiris
1100 4361 1211 4410 meminit
1229 4363 1369 4425 Neptunum
1387 4365 1411 4409 et
1428 4360 1533 4424 primum
1550 4375 1636 4423 equum
1654 4373 1743 4407 creasse
1762 4363 1787 4409 et

593 4459 669 4509 equos
686 4443 819 4507 complures
835 4447 933 4506 propter
949 4442 1096 4491 celeritatem
1113 4442 1215 4490 inclutos
1228 4442 1354 4504 (Arionem
1371 4442 1453 4500 illurn,
1472 4456 1544 4504 equos
1560 4438 1655 4503 Pelopia
1669 4439 1786 4503 Idaeque,

594 4543 639 4576 nee
657 4541 705 4574 non
723 4540 796 4588 equos
812 4523 913 4572 Achillia
926 4525 987 4588 apud
1003 4524 1158 4586 recentiores)
1174 4522 1315 4572 mortalibus
1329 4525 1391 4572 douo
1404 4523 1496 4572 dedisse
1511 4522 1547 4570 rel
1562 4520 1633 4570 etiam
1643 4538 1785 4586 procreasse.

629 4608 657 4669 2)
681 4605 755 4654 Tauri
779 4604 880 4667 imagine
903 4604 1051 4668 significatur
1068 4620 1149 4653 caecus
1166 4604 1239 4653 rueris
1256 4607 1397 4668 tempestate
1415 4603 1522 4652 suscitati
1539 4602 1613 4652 furor.
1638 4603 1673 4651 Ut
1689 4604 1784 4652 mittam

593 4689 761 4739 minotaurum
778 4700 848 4750 quern
866 4686 982 4744 Theseus,
1006 4687 1155 4750 alterumque
1171 4686 1241 4735 illum
1258 4690 1355 4734 taurum
1371 4686 1509 4734 Cretensem
1525 4700 1595 4749 quem
1614 4686 1731 4734 Hercules
1747 4701 1787 4733 oc·

591 4771 666 4828 cidit,
685 4773 710 4817 at
728 4775 811 4816 tantm
827 4772 891 4816 certe
908 4768 1078 4816 Marathonius
1095 4783 1108 4815 a
1125 4769 1214 4816 Theseo
1232 4772 1341 4825 necatus,
1363 4765 1432 4815 belua
1448 4782 1508 4829 quae
1527 4765 1654 4831 Hippolyti
1672 4782 1744 4829 equos
1761 4767 1786 4815 iu

592 4853 676 4914 lugam
697 4850 811 4908 coniecit,
835 4853 943 4898 monstra
959 4864 1019 4913 quae
1037 4849 1167 4897 Hesionam
1190 4849 1411 4912 Andromedamque
1428 4852 1483 4896 sunt
1501 4863 1623 4911 eggressu,
1640 4864 1654 4895 a
1672 4849 1786 4914 Neptuno

594 4933 669 4985 missa
684 4935 755 4982 erant
772 4931 863 4991 omnia,
883 4931 958 4981 eidem
975 4934 1056 4984 autem
1072 4932 1133 4982 sacri
1150 4934 1218 4980 erant
1233 4930 1299 4980 tauri
1315 4946 1374 4997 qnos
1390 4929 1482 4979 domuit
1499 4929 1577 4982 Iason.
