5125 6150
665 883 667 887 .
779 829 820 894 14
1179 835 1355 892 ΝΑΡΔΟΣ
1380 835 1569 891 ΠΙΣΤΙΚΗ.

775 1012 911 1077 scribere
942 1011 1168 1075 testimonium
1197 1008 1322 1073 Hicesii
1354 1009 1439 1094 apud
1467 1009 1670 1073 Athenaeum
1699 1006 1759 1071 XV
1788 1029 1819 1093 p.
1847 1005 1913 1072 689
1928 1007 1968 1072 Ι).

775 1118 813 1182 In
843 1116 983 1202 Vulgata
1017 1115 1156 1180 editione
1185 1115 1304 1197 ερὶοοίο
1335 1115 1452 1179 nardus
1484 1114 1619 1191 dicitur;
1646 1152 1688 1162 —
1722 1113 1806 1178 unde
1836 1113 1971 1178 Franci:

769 1224 901 1307 parsum
919 1221 1037 1304 daapic
1060 1220 1198 1305 liquida;
1225 1257 1267 1268 —
1292 1220 1377 1305 quod
1405 1222 1469 1305 ipsi
1492 1242 1588 1304 supra
1613 1220 1770 1296 vidimus,
1795 1240 1907 1284 revera
1930 1220 1971 1283 ab

777 1326 899 1394 Gelono
923 1327 1008 1407 ιιθρα
1031 1329 1174 1390 σπίκατα
1199 1325 1251 1389 καὶ
1276 1328 1439 1403 Φοολθοιτα
1462 1329 1547 1390 inter
1569 1329 1693 1410 optime
1716 1324 1918 1390 celebrantur
1938 1330 1973 1389 et

776 1434 868 1499 facile
902 1434 935 1498 id
969 1454 1084 1498 verum
1117 1454 1184 1497 esse
1215 1432 1375 1497 credimus
1405 1431 1490 1517 quod
1519 1432 1646 1496 Plinius
1677 1431 1787 1496 scribit
1817 1430 1882 1495 XII
1906 1429 1969 1494 26:

778 1538 917 1606 (lemine
948 1539 1020 1604 dote
1050 1538 1142 1603 nardi
1165 1541 1266 1623 spicas
1290 1559 1326 1602 ac
1350 1536 1428 1602 folia
1450 1537 1619 1602 celebrant.
1644 1537 1760 1602 Potero
1783 1539 1882 1601 etiam
1905 1535 1972 1601 alia

776 1667 874 1732 quam
905 1644 1047 1730 plurima
1078 1644 1192 1709 addere
1222 1665 1303 1729 quae
1334 1644 1430 1708 habet
1461 1643 1702 1728 Marquardtins
1733 1642 1855 1727 Antiqq.
1880 1642 1969 1706 Pria

776 1774 807 1837 p.
834 1750 917 1829 761;
943 1750 998 1815 sed
1021 1771 1115 1815 nemo
1140 1749 1256 1815 dixerit
1276 1749 1434 1834 quomodo
1455 1752 1610 1822 σπικθτνς
1630 1751 1663 1812 in
1683 1757 1804 1822 πιςικῆς
1825 1750 1972 1832 potuerit

776 1857 872 1921 abire.
904 1855 1063 1940 Equidem
1095 1855 1173 1918 dum
1203 1876 1272 1919 rem
1302 1858 1335 1918 in
1368 1870 1479 1919 omnes
1503 1862 1608 1940 partes
1632 1854 1814 1931 versabam,
1839 1852 1971 1918 tandem

776 1982 813 2027 eo
837 1961 950 2027 deveni
973 1965 1011 2024 ut
1035 1964 1183 2045 putarem
1207 1960 1291 2025 nihil
1314 1960 1403 2025 eliud
1423 1981 1515 2045 posse
1534 1959 1634 2026 latere
1654 1962 1716 2024 nisi
1737 1960 1811 2038 hoo,
1831 1959 1970 2024 nardum

776 2068 874 2131 fuisse
898 2066 1062 2151 liquidam:
1087 2065 1260 2129 effunditur
1278 2071 1363 2131 certe
1383 2087 1422 2131 ex
1442 2065 1585 2132 vasculo.
1609 2064 1794 2149 Seplasiarii
1814 2086 1852 2128 ex
1871 2066 1971 2150 spicis

776 2171 829 2238 vel
851 2171 935 2236 soliis
959 2192 1145 2257 expressum
1169 2192 1284 2236 sucum
1307 2171 1376 2236 oleo
1399 2172 1544 2237 infusum
1567 2177 1723 2257 coquunt:
1743 2172 1899 2250 μορεψθαν
1918 2192 1969 2256 ap

775 2277 907 2364 pellant.
939 2276 1096 2361 Theophr.
1128 2277 1168 2341 ad
1199 2277 1285 2342 odor.
1321 2278 1378 2341 14:
1411 2284 1470 2341 τῶν
1493 2277 1524 2341 δέ
1547 2280 1648 2357 μύρον
1673 2279 1690 2350 ιθ
1713 2277 1846 2349 σθνθεσιο
1870 2277 1924 2341 καὶ
1950 2280 1968 2352 ἡ

777 2385 956 2457 ιιατοισιιενθρ
976 2384 1010 2448 τὸ
1029 2380 1096 2447 ὅλον
1117 2377 1175 2447 οἷον
1197 2384 1254 2453 εἰς
1280 2384 1537 2463 θησανρισμθ
1545 2407 1560 2446 ν
1583 2384 1628 2451 ε’ςι
1649 2384 1708 2447 τῶν
1726 2382 1843 2458 θσμῶν·
1866 2383 1968 2462 διθπερ

776 2490 820 2561 εἰς
849 2487 992 2553 τοῦλαιον
1024 2488 1174 2552 τίθενται·
1206 2492 1298 2553 τοῦτο
1329 2489 1392 2566 νθιρ
1415 2490 1620 2569 χρονιώτατον
1643 2488 1695 2552 καὶ
1720 2484 1792 2564 ἅμα
1815 2488 1888 2567 πρὸς
1912 2490 1968 2562 τὴν

776 2595 886 2674 χρείαν
915 2594 1042 2671 μάλισθ’
1066 2593 1235 2671 θρμθττον·
1261 2594 1374 2659 deinde
1397 2594 1435 2660 de
1458 2594 1528 2660 oleo
1552 2593 1763 2680 amygdalino
1787 2598 1875 2659 varie
1899 2616 1969 2680 pro

775 2702 924 2778 nunciat,
956 2699 1045 2764 addit
1075 2704 1201 2765 tamen:
1233 2701 1315 2777 Φασὶ
1340 2699 1448 2764 δὲκαὶ
1472 2702 1515 2772 εἰς
1539 2701 1581 2764 τοὶ
1605 2698 1759 2764 σπουδαῖα
1783 2705 1841 2763 τῶν
1864 2702 1967 2778 μύρων

776 2804 941 2884 ἁρμόττειν
971 2803 1069 2884 ὥσπερ
1101 2805 1153 2869 καὶ
1187 2804 1221 2868 τὸ
1252 2806 1287 2869 εἰι
1310 2814 1364 2880 τῆς
1388 2805 1542 2883 βαλοθνοιι.
1565 2803 1600 2869 Si
1625 2807 1697 2889 quis
1720 2811 1881 2889 practerea
1905 2806 1967 2870 hoc

775 2916 867 2976 curat
889 2913 984 2987 scire,
1010 2948 1052 2959 —
1077 2931 1272 2995 quamquam
1297 2932 1334 2976 ea
1357 2934 1406 2977 res
1425 2912 1464 2977 ed
1485 2914 1565 2977 sacri
1585 2916 1691 2975 textus
1710 2910 1967 2977 emendationem

775 3038 838 3083 non
862 3018 1019 3103 pertineat
1043 3052 1084 3065 -
1109 3017 1286 3082 secundum
1308 3016 1453 3083 Plinium
1479 3017 1557 3082 XIII
1582 3016 1600 3083 7
1621 3019 1726 3083 resina
1745 3024 1802 3083 eut
1819 3020 1967 3104 gummis

774 3121 924 3187 adiicitur
961 3120 1000 3185 ad
1040 3122 1268 3187 continendum
1311 3122 1439 3188 odorem
1477 3125 1511 3187 in
1550 3143 1696 3207 corpore;
1737 3122 1903 3188 celerrime
1938 3126 1968 3188 is

774 3229 935 3292 evanescIt
964 3232 1060 3311 etque
1092 3226 1221 3304 defluit,
1246 3230 1274 3291 si
1298 3248 1360 3292 non
1384 3232 1461 3292 sunt
1484 3229 1561 3293 haec
1584 3226 1700 3292 addite.
1725 3226 1892 3292 Nimirum
1916 3237 1966 3292 est

774 3353 812 3398 ea
843 3331 994 3410 „fixetio”
1031 3353 1128 3417 quarn
1161 3336 1370 3419 unguentarii
1401 3334 1496 3400 hodie
1527 3332 1706 3418 appellant,
1740 3354 1836 3417 quem
1866 3333 1967 3399 Theo

775 3438 924 3523 phrastus
947 3438 1029 3502 dixit
1053 3438 1265 3518 θιρσαιιρισμθν.
1290 3439 1393 3518 Quam
1416 3442 1521 3526 igitur
1542 3438 1679 3503 nardum
1701 3438 1819 3504 mulier
1841 3438 1966 3518 attulit,

775 3544 918 3608 nonfuit
943 3563 979 3607 ea
1003 3542 1098 3623 ἔνθα,
1123 3565 1186 3609 non
1211 3553 1335 3623 παχεῖα
1360 3545 1415 3611 sed
1440 3546 1539 3625 ὑγροὶ,
1563 3567 1624 3610 non
1649 3547 1748 3621 sicca,
1773 3567 1836 3610 non
1860 3567 1967 3611 crasse

775 3649 830 3714 sed
860 3648 1001 3733 liquida:
1038 3649 1130 3712 libari
1161 3656 1302 3734 poterat,
1335 3651 1534 3727 σπένδεσθαι,
1567 3670 1642 3713 nam
1672 3653 1772 3714 etiam
1802 3653 1835 3714 in
1867 3650 1965 3717 Sacro

775 3754 890 3821 Codice
920 3774 985 3818 non
1014 3755 1179 3820 inauditus
1209 3776 1288 3820 usus
1320 3762 1369 3821 ast
1392 3758 1483 3822 verbi
1507 3758 1688 3840 ceteroquin
1713 3756 1967 3840 frequentissimi

775 3860 912 3925 σπένδειν
931 3865 964 3924 et
983 3861 1113 3936 σπονδή,
1134 3860 1236 3925 veluti
1262 3858 1376 3927 Genea.
1402 3860 1526 3925 XXXV
1553 3860 1612 3924 14:
1638 3861 1690 3925 eal
1717 3859 1823 3937 ἔπερσεν
1847 3864 1964 3942 Ἰακὼβ

775 3966 871 4042 ςιθλιρν
895 3967 925 4028 ἐν
948 3966 991 4043 τῷ
1014 3965 1098 4043 τθπιρ
1121 3959 1142 4046 ᾦ
1168 3967 1305 4041 έλοθλιρσε
1330 3969 1401 4044 μετ’
1425 3968 1519 4031 αὑτοῦ
1544 3967 1558 4030 θ
1579 3965 1641 4039 θεδς
1662 3967 1759 4042 saiano
1777 3968 1890 4043 λιθθνιρν
1911 3969 1964 4033 καθ

775 4071 965 4137 ἔσπεισεν
997 4071 1045 4133 ἐπ’
1077 4071 1175 4143 αὐτὴν
1206 4071 1373 4145 σπονδέρν
1405 4073 1457 4135 καὶ
1491 4072 1622 4150 ἐπέχεεν
1652 4074 1701 4135 ἐπ’
1731 4076 1828 4147 αὐτὴν
1851 4073 1964 4140 έλαιον.

774 4177 860 4242 Hinc
883 4165 932 4241 uti
954 4177 1101 4253 arbitror,
1125 4176 1247 4262 liquida
1270 4178 1389 4243 nardus
1408 4198 1489 4262 quae
1507 4199 1547 4242 ex
1565 4178 1710 4263 ampulla
1729 4179 1858 4257 libatur,
1880 4187 1966 4246 recte

774 4284 837 4349 dici
868 4285 986 4368 poterit
1017 4285 1160 4358 οπειςιιιθ
1192 4290 1224 4348 et
1253 4287 1288 4348 in
1311 4283 1498 4371 Evangeliie
1520 4285 1689 4369 utrobique
1712 4287 1964 4353 commendabo:

775 4390 881 4469 νοθρδον
905 4397 1124 4463 σπιιτικιῑς
1149 4394 1337 4462 πολυτελοῦς
1362 4389 1415 4455 vel
1438 4391 1619 4465 πολοπθμον.
1645 4389 1716 4455 Non
1740 4390 1816 4455 alibi
1839 4391 1965 4478 legitur

773 4496 834 4561 hoc
857 4496 1070 4573 adiectivum,
1095 4495 1149 4560 sed
1173 4501 1221 4561 est
1243 4496 1417 4561 formatum
1438 4495 1616 4561 secundum
1635 4495 1814 4582 analogiam
1835 4504 1867 4562 et
1886 4497 1964 4563 talia

773 4622 831 4687 pro
854 4622 888 4665 re
911 4608 985 4665 nata
1007 4602 1046 4666 ab
1069 4622 1259 4686 unoquoque
1283 4602 1460 4688 finguntur.
1485 4602 1581 4686 Apud
1603 4601 1748 4665 Plinium
1769 4602 1876 4668 XVIII
1898 4604 1962 4668 105

774 4708 865 4792 panis
887 4707 1051 4788 sperationis
1074 4716 1121 4772 est
1145 4729 1164 4772 a
1186 4707 1565 4786 festinationemue&
1586 4706 1726 4771 σπεύδειν
1747 4709 1850 4774 dictus
1870 4713 1962 4775 item·

774 4832 836 4897 que
867 4811 970 4890 νθρδοο
1000 4817 1194 4888 σπειτιιιθ
1227 4814 1290 4879 dici
1320 4816 1428 4900 potuit
1458 4812 1545 4892 παρὰ
1567 4812 1601 4877 τὸ
1625 4813 1772 4879 σπένδειν.
1798 4817 1962 4902 Aristoph.

773 4917 852 5002 qu.
878 4915 983 4984 1378:
