5125 6150
683 841 747 907 456
1063 861 1105 906 so
1129 858 1358 907 sarsromssrus
1380 857 1471 906 ivus.

684 1029 817 1092 minime
847 1029 932 1092 enim
962 1029 1150 1111 interpretes
1180 1028 1226 1090 ita
1255 1027 1339 1090 inter
1360 1045 1393 1090 se
1416 1027 1615 1090 consentiunt
1638 1031 1675 1090 ut
1698 1047 1755 1111 pro
1779 1032 1864 1091 certa

684 1140 778 1220 atque
801 1133 962 1220 explorata
984 1133 1061 1198 haec
1083 1152 1133 1197 res
1156 1134 1255 1217 possit
1276 1132 1394 1197 haberi.

730 1240 850 1327 Incipio
881 1243 984 1327 igitur
1011 1260 1029 1305 a
1060 1239 1204 1305 versibus
1228 1237 1314 1303 1614
1327 1260 1403 1324 sqq„
1428 1260 1507 1324 quos
1529 1238 1673 1325 legentes
1698 1259 1736 1304 no
1760 1241 1794 1303 in
1818 1260 1864 1304 er·

683 1370 787 1414 rorem
818 1348 1013 1413 abducamur
1043 1352 1091 1411 est
1120 1345 1306 1411 cavendum.
1337 1346 1506 1431 Neptunus
1540 1347 1585 1410 ibi
1617 1367 1673 1431 per
1700 1367 1732 1411 se
1756 1349 1864 1432 ipsum

684 1453 818 1522 ridicule
841 1457 947 1520 iurans
970 1453 1009 1519 ad
1031 1454 1247 1518 Pisetaerum:

907 1561 941 1633 vi
964 1561 1015 1626 τὸν
1039 1559 1188 1638 Ποσειδῶ,
1212 1558 1350 1637 ταυταγὶ
1376 1565 1476 1633 καλῶς
1501 1558 1615 1638 λέγεις.

1170 1674 1379 1732 ΗΡΑΚΛΗΣ.

909 1773 960 1838 καὶ
985 1773 1050 1851 ἐμοὶ
1074 1774 1163 1838 δοκεῖ.

1132 1887 1432 1945 ΠΕΙΣΕΤΑΙΡΟΣ.
1454 1879 1507 1961 (ad
1530 1878 1741 1959 Triballum:)

1176 1985 1490 2067 NMNQNJ

1145 2102 1402 2159 ΤΡΙΒΛΛΛΟΣ.

1457 2201 1675 2280 ναβαισατρεῦ.

1126 2312 1426 2371 ΠΕΙΣΕΤΑΙΡΟΣ.

908 2413 996 2496 ὄρᾷς;
1021 2413 1143 2479 ἐπαινεῖ
1164 2407 1285 2492 χοῦτος.
1311 2409 1408 2493 ἕτερόν
1433 2437 1481 2477 νυν
1507 2411 1549 2477 ἔτι

910 2518 1065 2584 decusare
1089 2519 1152 2583 κτὲ.
1402 2510 1405 2515 ’

686 2627 774 2693 Haec
797 2629 824 2692 si
847 2626 887 2693 ad
908 2625 1051 2695 litteram
1073 2629 1280 2712 accipiuntur,
1305 2628 1388 2711 perit
1409 2625 1470 2691 loci
1494 2625 1693 2692 festivissimi
1722 2647 1866 2692 acumen.

686 2734 768 2799 Nam
799 2739 855 2797 aut
885 2754 947 2797 non
977 2732 1075 2798 talem
1107 2731 1235 2818 qualem
1264 2753 1338 2797 sum
1370 2734 1519 2797 novimus
1548 2753 1631 2795 nunc
1654 2753 1687 2796 se
1710 2735 1870 2817 praestitit

686 2843 842 2918 comicus,
879 2847 935 2903 aut
967 2838 1144 2905 Triballum
1177 2860 1212 2904 so
1242 2841 1356 2924 capitis
1387 2845 1486 2917 nutu,
1518 2860 1553 2904 eo
1584 2844 1695 2924 gestu,
1720 2860 1756 2903 eo
1780 2842 1868 2903 vocis

686 2968 760 3012 sono
789 2952 934 3012 utentem
964 2948 1038 3012 fecit
1059 2945 1143 3011 unde
1166 2947 1395 3031 spectatoribus
1419 2945 1501 3011 clare
1524 2952 1688 3031 appareret
1711 2967 1786 3010 eum
1809 2948 1869 3010 mi-

687 3058 773 3122 nime
804 3056 950 3142 gentium
982 3056 1092 3119 ceteris
1122 3055 1284 3131 assentiri,
1310 3053 1364 3118 sed
1387 3052 1426 3118 ad
1449 3076 1574 3140 pugnos
1598 3060 1630 3118 et
1654 3053 1751 3139 flagra
1775 3055 1868 3118 unice

687 3184 753 3229 esse
784 3169 941 3248 paratum.
978 3161 1045 3240 Quo
1077 3164 1182 3247 magis
1213 3165 1260 3225 est
1289 3158 1449 3225 ludicrum
1480 3161 1513 3224 id
1541 3161 1624 3246 quod
1648 3159 1800 3225 Hercules
1824 3195 1866 3209 -

688 3290 762 3334 nam
784 3268 880 3333 huius
903 3268 979 3333 haec
1000 3268 1096 3332 verba
1119 3288 1186 3331 esse
1209 3274 1300 3331 acute
1323 3267 1406 3332 vidit
1424 3266 1559 3354 Bentley
1579 3305 1620 3317 -
1640 3266 1782 3331 lancibus
1803 3270 1869 3331 suis

688 3383 833 3440 metuens
856 3377 967 3439 statim
990 3375 1174 3460 subiungit:
1199 3374 1286 3457 ipsiu
1311 3374 1432 3440 ἐπαινεῖ
1452 3372 1579 3454 χοῦτος,
1605 3375 1720 3437 video?
1751 3382 1779 3437 et
1806 3374 1870 3455 ipse

689 3483 840 3548 Pireteero
875 3482 1045 3546 assentitur.
1081 3480 1155 3546 Sive
1190 3488 1298 3546 autem
1329 3484 1448 3558 inanis,
1484 3488 1520 3545 ut
1553 3482 1696 3557 arbitror,
1728 3485 1776 3544 est
1807 3502 1870 3544 vox

690 3588 912 3666 ναβαισατρεῦ,
937 3591 1005 3652 sive
1027 3590 1133 3674 graeci
1156 3585 1277 3671 aliquid
1301 3590 1334 3651 in
1358 3609 1393 3653 sa
1416 3587 1510 3665 latet,
1536 3597 1658 3652 certum
1682 3593 1729 3651 est
1753 3588 1870 3651 frustra

689 3697 785 3761 fuisse
818 3697 1006 3779 interpretes
1036 3696 1092 3779 qui
1122 3694 1310 3773 „assesso
1341 3695 1365 3758 ol
1397 3692 1546 3775 rpsir’'(!)
1577 3693 1629 3759 rel
1659 3692 1763 3757 simile
1794 3693 1871 3777 quid

690 3801 763 3868 inde
786 3800 905 3866 efficere
930 3806 1003 3865 sunt
1027 3803 1140 3865 conati.
1162 3800 1245 3866 Nam
1263 3801 1297 3865 id
1317 3801 1401 3885 quod
1421 3801 1498 3865 dicit
1518 3804 1550 3864 in
1569 3799 1682 3886 lingua
1701 3797 1871 3864 'triballico

692 3907 874 3989 „relucta”
899 3907 950 3973 vel
974 3910 1027 3986 „ot
1051 3908 1117 3983 δῆτ’
1140 3905 1263 3988 trop?
1287 3908 1465 3995 significare
1489 3909 1612 3973 credere
1635 3909 1792 3972 iubemur.

734 4016 914 4080 Sententiae
937 4021 1107 4100 postquam
1130 4021 1205 4079 sunt
1226 4016 1343 4092 dictae,
1367 4018 1433 4079 itur
1455 4019 1488 4079 in
1509 4014 1674 4099 suffragia,
1695 4021 1726 4079 et
1746 4016 1869 4098 primus

580 4204 583 4208 Ι
690 4120 845 4188 Hercules
868 4128 929 4201 (vs.
958 4119 1071 4199 1626):
1096 4144 1145 4201 epo
1168 4130 1312 4203 sceptrum
1335 4122 1438 4184 avitos
1456 4122 1636 4184 reddendum
1655 4142 1762 4184 carseo.
1788 4119 1870 4184 Dein

693 4227 878 4313 Neptunus:
907 4226 1071 4290 Triballum
1094 4235 1190 4290 autem
1213 4250 1284 4309 repo
1307 4227 1381 4313 quid
1403 4235 1526 4290 censeat.
1551 4225 1611 4291 Cui
1636 4225 1805 4291 Hercules:

914 4333 927 4397 ὃ
952 4332 1150 4414 Τριβαλλός,
1175 4334 1312 4415 οἰμώζειν
1337 4336 1419 4399 δοκεῖ
1440 4355 1499 4411 rcr3

692 4447 798 4526 aperte
822 4461 904 4505 nunc
928 4461 1052 4525 quoque
1074 4439 1211 4506 illudens
1236 4439 1343 4506 coeliti
1366 4440 1505 4505 barbaro.
1530 4438 1590 4519 Qui
1612 4438 1688 4505 licet
1710 4461 1772 4504 non
1796 4444 1872 4505 satis

692 4549 770 4613 bens
799 4567 911 4633 graece
940 4550 1035 4623 sciat,
1069 4546 1189 4612 dudum
1223 4553 1329 4612 tamen
1353 4550 1472 4633 optime
1495 4545 1655 4611 intellexit
1678 4547 1774 4611 rideri
1797 4567 1830 4610 se
1854 4568 1873 4611 a

693 4654 810 4732 sodali,
842 4657 948 4740 itaque
979 4656 1116 4739 scipione
1148 4657 1257 4740 opinor
1288 4658 1317 4719 ei
1348 4657 1499 4719 minitans
1533 4653 1671 4719 balbutit
1700 4653 1871 4739 quaedam,

725 4915 752 4977 l)
770 4914 825 4962 Non
843 4913 961 4962 Pirctacn'
977 4913 1016 4962 sed
1033 4914 1139 4976 Neptuni
1156 4913 1213 4962 baec
1230 4912 1300 4961 verbe
1316 4928 1365 4961 esso
1382 4911 1493 4961 arbitror.
1514 4913 1580 4976 Ques
1598 4920 1676 4959 tamen
1693 4909 1871 4974 quaestiuncula

691 4996 787 5062 impunc
805 5011 867 5045 nunc
883 5000 961 5061 potest
979 4995 1079 5060 negligi,
1097 4996 1209 5059 quonism
1226 5011 1276 5045 rem
1296 4995 1321 5043 in
1338 5011 1384 5058 qus
1401 5009 1523 5043 versemur
1541 5010 1587 5043 non
1604 4994 1689 5059 tangit.
