5125 6150
1072 837 1343 885 rusosnrcnoanu.
1738 814 1802 882 297

609 1024 702 1067 suam
727 1021 837 1066 secum
860 1008 989 1087 neptem
1013 1004 1142 1067 Ascanii
1163 1002 1263 1067 filiam
1285 1002 1467 1067 Rhomam”
1488 1002 1587 1086 (Fest.
1608 1024 1639 1087 p.
1654 1001 1721 1066 290
1733 1001 1806 1081 M.)‚

609 1111 745 1195 denique
777 1113 804 1173 si
835 1109 982 1174 videmus
1013 1116 1091 1194 quot
1122 1109 1241 1174 fabulis
1272 1116 1304 1173 et
1337 1131 1434 1194 quam
1459 1112 1556 1174 variis
1580 1110 1655 1174 haee
1679 1110 1803 1173 Aeneae

609 1217 761 1281 historiae
785 1237 856 1300 pars
880 1236 897 1279 a
921 1216 1129 1300 scriptoribus
1152 1217 1280 1280 Asianis
1304 1217 1346 1279 sit
1365 1224 1533 1292 exornata,
1554 1236 1657 1279 nonne
1677 1214 1805 1280 adduci·

609 1344 684 1386 mur
702 1328 740 1385 ut
760 1321 925 1385 credamus
946 1324 1029 1386 mira
1048 1322 1204 1405 quaedam
1228 1321 1266 1386 de
1291 1323 1407 1405 pinetis
1430 1320 1511 1398 illis,
1535 1322 1674 1406 „quibus
1693 1320 1804 1406 Phryx

608 1431 681 1513 pius
705 1450 782 1492 usus
802 1427 892 1491 erat''
912 1448 931 1491 a
950 1434 1045 1513 poeta
1063 1427 1115 1492 vel
1136 1430 1288 1512 scriptore
1308 1427 1507 1514 Pergameno
1528 1448 1594 1492 esse
1613 1424 1776 1491 enarrata?

653 1535 701 1598 Ex
742 1534 950 1618 Pergamenis
984 1536 1092 1618 itaque
1127 1534 1308 1619 originibus
1342 1540 1450 1599 natam
1480 1555 1553 1615 esse
1587 1531 1731 1597 sahulem
1766 1532 1804 1597 de

607 1641 742 1704 navibus
766 1642 799 1703 in
824 1640 984 1725 nymphas
1006 1641 1159 1715 mutetis,
1180 1639 1212 1703 id
1234 1642 1389 1724 suspicari
1409 1639 1524 1704 saltem
1546 1660 1607 1703 non
1629 1639 1804 1730 absurdum

607 1752 664 1810 est.
687 1747 926 1830 Argumentum
946 1745 1105 1832 Pergamo
1125 1748 1342 1829 aptissimum.
1364 1747 1435 1811 Non
1456 1749 1544 1810 enim
1563 1746 1687 1809 Aeneae
1708 1744 1803 1808 modo

608 1856 765 1916 virtutem
798 1851 951 1916 extollere
986 1851 1037 1915 illi
1072 1858 1182 1936 poetae
1216 1852 1401 1937 cupiebant,
1438 1852 1492 1916 sed
1524 1852 1584 1916 hoc
1615 1852 1804 1936 praesertim

607 1958 695 2022 cordi
724 1961 763 2022 iis
795 1965 863 2022 erat
894 1966 931 2022 ut
962 1957 1083 2022 illustri
1115 1957 1260 2043 exemplo
1293 1958 1458 2034 docerent,
1493 1958 1710 2022 Romanorum
1733 1977 1803 2041 pro-

607 2085 723 2140 avum,
748 2084 787 2126 ex
811 2084 888 2149 agro
913 2063 1048 2128 Troiano
1070 2063 1259 2141 oriundum,
1280 2063 1369 2129 illinc
1388 2065 1568 2148 profectum
1586 2084 1653 2128 esse
1674 2083 1803 2127 summa

608 2170 724 2234 Matris
743 2167 879 2255 Cybeles
900 2168 1000 2234 tutela
1018 2173 1201 2248 munitum;
1222 2191 1284 2234 non
1305 2177 1472 2255 tamquam
1491 2169 1571 2234 alter
1590 2169 1701 2234 Ulixes
1721 2174 1804 2246 „ter-

606 2279 651 2339 ris
680 2278 817 2339 iactatus
848 2283 879 2339 et
903 2274 989 2339 alto”
1013 2278 1047 2339 in
1071 2275 1201 2340 Italiam
1225 2279 1406 2361 pervenisse
1429 2275 1591 2361 putandus
1614 2281 1682 2340 erat
1705 2274 1760 2338 sed
1784 2296 1803 2339 a

607 2380 758 2467 perieulis
789 2381 936 2445 defensus
968 2382 1007 2445 ab
1038 2384 1108 2467 ipsa
1139 2381 1244 2446 Matre
1278 2381 1371 2446 Idaea
1404 2385 1503 2446 etsie
1530 2387 1657 2458 „certus
1682 2383 1803 2444 incerta

607 2486 750 2572 pericula
773 2485 946 2551 lustrans'’.
969 2487 1081 2572 Neque
1105 2508 1179 2552 vero
1203 2488 1369 2573 oportebat
1388 2486 1459 2551 aliis
1483 2487 1632 2551 heroibus
1655 2488 1802 2570 postponi

608 2593 792 2658 Troianum.
814 2593 906 2671 Quid,
924 2630 965 2640 -
987 2597 1033 2658 ita
1052 2592 1102 2657 illi
1122 2615 1230 2658 secum
1251 2631 1294 2642 -
1314 2593 1418 2658 lasoni
1438 2593 1536 2656 fuerit
1555 2592 1721 2656 Minervae
1744 2612 1803 2676 ope

608 2702 700 2763 navis
719 2699 894 2775 οιύδιὶεοσοι,
907 2698 1075 2764 velocitate
1088 2720 1240 2784 superans
1254 2698 1405 2763 mortales
1417 2719 1514 2763 naves
1528 2695 1572 2778 1)ῗ
1591 2698 1680 2783 Argo
1693 2699 1802 2782 itaque

608 2804 680 2881 illa,
709 2813 878 2889 postquam
903 2808 991 2869 senio
1015 2806 1156 2870 confecta
1180 2826 1216 2870 ac
1240 2803 1396 2869 dissolute
1420 2811 1484 2882 est,
1509 2803 1728 2868 immortalem
1752 2802 1803 2867 ad-

608 2914 761 2995 ipiscetur
781 2917 918 2987 sortem,
939 2932 1073 2995 eamque
1095 2949 1135 2958 -
1157 2911 1189 2974 id
1211 2911 1295 2995 quod
1314 2912 1447 2995 gravius
1467 2916 1514 2974 est
1536 2948 1573 2959 -
1597 2910 1724 2975 debebit
1742 2911 1804 2974 arti

609 3016 899 3082 Alexandrinorum
924 3025 1107 3102 poetarum:
1132 3019 1198 3082 ium
1222 3016 1348 3083 caelum
1370 3017 1528 3082 inhabitat
1551 3023 1584 3081 et

836 3123 928 3195 Κυνὸς
953 3123 1106 3199 μεγοέλοιο
1131 3127 1203 3187 κοτ’
1226 3126 1310 3202 οὐρὴν
1335 3121 1461 3187 ἕλκετοιι
1485 3124 1598 3204 Ἀργώ,
1613 3121 1639 3203 ⁹)

609 3236 642 3294 at
673 3232 764 3293 nevis
794 3229 887 3293 Idaea
919 3235 1080 3314 putrescet
1111 3237 1168 3295 aut
1198 3227 1424 3316 conflagrabit?
1455 3229 1526 3294 Non
1558 3231 1635 3293 sinit
1663 3229 1722 3294 hoc
1746 3235 1803 3294 sut

609 3333 746 3421 Cybeles
777 3338 928 3399 maiestas
960 3342 1017 3400 aut
1048 3336 1189 3422 dignitas
1221 3340 1299 3401 artis
1330 3336 1557 3422 Pergamenae.
1593 3372 1635 3384 —
1667 3334 1802 3421 Cybeles

610 3444 812 3506 maiestatem
844 3441 929 3506 haud
962 3447 1080 3506 temere
1110 3464 1270 3520 memor0;
1301 3464 1340 3506 an
1363 3441 1548 3506 dubitemus
1572 3443 1650 3527 quin
1674 3443 1708 3505 in
1732 3442 1805 3506 Per-

610 3550 757 3633 gamenis
777 3569 831 3612 seu
852 3550 979 3633 scriptis
999 3569 1055 3612 seu
1080 3550 1274 3613 carminibus
1296 3569 1393 3633 penes
1417 3545 1559 3633 Cybelen
1583 3548 1681 3611 fuerit
1703 3545 1806 3611 tutele

611 3656 736 3716 Aeneae
767 3674 806 3716 ex
838 3656 942 3737 patria
974 3651 1187 3738 egredientis?
1218 3654 1412 3717 Etiamnunc
1436 3675 1474 3718 ex
1498 3659 1666 3738 poetarum
1689 3652 1805 3717 Rome-

611 3780 727 3822 norum
752 3761 930 3823 narratione
955 3759 987 3822 id
1011 3760 1131 3824 efficere
1154 3757 1245 3824 lieet!
1270 3758 1576 3845 Tamquam'digito
1601 3757 1735 3825 Ovidius
1755 3757 1807 3822 ad·
1833 3752 1835 3757 ’

612 3872 751 3930 stantem
775 3865 866 3929 deam
892 3873 1049 3930 monstrat
1073 3848 1161 3931 Fasc'
1178 3865 1231 3930 IV.
1257 3865 1339 3930 251:

794 3993 868 4035 cum
892 3971 1023 4036 Troiam
1047 3973 1169 4036 Aeneas
1190 3971 1291 4037 Italos
1314 3976 1455 4057 portaret
1477 3974 1511 4036 in
1534 3992 1644 4057 agros,

839 4084 887 4141 est
910 4078 968 4142 dea
991 4079 1153 4143 sacriferas
1176 4099 1275 4163 paene
1299 4084 1408 4144 secute
1430 4086 1524 4143 rates.

646 4292 672 4354 l)
700 4291 769 4356 Apud
792 4289 903 4355 Apollon.
921 4291 941 4339 I.
962 4292 1009 4340 524
1033 4289 1153 4339 columbae
1176 4291 1251 4340 vincit
1273 4291 1408 4348 celeritate,
1430 4293 1493 4355 qnod
1518 4292 1567 4340 lere
1590 4290 1699 4341 miraculi
1720 4292 1803 4340 instar.

612 4375 713 4423 Maioris
736 4378 815 4421 autern
839 4373 1037 4437 deprehendimus
1060 4373 1171 4423 miraculi
1194 4373 1309 4423 indicium
1332 4374 1357 4422 in
1381 4373 1441 4422 Pliu.
1467 4374 1491 4422 λ.
1509 4392 1532 4421 ιι.
1558 4375 1596 4423 13.
1608 4374 1639 4423 52
1657 4374 1807 4423 ,Alexander

611 4456 739 4507 Cornelius
756 4454 865 4503 arborem
882 4470 959 4503 οονιενι
977 4454 1106 4518 appellavit
1124 4471 1151 4503 ex
1169 4471 1216 4518 qna
1232 4455 1473 4518 sntseoetsrgo‘t
1489 4454 1588 4504 Invoco
1605 4459 1718 4520 corrupta
1732 4455 1807 4503 lutere

611 4536 707 4585 αἰώνιον
724 4536 771 4585 ism
789 4537 831 4584 diu
848 4536 961 4585 viderunt
978 4537 1024 4585 viri
1043 4538 1113 4585 docti.

645 4622 673 4683 2)
697 4623 765 4668 Aret.
786 4618 871 4681 picen.
895 4619 951 4667 342.
975 4619 1087 4682 peditat.
1107 4619 1158 4667 cat.
1182 4621 1214 4669 35
1238 4618 1310 4674 Αὕτη
1334 4615 1375 4667 διὰ
1397 4618 1443 4675 τὴν
1468 4616 1569 4675 Ἀθηνᾶν
1589 4615 1685 4674 ἐντοῖς
1705 4615 1805 4679 ἄστροις

612 4699 726 4762 ἐτάχθη,
744 4699 827 4760 τρώτκ
846 4701 895 4762 γὰρ
912 4699 977 4755 αὕτη
996 4702 1053 4755 ναῦς
1071 4698 1258 4754 κατεσκευάσθη
1274 4698 1316 4747 nai
1331 4698 1437 4761 ἀρχῆθεν
1453 4698 1598 4758 ἔτικτονιὶθιρ
1615 4698 1771 4762 φωνήεσσιν.
1783 4737 1805 4750 ..

613 4782 639 4830 δὲ
664 4779 782 4843 γενομένη
808 4779 892 4840 τρώτν
910 4784 940 4829 τὸ
958 4779 1070 4842 σέλοιγος
1090 4777 1178 4828 διεῖλεν
1195 4779 1292 4841 ἄβατον
1307 4778 1343 4835 bs,
1360 4781 1391 4827 ἵν’
1408 4776 1422 4844 ᾗ
1440 4783 1493 4839 τοῖς
1510 4779 1710 4845 ἐπιγιγνομένοις
1727 4782 1807 4843 νεκρά-

614 4863 708 4925 δειγμον
723 4862 894 4925 σαφέστατον.
911 4864 1004 4911 Ιιιίιιιίε
1019 4863 1098 4911 delent
1111 4863 1215 4911 editores
1230 4862 1302 4911 verbs
1311 4861 1353 4911 κοιῖ
1361 4891 1393 4900 -
1404 4863 1557 4922 trescentis.
1573 4867 1806 4915 Lucuucmstutuers

613 4944 816 5011 postposuissem
833 4950 950 5010 praestet,
968 4960 1039 5008 quam
1057 4943 1166 5010 suppleas
1183 4944 1290 4994 addendo
1308 4943 1421 5001 τοιαύτη.
