5125 6150
1034 847 1146 895 nalum
1168 846 1342 895 conuenae.
1704 827 1768 896 377

583 1012 730 1098 Milphio
765 1010 926 1096 paulisper
960 1015 1058 1077 etiam
1092 1015 1126 1077 in
1160 1032 1250 1078 scena
1281 1019 1424 1077 moretur
1454 1017 1564 1078 statim
1594 1021 1770 1080 secuturus.

583 1120 759 1185 Retinetur
782 1126 889 1183 tamen
913 1119 1052 1184 adventu
1077 1122 1238 1205 inopinato
1263 1140 1423 1198 sororum,
1448 1142 1509 1205 quo
1532 1120 1637 1206 lepido
1656 1128 1773 1206 specta-

583 1225 663 1292 culo
694 1246 785 1290 erum
816 1232 929 1290 evocat
958 1233 996 1290 ut
1025 1226 1159 1303 fruatur,
1191 1226 1273 1291 unde
1305 1229 1407 1291 oritur
1437 1248 1527 1292 scena
1551 1227 1582 1305 2,
1614 1247 1676 1311 qua
1699 1249 1772 1294 sane

583 1333 645 1397 din
680 1335 926 1416 interrumpitur
957 1331 1023 1397 doli
1053 1335 1266 1418 praeparatio,
1296 1334 1349 1397 sed
1381 1333 1536 1399 eiusmodi
1565 1355 1686 1400 moram
1710 1357 1771 1400 non

586 1445 682 1504 curat
704 1439 881 1515 comoedia,
914 1459 994 1523 qnae
1017 1460 1192 1523 numquam
1215 1440 1345 1504 festinat
1369 1443 1456 1504 etin
1476 1444 1657 1525 temporum
1680 1445 1772 1508 ratio

585 1547 685 1611 nibus
716 1544 993 1630 negligentissima
1023 1551 1088 1625 est,
1120 1552 1158 1610 ut
1189 1546 1300 1611 docent
1320 1544 1465 1630 exempla
1489 1567 1507 1611 a
1530 1546 1679 1632 hangeno
1702 1570 1771 1614 con-

583 1658 681 1739 gesta
697 1651 729 1730 ¹).
755 1651 824 1717 Hac
848 1651 1085 1737 simplicissima
1108 1655 1299 1718 correctione
1318 1652 1388 1717 leve
1408 1655 1526 1717 vitium
1545 1653 1722 1738 explicatur
1740 1663 1772 1720 et

584 1762 729 1835 sanatur,
760 1757 905 1822 debitum
936 1779 997 1822 non
1031 1765 1141 1842 poetae
1172 1757 1225 1822 sed
1255 1757 1460 1823 librariorum
1482 1762 1631 1825 incuriae.
1657 1760 1771 1827 Leonis

584 1867 784 1940 coniectura,
809 1863 1049 1950 Agorastoclem
1071 1867 1104 1929 in
1129 1862 1235 1929 fabula
1256 1885 1370 1951 graeca
1394 1869 1595 1950 proscenium
1616 1888 1678 1932 non
1702 1868 1772 1933 reli-

584 1974 712 2057 quisse,
731 1972 876 2036 cohaeret
895 1992 969 2034 cum
988 1974 1057 2036 eins
1078 1973 1225 2055 opinione
1244 1970 1281 2036 de
1293 1974 1393 2036 totius
1405 1993 1515 2037 scenae
1526 1976 1770 2059 compositione,

585 2098 685 2164 quam
709 2099 784 2142 mox
808 2080 980 2163 separatim
1004 2077 1283 2142 considerabimus.

632 2182 771 2248 Transeo
794 2184 833 2248 ad
856 2186 998 2268 primum
1022 2187 1157 2261 vitium,
1182 2205 1296 2269 nempe
1319 2183 1474 2249 Plautum
1498 2207 1536 2250 ex
1554 2207 1666 2271 gracco
1685 2187 1771 2253 fonte

584 2292 733 2355 omisisse
750 2292 924 2367 rationem,
946 2312 1002 2355 cur
1025 2289 1131 2376 Lycus
1155 2288 1345 2355 adolescenti
1368 2290 1510 2375 puellam
1534 2292 1654 2358 tradere
1677 2296 1772 2378 perti·

583 2400 706 2462 nacitor
735 2402 868 2461 recuset.
900 2396 984 2461 Mihi
1014 2403 1123 2462 antem
1153 2404 1278 2481 praeter
1308 2396 1367 2461 hoc
1396 2399 1494 2462 etiam
1517 2396 1578 2462 alia
1601 2398 1771 2465 desiderari

583 2503 745 2579 videntur,
770 2523 789 2566 a
812 2502 926 2567 Plauto
949 2501 1111 2589 neglecta,
1134 2500 1253 2567 scilicet
1273 2522 1397 2587 preces,
1418 2502 1533 2587 quibus
1551 2504 1769 2589 Agorastocles

583 2613 669 2675 servi
693 2630 823 2695 operam
846 2612 1059 2685 invocaverit,
1082 2614 1115 2674 et
1134 2608 1230 2673 huius
1248 2611 1415 2692 promissio
1434 2630 1466 2674 se
1487 2630 1615 2694 operam
1635 2616 1770 2695 praesta·

582 2724 707 2781 turum.
733 2715 854 2780 Neutra
878 2736 927 2780 res
950 2719 983 2779 in
1005 2736 1118 2801 graeco
1141 2714 1300 2800 colloquio
1320 2715 1442 2792 abesse,
1464 2717 1573 2794 credo,
1594 2721 1715 2801 potuit;
1735 2721 1768 2783 in

583 2823 685 2888 latino
707 2823 874 2888 inchoatur
897 2821 1024 2907 quidem
1046 2821 1145 2886 altera
1164 2842 1219 2906 per
1237 2820 1428 2907 Milphionis
1448 2826 1646 2908 rogationem
1658 2845 1688 2890 v.
1705 2824 1768 2889 152

589 2930 645 2993 Sed
667 2931 740 3014 quid
761 2953 839 2992 nunc
861 2930 917 2993 tibi
938 2928 1019 3005 cisi,
1045 2949 1158 2993 verum
1181 2951 1244 2993 non
1267 2927 1453 2992 absolvitur.

634 3032 807 3103 Gohaerent
830 3036 888 3101 hae
911 3037 1095 3102 omissiones
1118 3056 1191 3101 cum
1216 3034 1315 3100 altero
1339 3037 1435 3114 vitio,
1460 3035 1542 3120 quod
1562 3057 1674 3122 nempe
1694 3036 1768 3102 Mil·

586 3142 660 3228 phio
684 3141 892 3207 callidissime
915 3146 1084 3207 inventum
1108 3141 1277 3207 consilinm
1301 3162 1362 3205 non
1387 3149 1460 3207 ante
1480 3141 1567 3207 domi
1585 3143 1786 3223 meditatur‚·

583 3251 638 3315 sed
662 3253 774 3314 statim
796 3253 829 3314 in
854 3257 1006 3336 promptu
1028 3250 1124 3315 habet
1148 3256 1179 3314 et
1199 3249 1306 3315 ordine
1326 3255 1458 3314 enarrat.
1484 3249 1648 3315 Intercidit
1666 3254 1769 3338 igitur

583 3359 715 3442 insuper
736 3362 809 3421 ante
834 3378 864 3421 v.
891 3354 954 3420 159
979 3357 1086 3421 brevis
1109 3376 1201 3421 scena
1224 3354 1376 3433 secunda,
1400 3376 1456 3439 per
1479 3376 1575 3440 quam
1598 3355 1707 3422 dolum
1732 3361 1765 3422 in

583 3463 715 3528 aedibus
738 3465 894 3548 excoquit.
920 3462 1030 3542 Qualis
1053 3465 1145 3527 eain
1167 3482 1327 3547 anonyma
1351 3459 1555 3546 probabiliter
1578 3462 1691 3541 fuerit,
1716 3463 1768 3530 do

584 3576 633 3634 cet
654 3570 766 3646 Persa,
786 3570 843 3634 nbi
859 3572 891 3633 in
912 3568 1011 3634 simili
1030 3591 1133 3634 rerum
1154 3568 1334 3634 condicione
1346 3568 1476 3633 Toxilus
1495 3567 1510 3632 I
1530 3569 1545 3632 1
1565 3590 1596 3633 v.
1609 3575 1766 3655 postremo

582 3680 628 3742 sio
653 3675 813 3760 loquitur:
843 3700 935 3762 acque
957 3699 1005 3740 cro
1029 3677 1108 3740 domi
1131 3679 1200 3740 dem
1223 3676 1323 3738 lenom‘
1345 3697 1481 3739 excoxero
1503 3676 1628 3755 malam,
1653 3677 1766 3743 deinde

581 3803 730 3849 reversus
763 3781 882 3847 13.1:
915 3805 1023 3846 omnem
1047 3805 1106 3846 rem
1128 3782 1230 3846 inveni
1252 3781 1435 3866 profertque
1458 3785 1648 3869 excogitata.
1679 3782 1766 3849 Dum

581 3891 688 3965 abest,
721 3888 927 3974 soliloquium
958 3889 994 3954 fit
1026 3910 1044 3953 a
1076 3889 1217 3953 Parasito
1248 3890 1384 3973 triginta
1413 3888 1477 3953 sere
1504 3910 1665 3954 versuum.
1690 3889 1766 3957 'lale

582 3994 792 4080 soliloquium
809 3997 842 4058 in
862 3995 1005 4060 Poenulo
1025 3997 1190 4080 aptissime
1210 3994 1325 4059 dixerit
1344 3994 1465 4082 Lycus,
1485 4016 1580 4080 quem
1598 3999 1630 4060 in
1649 3998 1765 4064 actull

581 4102 771 4167 redeuntem
802 4101 948 4167 videmus
979 4123 996 4167 e
1027 4099 1164 4186 templo,
1196 4102 1366 4166 abeuntem
1389 4100 1467 4165 illnc
1490 4122 1551 4165 non
1574 4101 1715 4168 vidimus
1727 4104 1764 4183 ²).

580 4208 682 4274 Erant
713 4189 819 4272 tamen
851 4229 931 4293 qnae
962 4210 1104 4294 apposite
1135 4229 1210 4272 cum
1239 4208 1469 4291 spectatoribus
1500 4211 1763 4288 communicaret,

580 4315 642 4381 hoe
673 4316 878 4399 praesertim,
911 4336 968 4379 cur
990 4314 1078 4379 nulla
1101 4316 1293 4398 parsimonia
1315 4314 1446 4379 Veneris
1469 4314 1670 4380 voluntatem
1695 4339 1764 4382 con-

582 4419 693 4485 ciliare
728 4421 789 4485 sibi
822 4423 856 4484 in
892 4424 997 4486 animo
1032 4422 1160 4486 haberet
1194 4424 1329 4505 (aperire
1358 4420 1446 4485 iubet
1477 4423 1677 4507 haruspicem
1708 4443 1764 4487 sex

582 4532 715 4613 agnos),
758 4525 879 4592 scilicet
919 4534 957 4591 ut
998 4527 1055 4592 dea
1073 4542 1075 4548 ·
1095 4533 1235 4592 mentem
1270 4525 1484 4612 Agorastoclis
1524 4527 1691 4593 inclinaret
1724 4528 1763 4593 ad

582 4630 727 4719 puellam
768 4635 881 4717 quovis
923 4636 1024 4719 pretio
1061 4634 1245 4711 emendam,
1285 4654 1346 4717 quo
1386 4640 1576 4721 argumento
1617 4634 1764 4700 facundia

588 4802 763 4812 .‘-—.--
777 4803 783 4807 .

616 4902 641 4961 1)
656 4899 740 4949 Studia
754 4897 866 4948 Plautina
882 4915 903 4964 p.
923 4900 1037 4963 rrasqq„
1055 4899 1108 4959 133,
1125 4899 1179 4959 lea,
1195 4900 1253 4960 133,
1268 4899 1325 4958 133,
1343 4899 1396 4956 153,
1413 4899 1459 4948 153
1470 4914 1514 4962 sq,
1529 4900 1584 4960 138,
1594 4901 1649 4960 133,
1660 4900 1707 4949 aba
1717 4903 1761 4950 etc.

616 4985 642 5045 3)
658 4986 756 5034 Sorores
772 4986 827 5032 autc
843 4986 868 5031 et
884 4987 938 5047 post
954 4983 1114 5033 visitationem
1127 4983 1210 5049 templi
1228 4984 1253 5031 in
1269 4998 1361 5033 eccum
1378 4983 1490 5047 produnt.
