5125 6150
1098 831 1264 879 numne.

814 996 968 1061 Damnosi
992 997 1086 1060 facito
1111 995 1279 1059 6161111111
1303 1015 1395 1078 saepe
1419 1014 1528 1059 canes:

768 1102 1026 1168 61161611661111
1049 1102 1108 1165 sub
1133 1104 1276 1185 imagine
1301 1098 1442 1164 calculus
1465 1102 1543 1164 ibit:

814 1207 877 1272 Fac
900 1213 1007 1292 pereat
1029 1209 1134 1270 vitreo
1158 1205 1253 1269 miles
1276 1206 1315 1270 ab
1338 1206 1430 1270 hoste
1454 1211 1539 1270 tuus.

583 1313 651 1377 Hic
683 1312 731 1376 111
761 1312 936 1396 quidquam
968 1311 1059 1375 nobis
1090 1331 1173 1373 nunc
1203 1316 1345 1374 remanet
1377 1311 1518 1374 obscuri:
1544 1319 1576 1373 tc
1598 1311 1675 1373 mole
1698 1312 1780 1373 iacto

583 1421 673 1480 dato:
706 1423 746 1480 ut
776 1424 833 1481 tua
862 1419 964 1480 amica
993 1419 1118 1492 vincat,
1153 1415 1308 1499 quidquid
1339 1418 1449 1479 iecoris
1473 1415 1555 1480 male
1580 1417 1666 1481 dato:
1693 1417 1725 1480 11.
1751 1436 1778 1479 6.

581 1526 739 1607 imperite
761 1520 898 1586 calculos
921 1527 1118 1605 promovete.
1144 1520 1206 1584 Sed
1230 1520 1322 1584 redeo
1344 1520 1383 1583 ad
1409 1518 1501 1584 talos.

631 1626 855 1693 Memorabilis
889 1626 978 1690 locus
1002 1634 1051 1690 est
1084 1628 1119 1689 11
1149 1625 1257 1689 Plauti
1290 1623 1481 1691 Curculione
1513 1625 1553 1690 Il.
1586 1624 1615 1689 3.
1630 1625 1684 1690 80.
1718 1627 1780 1691 Η16

584 1731 743 1800 Curculio
774 1736 880 1796 narrat
907 1737 1039 1816 patrono
1062 1752 1120 1795 suo
1144 1730 1343 1794 Phaedromo
1365 1751 1398 1794 66
1422 1730 1537 1795 lusisse
1560 1753 1634 1795 cum
1658 1732 1779 1796 milite:

656 1838 835 1921 Postquam
860 1838 963 1900 661611
987 1842 1082 1920 atque
1106 1835 1232 1920 adpot-i,
1262 1835 1343 1899 talos
1367 1838 1468 1920 poscit
1492 1837 1553 1900 sibi
1575 1839 1608 1900 in
1632 1858 1780 1915 manum,

656 1943 817 2007 Provocat
840 1963 891 2006 me
915 1944 950 2004 11
973 1941 1093 2017 aleam,
1119 1949 1157 2005 nt
1180 1961 1241 2026 ego
1262 1940 1382 2004 ludam.
1408 1963 1490 2026 pono
1515 1941 1666 2026 pallium:

657 2047 717 2114 Ille
742 2069 838 2112 auum
863 2045 1019 2111 annulum
1043 2049 1220 2130 opposivit,
1245 2049 1373 2110 invocat
1397 2045 1591 2112 Planesium.

585 2154 675 2219 Tum
698 2152 938 2218 Phaedromus:
963 2151 1094 2215 Meosne
1118 2147 1261 2214 amores?
1284 2149 1464 2236 Respondet
1489 2150 1656 2218 Curculio:

1005 2255 1086 2320 'Pace
1111 2276 1293 2339 parumper.
1318 2259 1394 2320 iacit
1416 2257 1564 2320 caldarios
1586 2265 1736 2342 quattuor.

657 2360 754 2426 Ι16166
778 2364 911 2447 arripio,
934 2363 1049 2425 invoco
1072 2359 1191 2424 almam
1216 2381 1322 2425 meam
1345 2365 1503 2427 nutricem
1528 2361 1758 2443 Η616111611(1).

657 2467 746 2531 Iacto
769 2465 941 2542 batuam,
966 2467 1098 2552 propino
1121 2486 1278 2550 magnum
1303 2465 1448 2551 poclum:
1473 2466 1528 2530 ille
1552 2469 1691 2545 exbibit,

659 2571 767 2657 Caput
791 2572 940 2656 deponit,
963 2571 1197 2636 condormiscit.
1222 2591 1282 2656 ego
1306 2574 1335 2635 ei
1358 2572 1500 2636 subduco
1525 2573 1692 2638 annulum.

587 2678 681 2757 Quod
705 2675 884 2762 plurimum
910 2678 1018 2752 miror,
1043 2676 1209 2760 hucusque
1231 2697 1326 2740 nemo
1348 2676 1457 2741 locum
1480 2677 1566 2741 haud
1589 2682 1685 2742 111116
1706 2679 1784 2743 diffi-

588 2782 687 2848 cilem
717 2782 797 2848 bene
832 2780 1007 2867 expedivit.
1043 2781 1122 2845 lecit
1156 2783 1315 2866 parasitus
1350 2782 1522 2846 basilicam:
1559 2789 1607 2846 661
1642 2783 1693 2849 bic
1723 2787 1784 2848 iac·

588 2895 662 2964 tus,
695 2886 780 2971 quod
811 2890 881 2971 ipso
911 2889 1040 2951 nomine
1070 2888 1228 2972 arguitur,
1259 2889 1405 2950 omnium
1436 2890 1593 2970 optimus,
1627 2891 1783 2953 nimirum

591 2991 878 3070 61-6-1-6-1-6.
905 2991 988 3071 Quid
1011 3000 1084 3055 autc
1106 2993 1223 3055 1666161
1242 2989 1355 3054 miles?
1379 2993 1512 3072 Quotuor
1532 2992 1689 3070 vulturios,
1710 2995 1741 3058 11.
1755 3016 1781 3060 6.

590 3102 656 3163 1161
679 3101 788 3162 omnia
811 3119 866 3163 nos
890 3095 1024 3174 fallunt,
1048 3100 1168 3161 iactum
1200 3101 1386 3181 proximum
1409 3099 1448 3162 ab
1472 3103 1616 3163 omnium
1641 3105 1783 3185 optimo,

590 3226 710 3289 nempe
741 3202 1027 3289 4141414.
1059 3202 1132 3266 lure
1155 3224 1214 3267 suo
1237 3225 1327 3288 epam
1351 3212 1534 3289 conceperat
1558 3205 1652 3270 miles
1675 3228 1708 3271 ae
1733 3209 1783 3272 ab

589 3309 738 3375 laturum
771 3330 838 3373 esse
863 3310 994 3393 parasiti
1017 3293 1154 3391 pallium
1178 3315 1341 3373 ettamen
1364 3312 1469 3373 victus
1493 3310 1565 3373 fuit.
1597 3310 1669 3374 Non
1692 3310 1786 3375 valde

589 3413 771 3480 verisimile
792 3421 840 3478 661
860 3412 928 3477 fieri
948 3412 1117 3497 aliquando
1138 3433 1228 3498 possa
1247 3421 1285 3476 ut
1306 3412 1456 3477 basilicus
1475 3422 1612 3499 quatuor
1624 3416 1785 3482 vulturios

590 3523 719 3594 vincat,
752 3540 828 3583 nam
859 3517 1065 3602 probabilitas
1096 3523 1144 3582 est
1175 3519 1406 3602 propemodum
1436 3518 1543 3594 nulla,
1574 3519 1641 3585 6611.
1666 3523 1783 3602 wlff

591 3624 648 3689 aed
680 3621 745 3687 1616
775 3622 852 3707 qnid
875 3621 1072 3687 comoediam
1096 3623 1195 3686 decet.
1218 3622 1311 3687 Nunc
1335 3626 1433 3687 etiam
1456 3622 1671 3710 intelligimus
1695 3647 1786 3711 quar-

592 3736 666 3793 tum
696 3730 837 3804 iactum,
873 3727 1162 3816 1111111,
1195 3726 1319 3791 dictum
1351 3729 1448 3793 fuisse
1480 3736 1616 3813 quatuor
1639 3751 1730 3795 canes
1753 3739 1786 3796 et

592 3837 719 3898 mirum
744 3835 778 3896 ni
802 3830 1076 3921 3131313
1101 3830 1180 3895 dicti
1202 3840 1277 3895 sunt
1302 3840 1439 3917 quatuor
1460 3832 1540 3918 lupi.

640 3940 727 4004 Hinc
761 3938 867 4003 lucem
898 3940 1031 4022 accipiet
1062 3936 1207 4001 Suetonii
1239 3937 1327 4002 locus
1359 3941 1392 4001 in
1425 3937 1498 4002 Vita
1522 3938 1642 4003 Tiberii
1672 3961 1698 4004 c.
1725 3940 1784 4005 14:

597 4046 729 4125 „Quum
761 4043 930 4129 Illyricum
955 4049 1064 4128 petens
1087 4045 1179 4107 iuxta
1203 4044 1377 4107 Patavium
1401 4043 1517 4108 adisset
1542 4042 1700 4130 Geryonis
1722 4066 1787 4110 ora-

596 4150 727 4227 culum,
760 4154 844 4214 sorte
868 4154 985 4224 116616,
1011 4168 1073 4231 qua
1097 4149 1297 4223 monebatur,
1323 4154 1359 4211 ut
1383 4148 1420 4211 de
1444 4149 1729 4213 consultationibus
1753 4155 1785 4213 11

598 4258 704 4341 Aponi
731 4254 852 4319 fontem
884 4252 967 4318 talos
990 4273 1101 4317 aureos
1124 4255 1257 4330 iaceret,
1282 4255 1390 4317 evenit
1415 4258 1452 4315 ut
1475 4276 1615 4316 commum
1638 4278 1788 4318 inuenerem

597 4363 672 4425 iacti
704 4360 745 4424 ab
776 4380 812 4423 eo
843 4356 1062 4424 ostenderent:
1093 4356 1248 4441 hodieque
1278 4358 1338 4421 sub
1361 4378 1443 4441 aqua
1466 4361 1616 4422 visuntur
1640 4359 1673 4420 hi
1697 4358 1787 4424 tali’'.

598 4464 710 4550 Itaque
742 4467 819 4529 iecit
851 4484 1017 4527 summum
1048 4482 1239 4537 numerum,
1270 4462 1302 4526 h.
1327 4483 1354 4526 e.
1388 4461 1678 4552 6161616,
1703 4464 1735 4528 h.
1760 4486 1787 4530 e.

600 4571 772 4646 basilicum,
799 4572 855 4654 qui
878 4572 908 4635 ei
932 4567 1093 4654 portendit
1115 4569 1300 4652 imperium.

643 4675 716 4740 Non
751 4677 859 4739 minus
894 4672 1102 4738 memorabile
1133 4679 1181 4736 661
1212 4672 1297 4757 quod
1329 4672 1502 4737 Pausanias
1534 4671 1631 4737 tradit
1662 4675 1788 4740 Achaic.

602 4779 707 4845 aad:
741 4778 949 4853 καταβάντων
981 4777 1007 4841 δ’
1031 4778 1064 4840 ἐκ
1096 4777 1209 4855 Βούρας
1240 4781 1280 4848 ὠς
1313 4778 1362 4841 ἐπὶ
1394 4771 1566 4855 θάλασσαν,
1591 4785 1733 4853 ποταμός
1755 4803 1790 4844 τε

602 4886 761 4965 Βουραϊκὸς
793 4886 1013 4966 ὀνομαζόμενος
1045 4883 1096 4947 καὶ
1120 4886 1276 4962 Ἡρακλῆς
1301 4885 1333 4948 οὐ
1357 4884 1461 4961 μέγας
1487 4883 1549 4951 ἒςὶν
1573 4885 1602 4948 ἐν
1628 4886 1789 4966 σπηλαίῳ

1617 5006 1648 5054 16
