<?xml version="1.0" encoding="UTF-8"?>
<!DOCTYPE html PUBLIC "-//W3C//DTD XHTML 1.0 Transitional//EN"
    "http://www.w3.org/TR/xhtml1/DTD/xhtml1-transitional.dtd">
<html xmlns="http://www.w3.org/1999/xhtml" xml:lang="en" lang="en">
 <head>
  <title>
</title>
<meta http-equiv="Content-Type" content="text/html;charset=utf-8" />
  <meta name='ocr-system' content='tesseract 3.04.00' />
  <meta name='ocr-capabilities' content='ocr_page ocr_carea ocr_par ocr_line ocrx_word'/>
</head>
<body>
  <div class='ocr_page' id='page_1' title='image "./mnemosyne04verdgoog_0775.png"; bbox 0 0 5125 6150; ppageno 0'>
   <div class='ocr_carea' id='block_1_1' title="bbox 712 820 1458 886">
    <p class='ocr_par' dir='ltr' id='par_1_1' title="bbox 712 820 1458 886">
     <span class='ocr_line' id='line_1_1' title="bbox 712 820 1458 886; baseline 0 -1"><span class='ocrx_word' id='word_1_1' title='bbox 712 820 779 886; x_wconf 83' lang='lat'><strong>290</strong></span> <span class='ocrx_word' id='word_1_2' title='bbox 1149 837 1191 884; x_wconf 83' lang='lat' dir='ltr'><strong>ou</strong></span> <span class='ocrx_word' id='word_1_3' title='bbox 1214 838 1324 884; x_wconf 73' lang='lat' dir='ltr'><strong>aaran</strong></span> <span class='ocrx_word' id='word_1_4' title='bbox 1346 839 1458 886; x_wconf 78' lang='lat' dir='ltr'><strong>uacua</strong></span> 
     </span>
    </p>
   </div>
   <div class='ocr_carea' id='block_1_2' title="bbox 685 1002 1909 4697">
    <p class='ocr_par' dir='ltr' id='par_1_2' title="bbox 685 1002 1909 3002">
     <span class='ocr_line' id='line_1_2' title="bbox 709 1002 1908 1090; baseline 0 -19"><span class='ocrx_word' id='word_1_5' title='bbox 709 1005 762 1071; x_wconf 91' lang='lat' dir='ltr'><strong>hic</strong></span> <span class='ocrx_word' id='word_1_6' title='bbox 784 1003 852 1069; x_wconf 90' lang='lat' dir='ltr'><strong>illio</strong></span> <span class='ocrx_word' id='word_1_7' title='bbox 874 1005 958 1069; x_wconf 90' lang='lat' dir='ltr'><strong>enim</strong></span> <span class='ocrx_word' id='word_1_8' title='bbox 983 1002 1162 1088; x_wconf 82' lang='lat' dir='ltr'><strong>simplicior</strong></span> <span class='ocrx_word' id='word_1_9' title='bbox 1181 1008 1275 1088; x_wconf 90' lang='lat' dir='ltr'><strong>poeta</strong></span> <span class='ocrx_word' id='word_1_10' title='bbox 1296 1009 1327 1069; x_wconf 91' lang='lat' dir='ltr'><strong>et</strong></span> <span class='ocrx_word' id='word_1_11' title='bbox 1351 1006 1403 1069; x_wconf 90' lang='lat' dir='ltr'><strong>cui</strong></span> <span class='ocrx_word' id='word_1_12' title='bbox 1423 1004 1551 1069; x_wconf 81' lang='lat' dir='ltr'><strong>facilius</strong></span> <span class='ocrx_word' id='word_1_13' title='bbox 1571 1025 1669 1090; x_wconf 91' lang='lat' dir='ltr'><strong>quam</strong></span> <span class='ocrx_word' id='word_1_14' title='bbox 1688 1005 1783 1072; x_wconf 83' lang='lat' dir='ltr'><strong>Livio</strong></span> <span class='ocrx_word' id='word_1_15' title='bbox 1807 1006 1908 1071; x_wconf 89' lang='lat' dir='ltr'><strong>fidem</strong></span> 
     </span>
     <span class='ocr_line' id='line_1_3' title="bbox 708 1109 1909 1199; baseline 0.002 -23"><span class='ocrx_word' id='word_1_16' title='bbox 708 1111 834 1177; x_wconf 81' lang='lat' dir='ltr'>habeas.</span> <span class='ocrx_word' id='word_1_17' title='bbox 869 1109 931 1175; x_wconf 82' lang='lat' dir='ltr'><strong>Sed</strong></span> <span class='ocrx_word' id='word_1_18' title='bbox 966 1115 1052 1175; x_wconf 91' lang='lat' dir='ltr'><strong>certa</strong></span> <span class='ocrx_word' id='word_1_19' title='bbox 1085 1112 1196 1174; x_wconf 91' lang='lat' dir='ltr'><strong>ineunt</strong></span> <span class='ocrx_word' id='word_1_20' title='bbox 1228 1113 1261 1173; x_wconf 94' lang='lat' dir='ltr'><strong>in</strong></span> <span class='ocrx_word' id='word_1_21' title='bbox 1293 1113 1433 1175; x_wconf 84' lang='lat' dir='ltr'><strong>carmine</strong></span> <span class='ocrx_word' id='word_1_22' title='bbox 1464 1109 1622 1176; x_wconf 90' lang='lat' dir='ltr'><strong>Ovidiano</strong></span> <span class='ocrx_word' id='word_1_23' title='bbox 1655 1114 1765 1199; x_wconf 87' lang='lat' dir='ltr'><strong>signa,</strong></span> <span class='ocrx_word' id='word_1_24' title='bbox 1798 1117 1836 1176; x_wconf 93' lang='lat' dir='ltr'><strong>ut</strong></span> <span class='ocrx_word' id='word_1_25' title='bbox 1860 1116 1909 1179; x_wconf 83' lang='lat' dir='ltr'><strong>ite</strong></span> 
     </span>
     <span class='ocr_line' id='line_1_4' title="bbox 708 1216 1909 1302; baseline 0.002 -21"><span class='ocrx_word' id='word_1_26' title='bbox 708 1217 831 1293; x_wconf 89' lang='lat' dir='ltr'><strong>dicam,</strong></span> <span class='ocrx_word' id='word_1_27' title='bbox 856 1216 932 1294; x_wconf 72' lang='lat' dir='ltr'><strong>tac</strong></span> <span class='ocrx_word' id='word_1_28' title='bbox 958 1239 1037 1288; x_wconf 80' lang='grc' dir='ltr'>τινος</span> <span class='ocrx_word' id='word_1_29' title='bbox 1060 1216 1165 1292; x_wconf 73' lang='grc' dir='ltr'><strong><em>λόγου.</em></strong></span> <span class='ocrx_word' id='word_1_30' title='bbox 1193 1217 1361 1281; x_wconf 84' lang='lat' dir='ltr'><strong>Attinebat</strong></span> <span class='ocrx_word' id='word_1_31' title='bbox 1386 1253 1428 1264; x_wconf 89' lang='lat'>-</span> <span class='ocrx_word' id='word_1_32' title='bbox 1452 1222 1486 1281; x_wconf 89' lang='lat' dir='ltr'><strong>et</strong></span> <span class='ocrx_word' id='word_1_33' title='bbox 1507 1237 1583 1302; x_wconf 90' lang='lat' dir='ltr'><strong>prae</strong></span> <span class='ocrx_word' id='word_1_34' title='bbox 1607 1220 1720 1282; x_wconf 88' lang='lat' dir='ltr'><strong>ceteris</strong></span> <span class='ocrx_word' id='word_1_35' title='bbox 1743 1217 1776 1282; x_wconf 93' lang='lat' dir='ltr'><strong>id</strong></span> <span class='ocrx_word' id='word_1_36' title='bbox 1801 1218 1909 1284; x_wconf 88' lang='lat' dir='ltr'><strong>faeere</strong></span> 
     </span>
     <span class='ocr_line' id='line_1_5' title="bbox 708 1323 1907 1409; baseline 0 -20"><span class='ocrx_word' id='word_1_37' title='bbox 708 1324 874 1409; x_wconf 81' lang='lat' dir='ltr'><strong>oportebat</strong></span> <span class='ocrx_word' id='word_1_38' title='bbox 908 1325 978 1387; x_wconf 91' lang='lat' dir='ltr'><strong>eius</strong></span> <span class='ocrx_word' id='word_1_39' title='bbox 1012 1324 1153 1408; x_wconf 78' lang='lat' dir='ltr'><strong>regionis</strong></span> <span class='ocrx_word' id='word_1_40' title='bbox 1185 1325 1371 1407; x_wconf 82' lang='lat' dir='ltr'><strong>scriptores,</strong></span> <span class='ocrx_word' id='word_1_41' title='bbox 1396 1345 1435 1388; x_wconf 84' lang='lat' dir='ltr'><strong>ex</strong></span> <span class='ocrx_word' id='word_1_42' title='bbox 1459 1344 1522 1407; x_wconf 90' lang='lat' dir='ltr'><strong>qua</strong></span> <span class='ocrx_word' id='word_1_43' title='bbox 1545 1325 1689 1409; x_wconf 91' lang='lat' dir='ltr'><strong>quaesita</strong></span> <span class='ocrx_word' id='word_1_44' title='bbox 1716 1327 1748 1388; x_wconf 93' lang='lat' dir='ltr'><strong>in</strong></span> <span class='ocrx_word' id='word_1_45' title='bbox 1773 1323 1907 1389; x_wconf 92' lang='lat' dir='ltr'><strong>ltaliam</strong></span> 
     </span>
     <span class='ocr_line' id='line_1_6' title="bbox 708 1427 1908 1514; baseline 0 -19"><span class='ocrx_word' id='word_1_46' title='bbox 708 1429 878 1495; x_wconf 79' lang='lat' dir='ltr'><strong>devenerat</strong></span> <span class='ocrx_word' id='word_1_47' title='bbox 908 1427 966 1493; x_wconf 91' lang='lat' dir='ltr'><strong>dea</strong></span> <span class='ocrx_word' id='word_1_48' title='bbox 992 1428 1196 1492; x_wconf 89' lang='lat' dir='ltr'><strong>-indicare</strong></span> <span class='ocrx_word' id='word_1_49' title='bbox 1228 1427 1392 1506; x_wconf 90' lang='lat' dir='ltr'><strong>fidelibus,</strong></span> <span class='ocrx_word' id='word_1_50' title='bbox 1425 1450 1550 1514; x_wconf 88' lang='lat' dir='ltr'><strong>semper</strong></span> <span class='ocrx_word' id='word_1_51' title='bbox 1582 1431 1681 1495; x_wconf 81' lang='lat' dir='ltr'><strong>fuisse</strong></span> <span class='ocrx_word' id='word_1_52' title='bbox 1707 1430 1843 1494; x_wconf 82' lang='lat' dir='ltr'><strong>inlatis</strong></span> <span class='ocrx_word' id='word_1_53' title='bbox 1869 1436 1908 1495; x_wconf 91' lang='lat' dir='ltr'><strong>ut</strong></span> 
     </span>
     <span class='ocr_line' id='line_1_7' title="bbox 708 1532 1908 1620; baseline 0.001 -19"><span class='ocrx_word' id='word_1_54' title='bbox 708 1534 877 1620; x_wconf 90' lang='lat' dir='ltr'><strong>aliquando</strong></span> <span class='ocrx_word' id='word_1_55' title='bbox 908 1534 967 1599; x_wconf 91' lang='lat' dir='ltr'><strong>dea</strong></span> <span class='ocrx_word' id='word_1_56' title='bbox 996 1532 1134 1599; x_wconf 76' lang='lat' dir='ltr'><strong>Troiana</strong></span> <span class='ocrx_word' id='word_1_57' title='bbox 1166 1541 1353 1617; x_wconf 91' lang='lat' dir='ltr'><strong>sequeretur</strong></span> <span class='ocrx_word' id='word_1_58' title='bbox 1376 1536 1506 1600; x_wconf 83' lang='lat' dir='ltr'><strong>Aenean</strong></span> <span class='ocrx_word' id='word_1_59' title='bbox 1530 1557 1644 1612; x_wconf 89' lang='lat' dir='ltr'><strong>suum,</strong></span> <span class='ocrx_word' id='word_1_60' title='bbox 1669 1557 1732 1601; x_wconf 92' lang='lat' dir='ltr'><strong>non</strong></span> <span class='ocrx_word' id='word_1_61' title='bbox 1757 1541 1795 1599; x_wconf 92' lang='lat' dir='ltr'><strong>ut</strong></span> <span class='ocrx_word' id='word_1_62' title='bbox 1817 1535 1908 1602; x_wconf 83' lang='lat' dir='ltr'><strong>labo</strong></span> 
     </span>
     <span class='ocr_line' id='line_1_8' title="bbox 706 1640 1907 1727; baseline 0.002 -21"><span class='ocrx_word' id='word_1_63' title='bbox 706 1643 853 1707; x_wconf 89' lang='lat' dir='ltr'><strong>rantibus</strong></span> <span class='ocrx_word' id='word_1_64' title='bbox 884 1640 1068 1705; x_wconf 90' lang='lat' dir='ltr'><strong>subveniret</strong></span> <span class='ocrx_word' id='word_1_65' title='bbox 1099 1641 1270 1725; x_wconf 89' lang='lat' dir='ltr'><strong>nepotibus</strong></span> <span class='ocrx_word' id='word_1_66' title='bbox 1301 1679 1344 1690; x_wconf 89' lang='lat'><em>-</em></span> <span class='ocrx_word' id='word_1_67' title='bbox 1375 1643 1420 1705; x_wconf 91' lang='lat' dir='ltr'><strong>ita</strong></span> <span class='ocrx_word' id='word_1_68' title='bbox 1452 1644 1538 1705; x_wconf 90' lang='lat' dir='ltr'><strong>euim</strong></span> <span class='ocrx_word' id='word_1_69' title='bbox 1566 1641 1686 1726; x_wconf 90' lang='lat' dir='ltr'><strong>fingere</strong></span> <span class='ocrx_word' id='word_1_70' title='bbox 1709 1662 1795 1719; x_wconf 88' lang='lat' dir='ltr'><strong>rem,</strong></span> <span class='ocrx_word' id='word_1_71' title='bbox 1822 1664 1907 1727; x_wconf 89' lang='lat' dir='ltr'><strong>quae</strong></span> 
     </span>
     <span class='ocr_line' id='line_1_9' title="bbox 705 1747 1906 1834; baseline 0.002 -23"><span class='ocrx_word' id='word_1_72' title='bbox 705 1747 865 1812; x_wconf 88' lang='lat' dir='ltr'><strong>Romanos</strong></span> <span class='ocrx_word' id='word_1_73' title='bbox 883 1747 1036 1830; x_wconf 88' lang='lat' dir='ltr'><strong>tangebat</strong></span> <span class='ocrx_word' id='word_1_74' title='bbox 1059 1747 1168 1822; x_wconf 89' lang='lat' dir='ltr'><strong>socios,</strong></span> <span class='ocrx_word' id='word_1_75' title='bbox 1193 1767 1253 1811; x_wconf 92' lang='lat' dir='ltr'><strong>non</strong></span> <span class='ocrx_word' id='word_1_76' title='bbox 1277 1747 1402 1812; x_wconf 88' lang='lat' dir='ltr'><strong>sinebat</strong></span> <span class='ocrx_word' id='word_1_77' title='bbox 1425 1748 1547 1812; x_wconf 90' lang='lat' dir='ltr'><strong>urbana</strong></span> <span class='ocrx_word' id='word_1_78' title='bbox 1570 1750 1704 1812; x_wconf 86' lang='lat' dir='ltr'><strong>comitas</strong></span> <span class='ocrx_word' id='word_1_79' title='bbox 1728 1749 1906 1834; x_wconf 91' lang='lat' dir='ltr'><strong>Pergame-</strong></span> 
     </span>
     <span class='ocr_line' id='line_1_10' title="bbox 685 1852 1904 1939; baseline -0.002 -18"><span class='ocrx_word' id='word_1_80' title='bbox 685 1875 821 1921; x_wconf 62' lang='lat' dir='ltr'><strong>„norum</strong></span> <span class='ocrx_word' id='word_1_81' title='bbox 852 1891 893 1904; x_wconf 89' lang='lat'>-</span> <span class='ocrx_word' id='word_1_82' title='bbox 923 1852 977 1917; x_wconf 88' lang='lat' dir='ltr'><strong>sed</strong></span> <span class='ocrx_word' id='word_1_83' title='bbox 1008 1858 1046 1917; x_wconf 89' lang='lat' dir='ltr'><strong>ut</strong></span> <span class='ocrx_word' id='word_1_84' title='bbox 1075 1873 1094 1916; x_wconf 91' lang='lat' dir='ltr'><strong>a</strong></span> <span class='ocrx_word' id='word_1_85' title='bbox 1124 1853 1310 1936; x_wconf 83' lang='lat' dir='ltr'><strong>potentibus</strong></span> <span class='ocrx_word' id='word_1_86' title='bbox 1341 1853 1438 1938; x_wconf 92' lang='lat' dir='ltr'><strong>digne</strong></span> <span class='ocrx_word' id='word_1_87' title='bbox 1467 1856 1671 1939; x_wconf 88' lang='lat' dir='ltr'><strong>reciperetur,</strong></span> <span class='ocrx_word' id='word_1_88' title='bbox 1700 1856 1805 1939; x_wconf 90' lang='lat' dir='ltr'><strong>iisque</strong></span> <span class='ocrx_word' id='word_1_89' title='bbox 1840 1855 1904 1931; x_wconf 74' lang='grc' dir='ltr'><strong>δοίη</strong></span> 
     </span>
     <span class='ocr_line' id='line_1_11' title="bbox 705 1958 1904 2043; baseline 0.003 -20"><span class='ocrx_word' id='word_1_90' title='bbox 705 1961 788 2032; x_wconf 71' lang='grc' dir='ltr'><strong><em>νίκην</em></strong></span> <span class='ocrx_word' id='word_1_91' title='bbox 819 1959 871 2025; x_wconf 78' lang='lat' dir='ltr'><strong>sal</strong></span> <span class='ocrx_word' id='word_1_92' title='bbox 897 1959 1018 2038; x_wconf 70' lang='grc' dir='ltr'><strong>κράτος.</strong></span> <span class='ocrx_word' id='word_1_93' title='bbox 1042 1958 1208 2023; x_wconf 86' lang='lat' dir='ltr'><strong>Attiuebat</strong></span> <span class='ocrx_word' id='word_1_94' title='bbox 1230 1980 1324 2043; x_wconf 92' lang='lat' dir='ltr'><strong>porro</strong></span> <span class='ocrx_word' id='word_1_95' title='bbox 1347 1958 1463 2024; x_wconf 90' lang='lat' dir='ltr'><strong>lucidis</strong></span> <span class='ocrx_word' id='word_1_96' title='bbox 1487 1981 1616 2025; x_wconf 91' lang='lat' dir='ltr'><strong>monere</strong></span> <span class='ocrx_word' id='word_1_97' title='bbox 1640 1961 1764 2037; x_wconf 92' lang='lat' dir='ltr'><strong>verbis,</strong></span> <span class='ocrx_word' id='word_1_98' title='bbox 1789 1961 1904 2027; x_wconf 86' lang='lat' dir='ltr'><strong>divina</strong></span> 
     </span>
     <span class='ocr_line' id='line_1_12' title="bbox 705 2063 1902 2152; baseline 0.001 -20"><span class='ocrx_word' id='word_1_99' title='bbox 705 2063 842 2152; x_wconf 79' lang='lat' dir='ltr'><strong>Cybeles</strong></span> <span class='ocrx_word' id='word_1_100' title='bbox 861 2087 920 2150; x_wconf 93' lang='lat' dir='ltr'><strong>ope</strong></span> <span class='ocrx_word' id='word_1_101' title='bbox 941 2085 1117 2148; x_wconf 86' lang='lat' dir='ltr'><strong>numquam</strong></span> <span class='ocrx_word' id='word_1_102' title='bbox 1139 2102 1181 2112; x_wconf 93' lang='lat'><em>-</em></span> <span class='ocrx_word' id='word_1_103' title='bbox 1202 2085 1241 2129; x_wconf 92' lang='lat' dir='ltr'><strong>ne</strong></span> <span class='ocrx_word' id='word_1_104' title='bbox 1260 2067 1354 2130; x_wconf 89' lang='lat' dir='ltr'><strong>initio</strong></span> <span class='ocrx_word' id='word_1_105' title='bbox 1374 2065 1505 2149; x_wconf 91' lang='lat' dir='ltr'><strong>quidem</strong></span> <span class='ocrx_word' id='word_1_106' title='bbox 1526 2103 1568 2115; x_wconf 87' lang='lat'>-</span> <span class='ocrx_word' id='word_1_107' title='bbox 1588 2066 1902 2133; x_wconf 71' lang='lat' dir='ltr'><strong>destitutam&#39;fuisse</strong></span> 
     </span>
     <span class='ocr_line' id='line_1_13' title="bbox 702 2170 1902 2258; baseline 0.002 -20"><span class='ocrx_word' id='word_1_108' title='bbox 702 2179 834 2258; x_wconf 82' lang='lat' dir='ltr'><strong>gentem</strong></span> <span class='ocrx_word' id='word_1_109' title='bbox 865 2171 1062 2237; x_wconf 88' lang='lat' dir='ltr'><strong>Aeneadum.</strong></span> <span class='ocrx_word' id='word_1_110' title='bbox 1094 2170 1156 2236; x_wconf 81' lang='lat' dir='ltr'><strong>Sed</strong></span> <span class='ocrx_word' id='word_1_111' title='bbox 1179 2174 1412 2256; x_wconf 89' lang='lat' dir='ltr'><strong>gravissimum</strong></span> <span class='ocrx_word' id='word_1_112' title='bbox 1437 2193 1556 2236; x_wconf 91' lang='lat' dir='ltr'><strong>munus</strong></span> <span class='ocrx_word' id='word_1_113' title='bbox 1578 2175 1771 2257; x_wconf 87' lang='lat' dir='ltr'><strong>impositum</strong></span> <span class='ocrx_word' id='word_1_114' title='bbox 1796 2178 1902 2257; x_wconf 90' lang='lat' dir='ltr'><strong>poetis</strong></span> 
     </span>
     <span class='ocr_line' id='line_1_14' title="bbox 702 2276 1902 2365; baseline 0.001 -21"><span class='ocrx_word' id='word_1_115' title='bbox 702 2276 841 2365; x_wconf 89' lang='lat' dir='ltr'><strong>Cybeles</strong></span> <span class='ocrx_word' id='word_1_116' title='bbox 869 2280 932 2342; x_wconf 90' lang='lat' dir='ltr'><strong>iter</strong></span> <span class='ocrx_word' id='word_1_117' title='bbox 956 2280 990 2341; x_wconf 92' lang='lat' dir='ltr'><strong>in</strong></span> <span class='ocrx_word' id='word_1_118' title='bbox 1013 2283 1113 2342; x_wconf 87' lang='lat' dir='ltr'><strong>terras</strong></span> <span class='ocrx_word' id='word_1_119' title='bbox 1136 2279 1321 2362; x_wconf 89' lang='lat' dir='ltr'><strong>peregrinae</strong></span> <span class='ocrx_word' id='word_1_120' title='bbox 1345 2279 1547 2343; x_wconf 87' lang='lat' dir='ltr'><strong>cantantibus</strong></span> <span class='ocrx_word' id='word_1_121' title='bbox 1569 2279 1629 2344; x_wconf 92' lang='lat' dir='ltr'><strong>hoc</strong></span> <span class='ocrx_word' id='word_1_122' title='bbox 1652 2278 1733 2355; x_wconf 87' lang='lat' dir='ltr'><strong>fuit,</strong></span> <span class='ocrx_word' id='word_1_123' title='bbox 1758 2285 1797 2344; x_wconf 91' lang='lat' dir='ltr'><strong>ut</strong></span> <span class='ocrx_word' id='word_1_124' title='bbox 1821 2284 1902 2345; x_wconf 91' lang='lat' dir='ltr'><strong>anti-</strong></span> 
     </span>
     <span class='ocr_line' id='line_1_15' title="bbox 702 2383 1901 2470; baseline -0.001 -20"><span class='ocrx_word' id='word_1_125' title='bbox 702 2406 781 2470; x_wconf 88' lang='lat' dir='ltr'><strong>quae</strong></span> <span class='ocrx_word' id='word_1_126' title='bbox 810 2383 935 2449; x_wconf 83' lang='lat' dir='ltr'><strong>fabulae</strong></span> <span class='ocrx_word' id='word_1_127' title='bbox 964 2386 1012 2448; x_wconf 90' lang='lat' dir='ltr'><strong>ita</strong></span> <span class='ocrx_word' id='word_1_128' title='bbox 1043 2385 1235 2448; x_wconf 85' lang='lat' dir='ltr'><strong>innovarent</strong></span> <span class='ocrx_word' id='word_1_129' title='bbox 1264 2389 1429 2470; x_wconf 91' lang='lat' dir='ltr'><strong>totamque</strong></span> <span class='ocrx_word' id='word_1_130' title='bbox 1452 2405 1520 2449; x_wconf 91' lang='lat' dir='ltr'><strong>rem</strong></span> <span class='ocrx_word' id='word_1_131' title='bbox 1544 2386 1589 2449; x_wconf 90' lang='lat' dir='ltr'><strong>sic</strong></span> <span class='ocrx_word' id='word_1_132' title='bbox 1613 2385 1837 2469; x_wconf 90' lang='lat' dir='ltr'><strong>disponerent,</strong></span> <span class='ocrx_word' id='word_1_133' title='bbox 1863 2394 1901 2450; x_wconf 89' lang='lat' dir='ltr'><strong>ut</strong></span> 
     </span>
     <span class='ocr_line' id='line_1_16' title="bbox 700 2487 1899 2576; baseline -0.001 -20"><span class='ocrx_word' id='word_1_134' title='bbox 700 2493 789 2576; x_wconf 89' lang='lat' dir='ltr'><strong>Agro</strong></span> <span class='ocrx_word' id='word_1_135' title='bbox 819 2488 955 2554; x_wconf 76' lang='lat' dir='ltr'><strong>Troiano</strong></span> <span class='ocrx_word' id='word_1_136' title='bbox 987 2492 1079 2554; x_wconf 88' lang='lat' dir='ltr'><strong>unice</strong></span> <span class='ocrx_word' id='word_1_137' title='bbox 1110 2489 1216 2553; x_wconf 91' lang='lat' dir='ltr'><strong>deberi</strong></span> <span class='ocrx_word' id='word_1_138' title='bbox 1247 2487 1355 2554; x_wconf 88' lang='lat' dir='ltr'><strong>Mater</strong></span> <span class='ocrx_word' id='word_1_139' title='bbox 1381 2489 1555 2567; x_wconf 86' lang='lat' dir='ltr'><strong>videretur,</strong></span> <span class='ocrx_word' id='word_1_140' title='bbox 1585 2496 1623 2554; x_wconf 93' lang='lat' dir='ltr'><strong>ut</strong></span> <span class='ocrx_word' id='word_1_141' title='bbox 1645 2511 1663 2554; x_wconf 91' lang='lat' dir='ltr'><strong>a</strong></span> <span class='ocrx_word' id='word_1_142' title='bbox 1687 2490 1899 2576; x_wconf 82' lang='lat' dir='ltr'><strong>Pergamenis</strong></span> 
     </span>
     <span class='ocr_line' id='line_1_17' title="bbox 700 2595 1898 2681; baseline 0.002 -20"><span class='ocrx_word' id='word_1_143' title='bbox 700 2617 762 2661; x_wconf 92' lang='lat' dir='ltr'><strong>nou</strong></span> <span class='ocrx_word' id='word_1_144' title='bbox 794 2595 923 2660; x_wconf 89' lang='lat' dir='ltr'><strong>aliunde</strong></span> <span class='ocrx_word' id='word_1_145' title='bbox 947 2597 1126 2679; x_wconf 85' lang='lat' dir='ltr'><strong>quaesitam</strong></span> <span class='ocrx_word' id='word_1_146' title='bbox 1150 2595 1204 2660; x_wconf 91' lang='lat' dir='ltr'><strong>sed</strong></span> <span class='ocrx_word' id='word_1_147' title='bbox 1228 2616 1265 2659; x_wconf 86' lang='lat' dir='ltr'><strong>ex</strong></span> <span class='ocrx_word' id='word_1_148' title='bbox 1290 2598 1418 2680; x_wconf 89' lang='lat' dir='ltr'><strong>propria</strong></span> <span class='ocrx_word' id='word_1_149' title='bbox 1442 2599 1544 2681; x_wconf 88' lang='lat' dir='ltr'><strong>patria</strong></span> <span class='ocrx_word' id='word_1_150' title='bbox 1566 2596 1718 2661; x_wconf 86' lang='lat' dir='ltr'><strong>Romanis</strong></span> <span class='ocrx_word' id='word_1_151' title='bbox 1742 2597 1898 2663; x_wconf 89' lang='lat' dir='ltr'><strong>traditam</strong></span> 
     </span>
     <span class='ocr_line' id='line_1_18' title="bbox 699 2699 1897 2788; baseline 0.001 -21"><span class='ocrx_word' id='word_1_152' title='bbox 699 2723 766 2768; x_wconf 86' lang='lat' dir='ltr'><strong>aeae</strong></span> <span class='ocrx_word' id='word_1_153' title='bbox 797 2722 868 2767; x_wconf 90' lang='lat' dir='ltr'><strong>eam</strong></span> <span class='ocrx_word' id='word_1_154' title='bbox 900 2706 1075 2778; x_wconf 89' lang='lat' dir='ltr'><strong>constaret,</strong></span> <span class='ocrx_word' id='word_1_155' title='bbox 1112 2707 1149 2764; x_wconf 89' lang='lat' dir='ltr'><strong>ut</strong></span> <span class='ocrx_word' id='word_1_156' title='bbox 1178 2699 1309 2764; x_wconf 91' lang='lat' dir='ltr'><strong>nullum</strong></span> <span class='ocrx_word' id='word_1_157' title='bbox 1340 2722 1483 2786; x_wconf 91' lang='lat' dir='ltr'><strong>unquam</strong></span> <span class='ocrx_word' id='word_1_158' title='bbox 1515 2701 1672 2788; x_wconf 91' lang='lat' dir='ltr'><strong>populum</strong></span> <span class='ocrx_word' id='word_1_159' title='bbox 1705 2704 1897 2768; x_wconf 88' lang='lat' dir='ltr'><strong>arctioribus</strong></span> 
     </span>
     <span class='ocr_line' id='line_1_19' title="bbox 698 2806 1896 2875; baseline -0.002 0"><span class='ocrx_word' id='word_1_160' title='bbox 698 2809 949 2875; x_wconf 88' lang='lat' dir='ltr'><strong>sanctioribusve</strong></span> <span class='ocrx_word' id='word_1_161' title='bbox 969 2806 1108 2871; x_wconf 89' lang='lat' dir='ltr'><strong>vinculis</strong></span> <span class='ocrx_word' id='word_1_162' title='bbox 1127 2828 1201 2872; x_wconf 89' lang='lat' dir='ltr'><strong>cum</strong></span> <span class='ocrx_word' id='word_1_163' title='bbox 1219 2807 1374 2872; x_wconf 88' lang='lat' dir='ltr'><strong>Romanis</strong></span> <span class='ocrx_word' id='word_1_164' title='bbox 1386 2810 1591 2873; x_wconf 88' lang='lat' dir='ltr'><strong>coniunctum</strong></span> <span class='ocrx_word' id='word_1_165' title='bbox 1604 2809 1702 2874; x_wconf 81' lang='lat' dir='ltr'><strong>fuisse</strong></span> <span class='ocrx_word' id='word_1_166' title='bbox 1712 2807 1896 2875; x_wconf 91' lang='lat' dir='ltr'><strong>luculenter</strong></span> 
     </span>
     <span class='ocr_line' id='line_1_20' title="bbox 697 2920 1397 3002; baseline -0.006 -21"><span class='ocrx_word' id='word_1_167' title='bbox 697 2920 872 3002; x_wconf 89' lang='lat' dir='ltr'><strong>appareret.</strong></span> <span class='ocrx_word' id='word_1_168' title='bbox 1394 2985 1397 2991; x_wconf 20' lang='grc' dir='ltr'><strong><em>Δ</em></strong></span> 
     </span>
    </p>

    <p class='ocr_par' dir='ltr' id='par_1_3' title="bbox 692 3019 1892 3320">
     <span class='ocr_line' id='line_1_21' title="bbox 741 3019 1892 3108; baseline -0.003 -20"><span class='ocrx_word' id='word_1_169' title='bbox 741 3022 778 3088; x_wconf 95' lang='lat' dir='ltr'><strong>ln</strong></span> <span class='ocrx_word' id='word_1_170' title='bbox 797 3022 936 3088; x_wconf 86' lang='lat' dir='ltr'><strong>carmine</strong></span> <span class='ocrx_word' id='word_1_171' title='bbox 956 3019 1112 3084; x_wconf 90' lang='lat' dir='ltr'><strong>Ovidiano</strong></span> <span class='ocrx_word' id='word_1_172' title='bbox 1133 3021 1202 3086; x_wconf 90' lang='lat' dir='ltr'><strong>eive</strong></span> <span class='ocrx_word' id='word_1_173' title='bbox 1221 3025 1332 3106; x_wconf 89' lang='lat' dir='ltr'><strong>poetae</strong></span> <span class='ocrx_word' id='word_1_174' title='bbox 1351 3020 1487 3086; x_wconf 88' lang='lat' dir='ltr'><strong>Romani</strong></span> <span class='ocrx_word' id='word_1_175' title='bbox 1506 3019 1711 3107; x_wconf 90' lang='lat' dir='ltr'><strong>neglegentia</strong></span> <span class='ocrx_word' id='word_1_176' title='bbox 1721 3022 1790 3086; x_wconf 90' lang='lat' dir='ltr'><strong>sive</strong></span> <span class='ocrx_word' id='word_1_177' title='bbox 1803 3022 1892 3108; x_wconf 90' lang='lat' dir='ltr'><strong>igno·</strong></span> 
     </span>
     <span class='ocr_line' id='line_1_22' title="bbox 692 3126 1890 3211; baseline -0.002 -17"><span class='ocrx_word' id='word_1_178' title='bbox 692 3132 798 3195; x_wconf 89' lang='lat' dir='ltr'><strong>rautia</strong></span> <span class='ocrx_word' id='word_1_179' title='bbox 826 3131 895 3193; x_wconf 87' lang='lat' dir='ltr'><strong>sive</strong></span> <span class='ocrx_word' id='word_1_180' title='bbox 926 3129 996 3211; x_wconf 89' lang='lat' dir='ltr'><strong>ipsa</strong></span> <span class='ocrx_word' id='word_1_181' title='bbox 1027 3129 1096 3191; x_wconf 90' lang='lat' dir='ltr'><strong>eius</strong></span> <span class='ocrx_word' id='word_1_182' title='bbox 1119 3134 1186 3191; x_wconf 91' lang='lat' dir='ltr'><strong>arte</strong></span> <span class='ocrx_word' id='word_1_183' title='bbox 1210 3126 1362 3191; x_wconf 88' lang='lat' dir='ltr'><strong>nonnulla</strong></span> <span class='ocrx_word' id='word_1_184' title='bbox 1385 3148 1425 3191; x_wconf 82' lang='lat' dir='ltr'><strong>ex</strong></span> <span class='ocrx_word' id='word_1_185' title='bbox 1448 3128 1535 3192; x_wconf 89' lang='lat' dir='ltr'><strong>hisce</strong></span> <span class='ocrx_word' id='word_1_186' title='bbox 1559 3127 1740 3192; x_wconf 85' lang='lat' dir='ltr'><strong>exciderent</strong></span> <span class='ocrx_word' id='word_1_187' title='bbox 1763 3149 1890 3192; x_wconf 85' lang='lat' dir='ltr'><strong>necesse</strong></span> 
     </span>
     <span class='ocr_line' id='line_1_23' title="bbox 693 3231 1761 3320; baseline -0.004 -20"><span class='ocrx_word' id='word_1_188' title='bbox 693 3237 765 3301; x_wconf 89' lang='lat' dir='ltr'><strong>fuit.</strong></span> <span class='ocrx_word' id='word_1_189' title='bbox 790 3233 852 3299; x_wconf 82' lang='lat' dir='ltr'><strong>Sed</strong></span> <span class='ocrx_word' id='word_1_190' title='bbox 875 3255 914 3297; x_wconf 92' lang='lat' dir='ltr'><strong>ne</strong></span> <span class='ocrx_word' id='word_1_191' title='bbox 938 3253 974 3298; x_wconf 90' lang='lat' dir='ltr'><strong>ea</strong></span> <span class='ocrx_word' id='word_1_192' title='bbox 998 3231 1128 3317; x_wconf 91' lang='lat' dir='ltr'><strong>quidem</strong></span> <span class='ocrx_word' id='word_1_193' title='bbox 1152 3254 1280 3316; x_wconf 90' lang='lat' dir='ltr'><strong>prorsus</strong></span> <span class='ocrx_word' id='word_1_194' title='bbox 1305 3235 1372 3296; x_wconf 89' lang='lat' dir='ltr'><strong>siue</strong></span> <span class='ocrx_word' id='word_1_195' title='bbox 1396 3236 1536 3320; x_wconf 87' lang='lat' dir='ltr'><strong>vestigio</strong></span> <span class='ocrx_word' id='word_1_196' title='bbox 1559 3236 1761 3298; x_wconf 90' lang='lat' dir='ltr'><strong>interierunt.</strong></span> 
     </span>
    </p>

    <p class='ocr_par' dir='ltr' id='par_1_4' title="bbox 692 3337 1889 3530">
     <span class='ocr_line' id='line_1_24' title="bbox 738 3337 1889 3426; baseline -0.001 -21"><span class='ocrx_word' id='word_1_197' title='bbox 738 3342 826 3406; x_wconf 86' lang='lat' dir='ltr'><strong>Laxo</strong></span> <span class='ocrx_word' id='word_1_198' title='bbox 851 3338 980 3405; x_wconf 89' lang='lat' dir='ltr'><strong>vinculo</strong></span> <span class='ocrx_word' id='word_1_199' title='bbox 1004 3360 1078 3404; x_wconf 91' lang='lat' dir='ltr'><strong>cum</strong></span> <span class='ocrx_word' id='word_1_200' title='bbox 1107 3338 1367 3423; x_wconf 86' lang='lat' dir='ltr'><strong>praecedentibus</strong></span> <span class='ocrx_word' id='word_1_201' title='bbox 1393 3338 1575 3424; x_wconf 88' lang='lat' dir='ltr'><strong>aetiologiis</strong></span> <span class='ocrx_word' id='word_1_202' title='bbox 1601 3343 1670 3425; x_wconf 88' lang='lat' dir='ltr'><strong>ipsa</strong></span> <span class='ocrx_word' id='word_1_203' title='bbox 1696 3339 1735 3404; x_wconf 91' lang='lat' dir='ltr'><strong>de</strong></span> <span class='ocrx_word' id='word_1_204' title='bbox 1766 3337 1889 3426; x_wconf 88' lang='lat' dir='ltr'><strong>Cybele</strong></span> 
     </span>
     <span class='ocr_line' id='line_1_25' title="bbox 692 3444 1723 3530; baseline -0.005 -17"><span class='ocrx_word' id='word_1_205' title='bbox 692 3447 829 3513; x_wconf 89' lang='lat' dir='ltr'><strong>Romam</strong></span> <span class='ocrx_word' id='word_1_206' title='bbox 853 3450 1067 3530; x_wconf 87' lang='lat' dir='ltr'><strong>transportata</strong></span> <span class='ocrx_word' id='word_1_207' title='bbox 1090 3444 1235 3508; x_wconf 89' lang='lat' dir='ltr'><strong>cohaeret</strong></span> <span class='ocrx_word' id='word_1_208' title='bbox 1258 3447 1406 3510; x_wconf 81' lang='lat' dir='ltr'><strong>narratio</strong></span> <span class='ocrx_word' id='word_1_209' title='bbox 1720 3520 1723 3526; x_wconf 32' lang='grc'><strong>,</strong></span> 
     </span>
    </p>

    <p class='ocr_par' dir='ltr' id='par_1_5' title="bbox 828 3549 1742 3743">
     <span class='ocr_line' id='line_1_26' title="bbox 828 3549 1742 3638; baseline -0.002 -21"><span class='ocrx_word' id='word_1_210' title='bbox 828 3553 1012 3638; x_wconf 89' lang='lat' dir='ltr'><strong>Dindymon</strong></span> <span class='ocrx_word' id='word_1_211' title='bbox 1034 3557 1066 3616; x_wconf 91' lang='lat' dir='ltr'><strong>et</strong></span> <span class='ocrx_word' id='word_1_212' title='bbox 1090 3549 1230 3636; x_wconf 82' lang='lat' dir='ltr'><strong>Cybelen</strong></span> <span class='ocrx_word' id='word_1_213' title='bbox 1255 3557 1287 3616; x_wconf 92' lang='lat' dir='ltr'><strong>et</strong></span> <span class='ocrx_word' id='word_1_214' title='bbox 1311 3572 1477 3616; x_wconf 90' lang='lat' dir='ltr'><strong>amoenam</strong></span> <span class='ocrx_word' id='word_1_215' title='bbox 1500 3552 1642 3616; x_wconf 86' lang='lat' dir='ltr'><strong>fontibus</strong></span> <span class='ocrx_word' id='word_1_216' title='bbox 1665 3551 1742 3617; x_wconf 89' lang='lat' dir='ltr'><strong>Iden</strong></span> 
     </span>
     <span class='ocr_line' id='line_1_27' title="bbox 874 3656 1576 3743; baseline 0 -20"><span class='ocrx_word' id='word_1_217' title='bbox 874 3679 999 3742; x_wconf 86' lang='lat' dir='ltr'><strong>semper</strong></span> <span class='ocrx_word' id='word_1_218' title='bbox 1022 3665 1054 3722; x_wconf 94' lang='lat' dir='ltr'><strong>et</strong></span> <span class='ocrx_word' id='word_1_219' title='bbox 1077 3656 1188 3721; x_wconf 88' lang='lat' dir='ltr'><strong>Iliacas</strong></span> <span class='ocrx_word' id='word_1_220' title='bbox 1209 3657 1318 3722; x_wconf 89' lang='lat' dir='ltr'><strong>Mater</strong></span> <span class='ocrx_word' id='word_1_221' title='bbox 1340 3659 1462 3722; x_wconf 90' lang='lat' dir='ltr'><strong>amavit</strong></span> <span class='ocrx_word' id='word_1_222' title='bbox 1485 3679 1576 3743; x_wconf 87' lang='lat' dir='ltr'><strong>opes,</strong></span> 
     </span>
    </p>

    <p class='ocr_par' dir='ltr' id='par_1_6' title="bbox 686 3762 1885 4697">
     <span class='ocr_line' id='line_1_28' title="bbox 689 3762 1885 3849; baseline -0.003 -17"><span class='ocrx_word' id='word_1_223' title='bbox 689 3769 735 3832; x_wconf 89' lang='lat' dir='ltr'><strong>ita</strong></span> <span class='ocrx_word' id='word_1_224' title='bbox 761 3788 810 3833; x_wconf 89' lang='lat' dir='ltr'><strong>vs.</strong></span> <span class='ocrx_word' id='word_1_225' title='bbox 833 3764 899 3829; x_wconf 81' lang='lat'><strong>248</strong></span> <span class='ocrx_word' id='word_1_226' title='bbox 923 3763 1073 3841; x_wconf 91' lang='lat' dir='ltr'><strong>Ovidius,</strong></span> <span class='ocrx_word' id='word_1_227' title='bbox 1099 3785 1137 3827; x_wconf 82' lang='lat' dir='ltr'><strong>ex</strong></span> <span class='ocrx_word' id='word_1_228' title='bbox 1158 3763 1321 3849; x_wconf 90' lang='lat' dir='ltr'><strong>Phrygiae</strong></span> <span class='ocrx_word' id='word_1_229' title='bbox 1342 3764 1474 3829; x_wconf 86' lang='lat' dir='ltr'><strong>Maioris</strong></span> <span class='ocrx_word' id='word_1_230' title='bbox 1493 3770 1526 3829; x_wconf 92' lang='lat' dir='ltr'><strong>et</strong></span> <span class='ocrx_word' id='word_1_231' title='bbox 1545 3762 1692 3829; x_wconf 88' lang='lat' dir='ltr'><strong>Galatiae</strong></span> <span class='ocrx_word' id='word_1_232' title='bbox 1712 3763 1831 3828; x_wconf 88' lang='lat' dir='ltr'><strong>finibus</strong></span> <span class='ocrx_word' id='word_1_233' title='bbox 1851 3767 1885 3828; x_wconf 91' lang='lat' dir='ltr'><strong>in</strong></span> 
     </span>
     <span class='ocr_line' id='line_1_29' title="bbox 689 3868 1885 3959; baseline -0.003 -21"><span class='ocrx_word' id='word_1_234' title='bbox 689 3876 853 3959; x_wconf 90' lang='lat' dir='ltr'><strong>regionem</strong></span> <span class='ocrx_word' id='word_1_235' title='bbox 877 3869 985 3954; x_wconf 90' lang='lat' dir='ltr'><strong>paullo</strong></span> <span class='ocrx_word' id='word_1_236' title='bbox 1009 3872 1113 3954; x_wconf 89' lang='lat' dir='ltr'><strong>magis</strong></span> <span class='ocrx_word' id='word_1_237' title='bbox 1132 3870 1193 3933; x_wconf 89' lang='lat' dir='ltr'><strong>sibi</strong></span> <span class='ocrx_word' id='word_1_238' title='bbox 1213 3876 1324 3933; x_wconf 89' lang='lat' dir='ltr'><strong>notam</strong></span> <span class='ocrx_word' id='word_1_239' title='bbox 1343 3891 1517 3955; x_wconf 86' lang='lat' dir='ltr'><strong>regressus.</strong></span> <span class='ocrx_word' id='word_1_240' title='bbox 1540 3869 1623 3935; x_wconf 91' lang='lat' dir='ltr'><strong>Nam</strong></span> <span class='ocrx_word' id='word_1_241' title='bbox 1646 3873 1678 3933; x_wconf 90' lang='lat' dir='ltr'><strong>et</strong></span> <span class='ocrx_word' id='word_1_242' title='bbox 1696 3868 1885 3957; x_wconf 80' lang='lat' dir='ltr'><strong>Dindymon</strong></span> 
     </span>
     <span class='ocr_line' id='line_1_30' title="bbox 689 3974 1882 4064; baseline -0.003 -22"><span class='ocrx_word' id='word_1_243' title='bbox 689 3979 785 4043; x_wconf 90' lang='lat' dir='ltr'><strong>hocce</strong></span> <span class='ocrx_word' id='word_1_244' title='bbox 808 3983 841 4041; x_wconf 89' lang='lat' dir='ltr'><strong>et</strong></span> <span class='ocrx_word' id='word_1_245' title='bbox 855 3974 984 4064; x_wconf 17' lang='lat' dir='ltr'><strong>*Cybele</strong></span> <span class='ocrx_word' id='word_1_246' title='bbox 1007 3977 1042 4038; x_wconf 92' lang='lat' dir='ltr'><strong>in</strong></span> <span class='ocrx_word' id='word_1_247' title='bbox 1065 3975 1211 4060; x_wconf 91' lang='lat' dir='ltr'><strong>Phrygia</strong></span> <span class='ocrx_word' id='word_1_248' title='bbox 1234 3974 1274 4039; x_wconf 91' lang='lat' dir='ltr'><strong>ad</strong></span> <span class='ocrx_word' id='word_1_249' title='bbox 1297 3974 1547 4060; x_wconf 88' lang='lat' dir='ltr'><strong>Hellespontum</strong></span> <span class='ocrx_word' id='word_1_250' title='bbox 1579 3975 1757 4060; x_wconf 87' lang='lat' dir='ltr'><strong>quaerenda</strong></span> <span class='ocrx_word' id='word_1_251' title='bbox 1789 3983 1882 4040; x_wconf 88' lang='lat' dir='ltr'><strong>sunt:</strong></span> 
     </span>
     <span class='ocr_line' id='line_1_31' title="bbox 689 4080 1885 4168; baseline -0.003 -20"><span class='ocrx_word' id='word_1_252' title='bbox 689 4080 809 4168; x_wconf 89' lang='lat' dir='ltr'><strong>Cybela</strong></span> <span class='ocrx_word' id='word_1_253' title='bbox 838 4082 957 4165; x_wconf 93' lang='lat' dir='ltr'><strong>ubique</strong></span> <span class='ocrx_word' id='word_1_254' title='bbox 985 4086 1060 4144; x_wconf 92' lang='lat' dir='ltr'><strong>sunt</strong></span> <span class='ocrx_word' id='word_1_255' title='bbox 1093 4082 1170 4155; x_wconf 89' lang='lat' dir='ltr'><strong>sita,</strong></span> <span class='ocrx_word' id='word_1_256' title='bbox 1204 4081 1384 4165; x_wconf 89' lang='lat' dir='ltr'><strong>ubicunque</strong></span> <span class='ocrx_word' id='word_1_257' title='bbox 1414 4081 1532 4145; x_wconf 90' lang='lat' dir='ltr'><strong>colitur</strong></span> <span class='ocrx_word' id='word_1_258' title='bbox 1562 4082 1751 4165; x_wconf 67' lang='lat' dir='ltr'><strong>pertusiam</strong></span> <span class='ocrx_word' id='word_1_259' title='bbox 1777 4081 1885 4145; x_wconf 85' lang='lat' dir='ltr'><strong>Mater</strong></span> 
     </span>
     <span class='ocr_line' id='line_1_32' title="bbox 689 4185 1883 4274; baseline -0.003 -20"><span class='ocrx_word' id='word_1_260' title='bbox 689 4186 826 4274; x_wconf 87' lang='lat' dir='ltr'><strong>Cybele;</strong></span> <span class='ocrx_word' id='word_1_261' title='bbox 864 4185 1048 4271; x_wconf 92' lang='lat' dir='ltr'><strong>Dindymon</strong></span> <span class='ocrx_word' id='word_1_262' title='bbox 1079 4192 1187 4249; x_wconf 89' lang='lat' dir='ltr'><strong>autem</strong></span> <span class='ocrx_word' id='word_1_263' title='bbox 1218 4185 1347 4250; x_wconf 92' lang='lat' dir='ltr'><strong>vinculo</strong></span> <span class='ocrx_word' id='word_1_264' title='bbox 1380 4193 1446 4251; x_wconf 90' lang='lat' dir='ltr'><strong>tam</strong></span> <span class='ocrx_word' id='word_1_265' title='bbox 1478 4192 1564 4251; x_wconf 90' lang='lat' dir='ltr'><strong>arcto</strong></span> <span class='ocrx_word' id='word_1_266' title='bbox 1595 4207 1669 4250; x_wconf 93' lang='lat' dir='ltr'><strong>cum</strong></span> <span class='ocrx_word' id='word_1_267' title='bbox 1692 4186 1749 4251; x_wconf 90' lang='lat' dir='ltr'><strong>Ida</strong></span> <span class='ocrx_word' id='word_1_268' title='bbox 1774 4194 1883 4251; x_wconf 88' lang='lat' dir='ltr'><strong>monte</strong></span> 
     </span>
     <span class='ocr_line' id='line_1_33' title="bbox 687 4291 1883 4378; baseline -0.002 -19"><span class='ocrx_word' id='word_1_269' title='bbox 687 4297 894 4359; x_wconf 87' lang='lat' dir='ltr'><strong>coniunctum</strong></span> <span class='ocrx_word' id='word_1_270' title='bbox 922 4312 1102 4355; x_wconf 87' lang='lat' dir='ltr'><strong>memorans</strong></span> <span class='ocrx_word' id='word_1_271' title='bbox 1126 4298 1217 4375; x_wconf 90' lang='lat' dir='ltr'><strong>poeta</strong></span> <span class='ocrx_word' id='word_1_272' title='bbox 1241 4294 1297 4355; x_wconf 83' lang='lat' dir='ltr'><strong>vix</strong></span> <span class='ocrx_word' id='word_1_273' title='bbox 1321 4292 1409 4356; x_wconf 91' lang='lat' dir='ltr'><strong>aliud</strong></span> <span class='ocrx_word' id='word_1_274' title='bbox 1432 4292 1611 4378; x_wconf 86' lang='lat' dir='ltr'><strong>significare</strong></span> <span class='ocrx_word' id='word_1_275' title='bbox 1634 4291 1760 4357; x_wconf 88' lang='lat' dir='ltr'><strong>volebat</strong></span> <span class='ocrx_word' id='word_1_276' title='bbox 1786 4314 1883 4377; x_wconf 91' lang='lat' dir='ltr'><strong>quam</strong></span> 
     </span>
     <span class='ocr_line' id='line_1_34' title="bbox 688 4396 1883 4486; baseline -0.002 -21"><span class='ocrx_word' id='word_1_277' title='bbox 688 4398 884 4486; x_wconf 81' lang='lat' dir='ltr'><strong>Cyzicenum</strong></span> <span class='ocrx_word' id='word_1_278' title='bbox 905 4396 986 4462; x_wconf 90' lang='lat' dir='ltr'><strong>illud</strong></span> <span class='ocrx_word' id='word_1_279' title='bbox 1005 4398 1271 4481; x_wconf 91' lang='lat' dir='ltr'><strong>promunturium</strong></span> <span class='ocrx_word' id='word_1_280' title='bbox 1289 4397 1394 4462; x_wconf 90' lang='lat' dir='ltr'><strong>Rheae</strong></span> <span class='ocrx_word' id='word_1_281' title='bbox 1406 4397 1496 4463; x_wconf 90' lang='lat' dir='ltr'><strong>cultu</strong></span> <span class='ocrx_word' id='word_1_282' title='bbox 1509 4398 1764 4463; x_wconf 90' lang='lat' dir='ltr'><strong>celeberrimum.</strong></span> <span class='ocrx_word' id='word_1_283' title='bbox 1787 4399 1883 4464; x_wconf 88' lang='lat' dir='ltr'><strong>Hunc</strong></span> 
     </span>
     <span class='ocr_line' id='line_1_35' title="bbox 687 4502 1882 4591; baseline -0.003 -18"><span class='ocrx_word' id='word_1_284' title='bbox 687 4507 814 4573; x_wconf 86' lang='lat' dir='ltr'><strong>cultum</strong></span> <span class='ocrx_word' id='word_1_285' title='bbox 839 4504 1028 4590; x_wconf 82' lang='lat' dir='ltr'><strong>Apollonius</strong></span> <span class='ocrx_word' id='word_1_286' title='bbox 1052 4510 1087 4569; x_wconf 89' lang='lat' dir='ltr'><strong>ut</strong></span> <span class='ocrx_word' id='word_1_287' title='bbox 1114 4506 1374 4589; x_wconf 86' lang='lat' dir='ltr'><strong>Argonautarum</strong></span> <span class='ocrx_word' id='word_1_288' title='bbox 1397 4506 1550 4569; x_wconf 91' lang='lat' dir='ltr'><strong>honorem</strong></span> <span class='ocrx_word' id='word_1_289' title='bbox 1574 4511 1725 4591; x_wconf 91' lang='lat' dir='ltr'><strong>augeret,</strong></span> <span class='ocrx_word' id='word_1_290' title='bbox 1750 4502 1882 4571; x_wconf 82' lang='lat' dir='ltr'><strong>Graecis</strong></span> 
     </span>
     <span class='ocr_line' id='line_1_36' title="bbox 686 4609 1882 4697; baseline -0.003 -18"><span class='ocrx_word' id='word_1_291' title='bbox 686 4613 903 4679; x_wconf 81' lang='lat' dir='ltr'><strong>vindicaverat</strong></span> <span class='ocrx_word' id='word_1_292' title='bbox 928 4611 1108 4697; x_wconf 84' lang='lat' dir='ltr'><strong>originibus</strong></span> <span class='ocrx_word' id='word_1_293' title='bbox 1132 4611 1170 4690; x_wconf 91' lang='lat' dir='ltr'><strong>(l.</strong></span> <span class='ocrx_word' id='word_1_294' title='bbox 1196 4610 1272 4675; x_wconf 78' lang='lat'><strong>985.</strong></span> <span class='ocrx_word' id='word_1_295' title='bbox 1300 4609 1401 4690; x_wconf 84' lang='grc'><strong>1134)</strong></span> <span class='ocrx_word' id='word_1_296' title='bbox 1418 4611 1451 4690; x_wconf 87' lang='lat'><strong>¹),</strong></span> <span class='ocrx_word' id='word_1_297' title='bbox 1473 4612 1527 4676; x_wconf 93' lang='lat' dir='ltr'><strong>sed</strong></span> <span class='ocrx_word' id='word_1_298' title='bbox 1551 4609 1650 4677; x_wconf 92' lang='lat' dir='ltr'><strong>simul</strong></span> <span class='ocrx_word' id='word_1_299' title='bbox 1675 4609 1815 4696; x_wconf 91' lang='lat' dir='ltr'><strong>Cybeles</strong></span> <span class='ocrx_word' id='word_1_300' title='bbox 1838 4611 1882 4675; x_wconf 90' lang='lat' dir='ltr'><strong>di-</strong></span> 
     </span>
    </p>
   </div>
   <div class='ocr_carea' id='block_1_3' title="bbox 684 4830 1881 5002">
    <p class='ocr_par' dir='ltr' id='par_1_7' title="bbox 684 4830 1881 5002">
     <span class='ocr_line' id='line_1_37' title="bbox 720 4830 1881 4939; baseline 0.002 -19"><span class='ocrx_word' id='word_1_301' title='bbox 720 4872 747 4934; x_wconf 89' lang='lat'><strong>1)</strong></span> <span class='ocrx_word' id='word_1_302' title='bbox 770 4873 900 4935; x_wconf 83' lang='lat' dir='ltr'><strong>oppugnat</strong></span> <span class='ocrx_word' id='word_1_303' title='bbox 922 4884 950 4918; x_wconf 86' lang='lat' dir='ltr'><strong>ea</strong></span> <span class='ocrx_word' id='word_1_304' title='bbox 972 4884 1033 4933; x_wconf 88' lang='lat' dir='ltr'><strong>quae</strong></span> <span class='ocrx_word' id='word_1_305' title='bbox 1055 4869 1084 4917; x_wconf 92' lang='lat' dir='ltr'><strong>de</strong></span> <span class='ocrx_word' id='word_1_306' title='bbox 1107 4830 1252 4933; x_wconf 73' lang='lat' dir='ltr'><strong>Argonautis</strong></span> <span class='ocrx_word' id='word_1_307' title='bbox 1268 4868 1395 4919; x_wconf 82' lang='lat' dir='ltr'><strong>tradebant</strong></span> <span class='ocrx_word' id='word_1_308' title='bbox 1413 4870 1522 4933; x_wconf 83' lang='lat' dir='ltr'><strong>Cyziceni</strong></span> <span class='ocrx_word' id='word_1_309' title='bbox 1539 4870 1676 4919; x_wconf 83' lang='lat' dir='ltr'><strong>Demetrius</strong></span> <span class='ocrx_word' id='word_1_310' title='bbox 1692 4871 1803 4936; x_wconf 78' lang='lat' dir='ltr'><strong>Scepsius</strong></span> <span class='ocrx_word' id='word_1_311' title='bbox 1819 4872 1881 4939; x_wconf 85' lang='lat' dir='ltr'><strong>apud</strong></span> 
     </span>
     <span class='ocr_line' id='line_1_38' title="bbox 684 4951 986 5002; baseline 0 0"><span class='ocrx_word' id='word_1_312' title='bbox 684 4951 824 5002; x_wconf 83' lang='lat' dir='ltr'><strong>Strabonem</strong></span> <span class='ocrx_word' id='word_1_313' title='bbox 842 4953 863 5001; x_wconf 93' lang='lat'><strong>1.</strong></span> <span class='ocrx_word' id='word_1_314' title='bbox 880 4955 920 5002; x_wconf 76' lang='lat'><strong>45.</strong></span> <span class='ocrx_word' id='word_1_315' title='bbox 983 4955 986 4960; x_wconf 87' lang='lat'>&#39;</span> 
     </span>
    </p>
   </div>
   <div class='ocr_carea' id='block_1_4' title="bbox 0 0 2568 6150">
    <p class='ocr_par' dir='ltr' id='par_1_8' title="bbox 0 0 2568 6150">
     <span class='ocr_line' id='line_1_39' title="bbox 0 0 2568 6150; baseline 0 12"><span class='ocrx_word' id='word_1_316' title='bbox 0 0 2568 6150; x_wconf 95' lang='lat' dir='ltr'><strong> </strong></span> 
     </span>
    </p>
   </div>
  </div>
 </body>
</html>
