5125 6150
1108 850 1318 898 rnuormuns.
1764 835 1805 899 21

618 1022 715 1093 τερον)
737 1015 773 1079 ἂν
796 1016 1006 1091 προσφέροιντο
1027 1037 1107 1100 quae
1127 1016 1272 1082 Slahlius
1292 1019 1383 1101 ponit
1401 1018 1434 1079 in
1447 1016 1641 1101 parenthesi,
1654 1016 1806 1101 Sleupius

621 1129 730 1185 autem
755 1120 921 1184 inserenda
943 1129 1037 1206 putat
1061 1129 1134 1207 post
1155 1144 1181 1186 o.
1208 1121 1226 1188 7
1251 1124 1301 1207 §b
1326 1117 1381 1202 (οἷς
1407 1124 1437 1185 δέ
1457 1130 1603 1185 πλεῖστοι
1624 1123 1805 1199 μεταβολαὶ

617 1228 666 1288 ἐπ’
691 1227 860 1302 ιἰμφότεροι
881 1225 1105 1299 ξυμβεβθκοισι
1130 1227 1238 1291 διίιοιιοέ
1262 1230 1319 1291 εἰσι
1341 1230 1392 1291 καὶ
1414 1230 1618 1291 οὶπιστθτοιτοι
1638 1224 1713 1292 εἶναι
1733 1237 1803 1298 roric

617 1334 818 1410 εὐπραγίαις)
852 1353 923 1396 meo
956 1334 1085 1416 quidem
1109 1335 1229 1398 iudicio
1254 1337 1374 1399 iustam
1399 1355 1491 1398 suam
1515 1334 1621 1398 sedem
1644 1335 1807 1399 habebunt

617 1441 650 1502 in
675 1438 734 1502 line
758 1439 854 1502 huius
877 1441 979 1521 ipsius
1004 1440 1135 1523 periodi.

663 1544 756 1608 Nunc
778 1546 844 1607 iam
867 1550 973 1607 totum
998 1544 1106 1609 locum
1131 1544 1204 1611 vide
1228 1566 1267 1609 an
1291 1547 1336 1609 sic
1357 1544 1451 1609 liceat
1475 1544 1645 1631 reingere:

664 1654 819 1726 σωφρόνων
859 1649 883 1712 δ’
915 1650 1034 1728 ἀνδρῶν,
1074 1647 1177 1720 οἵτινες
1211 1652 1342 1727 τιὶγοιθθι
1374 1651 1402 1719 ἐς
1436 1650 1617 1726 ἀμφίβολον
1649 1652 1802 1725 οέσφιολῶι

617 1755 731 1833 ἔθεντο,
765 1759 816 1819 τὸν
848 1759 918 1838 [τε]
953 1759 1087 1828 πόλεμον
1120 1757 1287 1829 νομθσοιι
1321 1757 1364 1829 μὴ
1393 1760 1460 1819 καθ’
1486 1754 1685 1825 droselam
1713 1757 1803 1832 (τὸ)

616 1862 740 1926 ιιὺτοῦ
771 1864 858 1938 μέροι
891 1862 1045 1936 βούληται
1077 1862 1318 1943 μετοχειρθζειν,
1353 1864 1511 1937 (κιττοὶ)
1543 1860 1610 1940 (vel
1641 1862 1692 1941 ές)
1715 1867 1804 1926 τοῦτο

615 1967 844 2046 ξυμβῆναι,
878 1969 952 2030 ἀλλ’
977 1970 1014 2037 ὡς
1046 1968 1084 2032 dv
1116 1970 1149 2032 ιιὶ
1182 1968 1281 2046 τύχοι
1310 1968 1410 2031 αὐτῶν
1436 1969 1628 2043 ἡγήσονται·
1655 1967 1708 2029 καὶ
1734 1967 1805 2030 έλθ-

615 2074 701 2151 χιστ’
736 2072 773 2136 οἰν
809 2073 835 2136 ol
869 2078 993 2137 τοιοῦτοι
1032 2075 1194 2145 πταίοντες
1227 2074 1277 2138 διὰ
1309 2075 1343 2137 τὸ
1375 2075 1418 2148 μὴ
1450 2075 1492 2148 τῷ
1522 2070 1683 2149 ὀρθουμένῳ
1707 2073 1802 2136 αὑτοῦ

615 2176 914 2261 [πιστεύοντες]
947 2179 1140 2261 ἐπαίρεσθαι,
1174 2180 1204 2242 έν
1236 2180 1277 2258 τῷ
1307 2180 1452 2256 εὐτυχεῖν
1477 2179 1515 2241 ἂν
1537 2179 1682 2251 μάλιστα
1707 2201 1804 2241 κοτιν-

613 2284 731 2348 λθοιντο
757 2285 807 2348 κιο)
833 2294 903 2353 τοῖς
928 2283 1102 2361 ξυμφοραῖς
1126 2285 1150 2347 ol
1175 2285 1261 2347 cdrol
1282 2283 1478 2361 ξυνετώτερον
1499 2283 1537 2347 οἰν
1556 2285 1779 2359 προσφέροιντο.

661 2389 885 2475 „Sapientium
918 2397 1038 2461 autem.
1057 2393 1218 2466 virorum,
1255 2410 1305 2454 res
1336 2389 1488 2455 secundas
1519 2388 1692 2473 prudenter
1720 2392 1804 2452 inter

615 2497 790 2581 „ambigua
821 2499 1019 2580 ponentium,
1051 2503 1099 2559 est
1128 2496 1275 2559 arbitrari
1306 2494 1427 2559 bellum
1459 2516 1521 2558 non
1552 2500 1708 2578 quatenus
1732 2495 1803 2577 quis

615 2623 692 2686 „pro
725 2601 813 2667 virili
844 2610 933 2686 perte
964 2602 997 2665 id
1027 2601 1245 2665 administrari
1276 2600 1370 2676 velit,
1396 2622 1434 2664 ex
1458 2603 1613 2664 sententia
1636 2599 1802 2663 succedere

614 2707 753 2783 „solere,
779 2728 893 2772 verum
918 2708 1001 2783 <hac
1024 2727 1150 2791 quoquc
1174 2709 1207 2769 in
1232 2712 1290 2781 re>
1316 2706 1463 2771 fortunae
1483 2706 1613 2769 arbitrio
1632 2707 1702 2789 regi
1723 2724 1801 2769 mon

615 2812 727 2889 „tales
751 2813 856 2896 Atque
880 2811 959 2876 tales
983 2813 1147 2889 homines,
1172 2833 1246 2876 cum
1270 2814 1429 2898 prosperis
1448 2813 1661 2875 certaminum
1680 2811 1802 2873 eventis

616 2939 698 2994 „non
731 2916 909 2992 efferantur,
945 2916 1087 2981 cladibus
1117 2924 1149 2981 et
1180 2916 1418 2983 calamitatibus
1450 2919 1623 2980 minimum
1654 2914 1800 2991 obnoxii,

616 3026 775 3101 „victores
806 3030 843 3087 ut
872 3022 1051 3108 plurimum
1082 3021 1205 3087 bellum
1237 3029 1427 3108 component
1456 3021 1605 3106 idemque
1635 3019 1801 3085 adversam

614 3131 798 3207 „fortunam
823 3130 924 3194 ferent
946 3130 1061 3193 fortius
1084 3128 1357 3214 sapientiusque''.

658 3345 702 3409 IV
726 3368 752 3410 o.
780 3345 819 3410 19
845 3346 896 3430 §2
920 3346 1005 3428 (coll.
1031 3347 1136 3412 Schol.
1162 3355 1194 3412 et
1218 3347 1260 3412 IV
1284 3370 1310 3413 o.
1336 3346 1378 3411 59
1402 3347 1466 3432 51)
1489 3345 1714 3432 corrigendum
1734 3365 1801 3409 esse

612 3471 742 3517 censeo:

658 3560 752 3636 ποιρθν
789 3556 888 3622 οὐτὸ
924 3557 977 3624 vel
1011 3560 1109 3624 ιιθτθ
1145 3562 1263 3623 τοῦτο
1300 3558 1408 3636 δρᾶσαι
1423 3556 1449 3637 ¹)
1485 3558 1556 3636 πρθι
1594 3557 1628 3621 τθ
1661 3556 1800 3629 ἐπιεικές.

612 3662 731 3730 codd:
756 3687 804 3727 rc
815 3663 883 3728 θτὸ
905 3664 1027 3742 δρῖισμι.

659 3771 770 3836 Obiter
793 3770 899 3836 Schol.
923 3771 1022 3837 stulto
1046 3772 1162 3836 mendo
1182 3770 1333 3835 liberabo.
1357 3768 1802 3835 multarummultarur

613 3876 777 3952 δυνάμενος
809 3879 893 3942 abaci
924 3882 1029 3940 τοῦτον
1062 3885 1202 3941 τεῖσιιι
1229 3875 1281 3939 τὸν
1306 3874 1475 3951 ἡττηθέντα
1602 3876 1636 3939 ἐιι
1659 3877 1711 3939 τοῦ
1731 3872 1800 3937 ’θσου

612 3982 785 4060 διαλλαγῇ.
821 3982 898 4062 Quis
930 3982 1011 4045 mihi
1034 4003 1096 4046 nou
1120 3981 1209 4046 dabit
1233 3986 1433 4067 quantocyus
1455 3979 1691 4045 rescribendum
1716 3998 1799 4042 esse:

611 4090 696 4153 αὐτὰ
717 4094 822 4152 τοῦτο
844 4083 1020 4159 ποιῆσοιέ
1041 4086 1139 4152 Plane
1157 4086 1244 4151 idem
1265 4088 1383 4151 vitium
1401 4106 1502 4170 nuper
1513 4083 1704 4148 sustulimus
1716 4083 1802 4168 apud

611 4197 721 4279 ipsum
748 4195 935 4277 scriptorem
958 4191 1007 4257 III
1030 4214 1056 4257 c.
1081 4192 1102 4255 4
1126 4191 1178 4277 §4
1201 4191 1257 4256 ubi
1279 4212 1390 4256 omnes
1411 4189 1487 4255 libri
1509 4192 1693 4274 conspirant
1714 4191 1749 4251 in
1772 4187 1801 4252 εἴ

611 4324 673 4372 πως
699 4300 888 4363 πείσειαν
913 4299 971 4368 τὰς
996 4303 1069 4368 νοῦς
1093 4298 1251 4374 ἀπελθεῖν,
1276 4316 1351 4362 vera
1373 4295 1469 4361 lectio
1488 4302 1596 4360 tamen
1615 4296 1683 4359 sine
1702 4294 1799 4358 dubio

612 4411 677 4470 est:
702 4403 731 4468 εθ
752 4427 814 4474 πυτ
840 4403 1054 4476 ποιήσειοιν
1079 4403 1137 4475 τοὶς
1162 4408 1235 4475 νοιῖις
1259 4403 1414 4467 ἀπελθεῖν.

655 4616 809 4702 Persaepe
833 4617 918 4702 apud
941 4615 1178 4703 Thucydidem,
1202 4620 1237 4681 in
1259 4617 1439 4682 orationum
1463 4618 1628 4680 sententiis
1649 4612 1801 4701 longiori·

607 4724 668 4787 bus
700 4725 886 4806 praesertim
918 4728 952 4787 et
980 4723 1251 4800 intricatioribus,
1274 4720 1437 4807 legentem
1459 4720 1596 4806 impedit
1618 4723 1798 4787 coniunctio

644 4951 671 5015 l)
690 4949 814 5013 intellige:
832 4947 868 5010 μὴ
885 4948 935 4999 ἀπὸ
952 4949 999 4997 τοθ
1012 4946 1070 4997 ’θεον
1087 4949 1218 5014 ξυμβῆναι.
