5125 6150
1131 855 1251 902 auarus.
1721 832 1785 898 385

595 1017 858 1096 οὶναταύοαοθαν,
891 1025 922 1083 et
954 1022 999 1083 sic
1030 1021 1155 1104 saepius
1187 1018 1271 1104 apud
1303 1039 1568 1103 unumquemque
1598 1019 1785 1101 scriptorem

595 1124 756 1192 Graecum
773 1126 806 1206 ¹).
831 1124 1037 1192 Contrarium
1057 1129 1177 1190 vitium
1200 1127 1327 1192 Isaeum
1347 1125 1471 1190 obsidet
1491 1122 1544 1189 Or.
1570 1123 1601 1187 II
1620 1121 1693 1205 §30
1711 1124 1734 1187 i.
1748 1121 1782 1199 f.,

597 1231 652 1293 ubi
683 1230 790 1296 codd:
825 1232 876 1294 καὶ
910 1233 1016 1307 ἡμεῖς,
1048 1229 1096 1295 ἵνα
1128 1231 1162 1304 δὴ
1193 1230 1391 1308 πραγμάτων
1422 1231 1665 1306 ἀπαλλαγῶμεν
1689 1224 1726 1298 ὥς
1751 1251 1786 1290 τε

595 1334 755 1413 δεώμεθα,
783 1332 876 1407 οὕτως
908 1336 1120 1415 ἐπιτρέπομεν,
1151 1358 1208 1421 pro
1238 1357 1302 1421 qua
1333 1335 1493 1401 malesana
1523 1337 1680 1419 scriptura
1703 1339 1787 1398 recte

593 1440 833 1506 Schoemannus
867 1442 904 1513 ὥς
941 1442 980 1506 ἂν
1015 1441 1170 1519 δυνώμεθα
1206 1441 1444 1507 rescribendum
1474 1442 1586 1505 suasit.
1627 1437 1786 1514 Tandem,

594 1546 679 1631 quod
710 1548 812 1611 obiter
841 1569 1075 1626 commemoro,
1106 1551 1139 1611 in
1170 1547 1232 1612 fine
1256 1547 1378 1632 periodi
1403 1554 1530 1612 nostrae
1553 1548 1627 1610 ἀλλ’
1651 1548 1781 1616 οὖς--

594 1651 682 1728 ε’ξόν
715 1655 774 1731 (ita
804 1654 979 1738 Augerius)
1012 1652 1117 1718 multo
1148 1655 1230 1718 mibi
1254 1660 1413 1739 praestare
1437 1652 1566 1718 videtur
1590 1654 1788 1716 coniecturae

595 1755 756 1823 Gebaueri
778 1758 1060 1837 ἑλλοὶ--ἑξῆν,
1086 1780 1182 1844 quam
1206 1780 1223 1823 a
1246 1758 1450 1824 'Ihalheimio
1474 1764 1633 1843 receptam
1657 1755 1787 1821 nollem.

643 2007 695 2071 Or.
724 2007 780 2072 VII
801 2008 892 2093 §282
925 2015 987 2079 πῶς
1019 2008 1044 2072 δ’
1069 2008 1233 2073 ἂν---ἑκ
1263 2007 1371 2074 τούτου
1403 2011 1457 2084 τὴν
1488 2009 1595 2089 μορίαν
1627 2005 1789 2087 ἀφανίζειν

596 2114 785 2194 ἐπεχείρησα
817 2120 869 2179 τοῦ
901 2115 1023 2194 χορίον,
1056 2115 1086 2177 ἐν
1118 2109 1139 2194 ᾧ
1172 2114 1286 2194 δένδρον
1320 2116 1376 2191 μὲν
1408 2114 1473 2178 οὐδὲ
1498 2109 1527 2178 ἕν
1552 2115 1636 2190 ἐστι,
1661 2115 1736 2188 μοῖος
1761 2110 1788 2174 δ’

595 2219 696 2288 ἓλοὶας
727 2221 836 2297 σηκός,
868 2223 914 2293 ὣς
947 2216 1032 2292 οὗτος
1065 2227 1159 2300 φησιν
1191 2217 1310 2285 εἶναι.
1345 2221 1394 2285 Ita
1418 2220 1457 2284 X.
1491 2218 1581 2299 Quod
1604 2241 1679 2285 oum
1703 2224 1787 2282 stare

595 2347 658 2388 non
682 2329 800 2409 possit,
825 2347 863 2390 ex
888 2326 1067 2392 Meutzneri
1090 2329 1270 2390 coniectura
1295 2329 1488 2410 scripserunt
1511 2349 1546 2401 μ.
1571 2324 1598 2388 δ’
1617 2326 1663 2390 ἕλ.
1684 2322 1785 2399 σηκός,

595 2432 634 2499 ὣς
659 2425 745 2502 οὗτος
769 2438 874 2509 (parav,
901 2427 940 2504 ἦν
965 2439 997 2496 et
1021 2430 1254 2495 Herwerdenus
1277 2438 1310 2495 et
1330 2430 1561 2495 Thelheimius.
1585 2429 1644 2493 Est
1662 2429 1721 2493 hoc
1740 2448 1788 2491 ae

596 2538 798 2600 curatissIme
829 2535 953 2601 ddctum
984 2557 1019 2600 ac
1049 2558 1177 2621 prorsus
1208 2535 1329 2622 logices
1351 2535 1481 2622 legibus
1504 2537 1710 2610 conveniens,
1735 2533 1790 2597 sed

596 2645 703 2706 neseio
728 2641 885 2726 quomodo
909 2645 1008 2706 oratio
1032 2640 1154 2726 aliquid
1177 2642 1274 2706 habet
1296 2643 1425 2727 abrupti
1444 2650 1478 2706 et
1496 2643 1604 2705 minus
1622 2659 1791 2704 numerose

597 2746 683 2811 cadit
716 2745 755 2810 ad
786 2767 887 2811 aures.
919 2746 1118 2832 Quapropter
1148 2748 1234 2812 haud
1265 2750 1330 2813 scio
1353 2768 1394 2813 an
1417 2750 1574 2832 praestet,
1600 2749 1660 2811 etsi
1682 2748 1790 2810 minus

598 2860 744 2916 accurate
767 2855 990 2916 enuntiatum:
1015 2856 1091 2929 μνᾶς
1117 2853 1143 2916 δ’
1166 2853 1265 2925 ἐλάας
1290 2852 1398 2931 σηκός,
1422 2848 1461 2917 ὃν
1481 2848 1565 2925 οὗτος
1587 2859 1680 2932 Φνονν
1699 2845 1788 2914 εἶναι.

645 3099 697 3165 Or.
723 3100 896 3184 V11§36:
930 3101 981 3164 xci
1014 3101 1070 3177 μὲν
1102 3101 1156 3179 δή,
1181 3097 1202 3165 ὦ
1226 3101 1344 3180 βουλή,
1370 3103 1500 3182 Φανερὸν
1524 3098 1629 3166 εἶναι
1655 3101 1788 3164 εἰπεῖν

598 3202 644 3271 ὅτε
677 3222 748 3271 κτλ.
782 3208 888 3272 Arena
917 3209 985 3271 sine
1014 3206 1117 3283 calce,
1149 3228 1246 3291 quam
1278 3213 1310 3271 ct
1342 3207 1373 3270 X
1403 3208 1530 3293 praebet
1560 3214 1591 3271 et
1621 3207 1718 3271 ceteri
1749 3208 1787 3268 ut

597 3312 729 3376 videtur
761 3311 854 3389 libri,
889 3313 942 3376 hic
976 3332 1103 3396 quoque
1133 3333 1151 3376 a
1182 3312 1330 3378 Palatino
1366 3312 1547 3397 pendentes.
1592 3309 1786 3377 Continuam

596 3421 772 3483 orationem
796 3420 965 3481 restituere
989 3439 1044 3502 per
1068 3438 1174 3482 seres
1198 3425 1246 3482 est
1269 3417 1440 3495 facillima,
1460 3418 1621 3502 ediditque
1640 3414 1789 3481 Thalhei·

598 3526 685 3586 mius
717 3544 754 3587 ex
785 3521 897 3586 Fuhrii
921 3526 1095 3587 sententia:
1121 3519 1352 3601 conspirabat
1377 3527 1536 3602 <ποῖοον>
1562 3526 1700 3602 ἡγοῦμαι
1725 3520 1789 3602 ὅτε,

599 3631 631 3694 in
665 3630 781 3711 quibus
812 3631 907 3693 πᾶσιν
939 3650 977 3692 ex
1009 3628 1194 3693 Marklandi
1225 3650 1307 3712 penu
1332 3636 1389 3694 est.
1414 3633 1520 3715 Atque
1544 3630 1626 3696 solet
1648 3651 1722 3696 sane
1745 3632 1791 3693 sic

600 3734 732 3820 Lysias,
764 3734 848 3818 quod
879 3735 1112 3799 demonstravit
1142 3733 1281 3798 Fuhrius
1305 3734 1412 3800 allatis
1438 3735 1490 3801 Or.
1515 3736 1610 3801 XXII
1634 3734 1717 3820 §19‚
1742 3733 1789 3799 III

600 3840 685 3925 536,
709 3839 785 3904 XIV
809 3840 891 3925 534.
916 3841 1068 3905 Attamen
1091 3843 1137 3904 ita
1160 3861 1261 3924 neque
1281 3842 1366 3906 unde
1386 3845 1523 3919 ἠγοῦμαι
1545 3843 1669 3906 venerit
1689 3860 1790 3924 neque

600 3968 657 4011 cur
691 3950 786 4010 πᾶσιν
819 3946 973 4011 exciderit
1008 3944 1099 4010 facile
1132 3949 1203 4031 quis
1238 3952 1381 4030 exputat.
1422 3949 1558 4032 Utrique
1593 3949 1639 4010 rei
1675 3944 1791 4010 melius

599 4051 794 4127 consuletur,
828 4055 856 4116 si
887 4054 1006 4136 partim
1038 4072 1112 4115 cum
1144 4050 1278 4137 vulgata
1302 4074 1382 4138 quae
1407 4053 1525 4117 dicitur
1548 4054 1593 4117 sic
1617 4053 1789 4117 scribatur:

599 4157 652 4221 καὶ
695 4158 751 4234 μὲν
786 4157 821 4229 δή
846 4194 923 4204 --
950 4158 1079 4237 Φανερὸν
1115 4152 1294 4233 <οἷμαν>
1330 4154 1405 4223 εἶναι
1446 4155 1599 4224 ἅπασιν
1635 4153 1681 4221 ὅτε
1716 4172 1787 4226 κτλ.

599 4263 767 4347 Absorpsit
790 4258 875 4338 οἶμαι
899 4283 1033 4347 sequens
1056 4258 1133 4328 εἶναι
1157 4262 1209 4328 vel
1232 4270 1362 4349 propter
1384 4265 1584 4329 consimilem
1607 4264 1790 4349 pronuntia-

599 4371 738 4445 tionem;
761 4371 795 4432 in
815 4368 972 4454 flagitiose
990 4376 1138 4453 corrupto
1159 4371 1254 4433 εἰπεῖν
1275 4369 1374 4434 latere
1394 4376 1523 4455 putem,
1544 4370 1627 4455 quod
1645 4371 1791 4435 breviore

601 4474 705 4538 forma
735 4473 870 4558 plurimi
901 4477 1154 4559 requisiverunt,
1187 4471 1403 4545 ἅπ<α>ονν
1439 4476 1522 4540 Nam
1554 4482 1585 4540 et
1614 4475 1674 4540 hoc
1697 4475 1792 4539 modo

599 4578 702 4643 solent
725 4586 880 4655 oratores,
907 4601 937 4644 v.
962 4601 988 4645 c.
1015 4579 1167 4645 Isocrates
1192 4579 1245 4647 Or.
1271 4579 1349 4643 XIV
1373 4580 1470 4664 §232
1495 4577 1583 4656 οἶμαι1
1605 4582 1668 4661 γὰρ
1691 4578 1792 4646 οἷταοο

638 4868 665 4919 lt
683 4866 818 4930 Utrumque
835 4868 934 4915 verbum
951 4866 1072 4930 copulavit
1089 4867 1160 4915 Isocr.
1177 4868 1221 4914 Or.
1236 4865 1285 4914 XII
1302 4868 1368 4927 540:
1385 4867 1454 4930 (ml)
1469 4871 1526 4926 ταῖς
1539 4872 1628 4917 πόλεσι
1642 4868 1793 4930 παριστάναι

602 4949 638 5009 μῆ
648 4975 758 4986 ---
768 4950 816 5006 τας
833 4946 958 5013 σῴζεσθαι
976 4946 1095 5009 δεομένας
1111 4949 1171 5008 πρὸς
1188 4949 1236 5006 τὰς
1254 4946 1344 5014 τῷζενν
1367 4948 1510 5011 δνναμὲνας,
1527 4956 1550 5001 et
1567 4943 1641 5015 (Lyn.)
1655 4954 1697 5002 Or.
1708 4952 1793 5015 ΞΜ.
