5125 6150
1105 842 1271 895 eumaeus.
1716 823 1780 888 365

591 1010 773 1076 adulatores
782 1031 790 1087 ;
821 1016 852 1073 et
877 1007 998 1074 Graeca
1021 1011 1054 1072 in
1078 1009 1162 1073 hunc
1186 1009 1318 1072 modum
1342 1015 1409 1072 'esse
1433 1008 1633 1093 refingenda:
1660 1007 1779 1079 εἰκότως

592 1118 657 1196 γὰρ
677 1115 722 1181 θον
743 1113 975 1194 ἦγανώιιτει
995 1115 1217 1193 δυστυχῶν,
1239 1117 1270 1179 εἷ
1293 1115 1358 1178 καὶ
1381 1117 1499 1189 ἡμεῖς
1519 1110 1636 1191 όμοια
1657 1114 1783 1187 ἐποιή-

592 1247 720 1298 σαμεν
751 1229 814 1292 τοῖς
847 1222 1034 1301 καταρώτοιι
1067 1220 1192 1299 κόλαξιν
1223 1220 1355 1292 ἐκείνοις.
1385 1220 1481 1286 Εττοτ
1503 1220 1577 1285 inde
1601 1226 1694 1285 natus
1717 1227 1782 1297 est,

592 1328 677 1414 quod
701 1326 764 1406 ών,
790 1333 827 1392 ut
850 1327 902 1405 fit,
927 1333 998 1412 post
1022 1326 1075 1404 γώ
1083 1353 1097 1405 ρ
1123 1347 1237 1412 parum
1261 1325 1508 1390 discernebatur.

640 1514 719 1579 lbid.
752 1512 787 1580 Ο.
815 1513 873 1578 12:
906 1510 984 1579 οὗτοι
1008 1515 1039 1579 δὲ
1063 1515 1089 1578 ol
1113 1515 1230 1593 λάροι
1255 1522 1292 1595 τῇ
1318 1513 1409 1595 πενίᾳ
1431 1510 1634 1589 ξυνθττωοαν,
1659 1508 1693 1586 ἣν
1717 1536 1785 1591 προ·

593 1628 722 1696 τιμῶσιν
752 1621 846 1694 ἡμῶν.
878 1619 925 1684 De
956 1623 1091 1685 sanitate
1122 1623 1297 1705 scripturae
1321 1619 1508 1705 ambigitur,
1532 1622 1683 1704 quoniam
1706 1618 1785 1684 alibi

593 1732 722 1813 propter
742 1728 961 1801 voracitatem,
986 1747 1048 1790 non
1072 1732 1200 1810 propter
1224 1724 1435 1790 stoliditatem
1454 1724 1515 1790 lari
1534 1724 1618 1789 male
1637 1726 1782 1789 audiunt.

594 1832 783 1900 Conferatur
814 1838 920 1896 tamen
953 1833 1128 1911 κέπφοι,
1160 1831 1198 1895 de
1228 1832 1345 1894 homine
1368 1833 1466 1917 satae
1488 1830 1589 1916 vulgo
1614 1833 1782 1906 usitatum,

592 1946 624 2004 et
648 1937 828 2023 Anglorum
847 1939 933 2018 pult,
957 1958 1020 2022 quo
1043 1935 1181 2014 creduli,
1206 1937 1323 2021 quibus
1347 1938 1444 2002 verba
1467 1935 1559 2001 facile
1582 1936 1708 2014 dantur,
1732 1958 1784 2000 no-

593 2048 654 2110 tari
685 2043 805 2122 solent;
839 2045 923 2108 unde
954 2046 1053 2109 etiam
1077 2045 1212 2108 verbum
1236 2051 1265 2108 to
1285 2043 1356 2125 ριιόθ
1377 2049 1409 2107 et
1433 2043 1627 2107 adiectivum
1655 2043 1770 2124 pettibt

592 2149 787 2215 derivantur.
818 2150 862 2213 Et
885 2148 1029 2221 Timonis
1055 2151 1216 2213 stultitiam
1248 2151 1300 2214 hic
1331 2155 1415 2215 recte
1445 2152 1551 2235 tangi,
1583 2155 1714 2234 apparet
1745 2170 1783 2212 ex

593 2252 670 2339 Gap.
692 2254 723 2330 8,
745 2256 800 2318 ubi
820 2255 924 2320 eidem
944 2277 963 2320 a
983 2255 1144 2320 Mercurio
1168 2253 1285 2319 ώνοια
1311 2256 1378 2319 καὶ
1402 2255 1561 2329 εὐήθεια
1586 2255 1652 2318 καὶ
1677 2254 1784 2332 οὶκρι-

592 2361 664 2425 σόα
696 2360 783 2439 περὶ
814 2366 887 2424 τῶν
919 2363 1048 2439 Φόλον
1079 2361 1239 2425 obiicitur.
1276 2360 1314 2424 In
1344 2360 1405 2426 fine
1438 2358 1473 2427 Ο.
1501 2359 1542 2425 16
1574 2382 1630 2444 pro
1663 2358 1784 2425 soloeco

592 2464 733 2544 βαδίζειν
765 2463 856 2529 ἔνθα
880 2464 926 2529 ἂν
950 2465 1081 2530 ἐθέλοι
1106 2471 1162 2530 aut
1185 2464 1301 2547 ε’θέλς
1325 2465 1548 2552 corrigendum
1573 2471 1629 2529 aut
1653 2463 1784 2529 delenda

593 2571 759 2657 particula.

639 2751 719 2816 Ibid.
745 2750 779 2818 O.
806 2751 866 2818 37:
898 2751 963 2828 ἐμοὶ
988 2752 1020 2817 il
1044 2756 1134 2816 τοῦτο
1158 2751 1260 2817 lacida
1286 2749 1344 2830 ι’ρν,
1368 2749 1492 2824 πώντας
1516 2751 1685 2832 ἀνθρώπους
1710 2752 1785 2829 ἡβη-

593 2856 643 2924 δόν
674 2856 809 2935 οἰμώζειν
839 2864 974 2929 ποιῆται.
1011 2858 1060 2923 Ad
1095 2864 1237 2922 coactam
1267 2861 1564 2944 interpretationem
1595 2859 1785 2944 confugiunt

591 2962 885 3028 Sommerbrodtius
916 2966 1091 3048 ceterique,
1124 2968 1179 3050 qui
1202 2964 1279 3030 haec
1303 2966 1470 3030 manifesto
1494 2966 1611 3030 vitiosa
1634 2970 1783 3043 tuentur;

590 3069 799 3155 hypothetice
823 3067 945 3134 scilicet
967 3068 1056 3156 loqui
1079 3069 1265 3148 Timonem
1291 3071 1375 3156 quod
1398 3071 1437 3136 ab
1463 3072 1531 3135 eius
1555 3091 1688 3156 persona
1711 3070 1785 3136 alie-

589 3178 780 3252 nissimum,
805 3178 857 3239 cui
880 3175 961 3239 nihil
985 3178 1062 3240 satis
1085 3179 1146 3240 nisi
1167 3198 1260 3242 omne
1279 3198 1382 3264 genus
1401 3179 1580 3241 humanum
1600 3177 1786 3262 pessumdet

590 3284 775 3367 insignique
809 3281 993 3345 calamitate
1026 3281 1159 3368 affligat.
1192 3283 1304 3367 ltaque
1336 3289 1372 3347 ut
1404 3283 1607 3348 offensionem
1638 3282 1784 3348 tollerem

592 3386 766 3452 molestum
801 3384 835 3459 iv
866 3386 944 3451 clim
977 3389 1217 3473 expungebam;
1249 3396 1287 3453 ut
1319 3394 1403 3453 recte
1434 3389 1472 3453 ad
1504 3392 1713 3466 sententiam,
1738 3392 1785 3454 ita

591 3495 719 3578 origine
747 3494 820 3556 vitii
849 3514 911 3557 non
942 3495 1019 3556 satis
1051 3501 1224 3579 perspecta.
1261 3493 1317 3558 list
1349 3497 1435 3557 enim
1467 3494 1606 3578 profecto
1637 3492 1720 3559 illud
1751 3490 1785 3568 ἦν

593 3618 720 3662 merum
744 3598 950 3662 describentis
973 3601 1140 3677 παρόραμα
1165 3620 1221 3683 pro
1246 3598 1305 3675 ria,
1333 3606 1365 3662 et
1388 3598 1517 3663 dederat
1540 3599 1716 3664 Lucienus:
1743 3601 1784 3674 ἣν

592 3703 716 3775 πιόντας
742 3705 910 3780 ἀνθρώπους
936 3702 1046 3779 ἡβηδόν
1071 3701 1207 3784 οἰμώζειν
1232 3704 1393 3778 ποιείτω.

638 3891 675 3954 In
699 3888 734 3957 G.
758 3890 800 3955 53
820 3913 884 3955 non
906 3891 989 3955 fero:
1015 3890 1121 3967 οἴμοι
1145 3891 1187 3956 τό
1212 3892 1471 3972 μετώΦρενον
1493 3915 1551 3979 pro
1575 3896 1643 3957 τοῦ
1665 3916 1784 3966 μετα-

590 3996 753 4075 aarum
775 4018 877 4082 neque
896 4000 930 4060 in
954 4000 995 4061 iis
1014 4018 1095 4082 quae
1114 4018 1190 4061 mox
1210 3997 1247 4062 de
1267 3997 1340 4064 ficto
1361 4004 1393 4065 et
1404 3998 1589 4085 gulosoillo
1603 3996 1783 4083 aretalog0:

590 4103 715 4181 προοότι
748 4103 800 4167 καὶ
833 4105 920 4179 λόγοι
951 4103 1001 4165 ἐπὶ
1026 4112 1064 4183 τῇ
1090 4102 1191 4166 κύλικι
1201 4150 1210 4180 ,
1234 4105 1306 4167 τότε
1332 4104 1368 4178 δὴ
1393 4106 1555 4187 μώλιοτα,
1580 4104 1645 4183 περὶ
1672 4110 1784 4184 σωφρο-

591 4208 685 4282 σύνης
709 4209 760 4272 καὶ
786 4209 1003 4283 κοσμιότητος·
1030 4207 1094 4271 καὶ
1119 4213 1250 4272 ταῦτα
1275 4208 1330 4284 ἤδη
1352 4210 1409 4274 ὑπό
1430 4215 1482 4273 τοῦ
1502 4209 1635 4288 οἰκρώτου
1651 4215 1784 4285 πονηρῶς

588 4314 670 4394 ἔχειν
692 4315 743 4378 καὶ
769 4315 995 4393 ὑποτραυλίζων
1019 4316 1148 4389 γελοίως
1169 4313 1342 4379 infeliciter
1364 4315 1537 4380 admodum
1556 4318 1783 4401 interpositum

590 4426 732 4498 Φηοιν,
757 4422 892 4485 verbum
916 4420 955 4485 de
979 4420 1159 4484 dissertantc
1181 4419 1372 4505 philosopho
1396 4423 1530 4486 minime
1554 4427 1664 4504 aptum
1690 4427 1722 4485 et
1744 4421 1783 4486 ab

589 4548 628 4592 eo
660 4525 805 4591 additum
836 4529 891 4612 qui
916 4548 978 4590 non
1003 4529 1080 4590 satis
1104 4530 1326 4610 assequeretur
1350 4548 1413 4612 quo
1438 4547 1532 4591 sensu
1557 4527 1621 4589 καὶ
1646 4532 1782 4591 ταῦτα

589 4656 609 4699 a
633 4631 763 4698 Graecis
785 4636 904 4717 passim
929 4632 1126 4697 adhibeatur.

635 4820 726 4899 Quod
749 4823 782 4884 in
806 4819 841 4886 Ο.
867 4819 910 4884 56
934 4819 1073 4905 legitur:
1099 4820 1112 4884 θ
1137 4820 1168 4885 δὲ
1191 4820 1304 4900 τρίβων
1327 4817 1414 4893 οὗτος
1438 4818 1477 4897 ἧς
1500 4821 1644 4899 βούλει
1669 4828 1783 4903 πορφυ-

587 4927 664 5006 ρόδος
698 4928 829 5001 οὶμεόνων
864 4928 896 4989 in
933 4929 1123 4990 memoriam
1154 4927 1235 4991 mihi
1258 4926 1385 5028 redigit
1415 4926 1520 4993 locum
1552 4927 1718 4994 Plutarchi
1748 4932 1780 4993 in
