5125 6150
1054 826 1169 874 rnsurr
1191 823 1363 874 1111111111.
1727 810 1791 878 385

606 992 725 1055 aureis.
749 989 845 1055 Miles
868 991 935 1054 abit
958 1011 1032 1054 cum
1056 989 1119 1054 alia
1141 993 1243 1055 amica
1266 1012 1323 1077 pro
1347 990 1555 1079 Anterastyli.
1578 991 1666 1058 Haec
1689 995 1793 1079 igitur

607 1119 667 1182 pro
697 1104 785 1184 parte
815 1099 1010 1163 conveniunt
1036 1117 1110 1161 cum
1133 1098 1174 1161 111
1196 1117 1276 1181 quae
1300 1081 1510 1183 legunturin
1533 1101 1634 1164 scenis
1658 1097 1688 1177 ὅ,
1715 1098 1744 1177 d,
1770 1099 1789 1165 7

607 1211 700 1270 actus
724 1203 759 1268 V.
1212 1224 1214 1229 ¹

655 1309 797 1374 Alteram
827 1329 974 1397 graecam
1004 1308 1161 1388 fabulam,
1190 1312 1242 1374 cni
1265 1310 1418 1396 prologus
1443 1310 1532 1376 docet
1554 1332 1669 1377 nomen
1693 1312 1792 1377 fuisse

607 1415 882 1493 Carchedonium,
906 1422 1033 1480 secutus
1057 1421 1105 1480 111
1127 1423 1220 1501 poeta
1243 1437 1261 1480 a
1284 1415 1327 1479 IV
1351 1417 1372 1481 2
1396 1438 1495 1503 usque
1518 1416 1557 1482 ad
1581 1416 1607 1480 V
1628 1416 1658 1483 5.
1682 1416 1790 1483 Huius

606 1525 712 1610 igitur
740 1525 878 1608 protasin
910 1524 1124 1607 praetermisit
1154 1528 1186 1587 et
1218 1522 1348 1588 fortasse
1375 1526 1473 1588 etiam
1497 1530 1621 1609 partem
1644 1526 1788 1610 epitasis,

606 1633 642 1694 in
666 1630 782 1713 quibus
805 1629 881 1714 quid
904 1635 1012 1693 actum
1030 1628 1142 1705 fuerit,
1163 1626 1289 1693 difficile
1309 1629 1397 1693 dictu
1416 1638 1481 1705 111,
1501 1628 1556 1695 111
1572 1632 1628 1695 111
1645 1629 1788 1695 multum

605 1758 626 1801 a
657 1739 792 1801 veritate
822 1736 978 1801 aberrabis
1010 1738 1036 1800 11
1069 1736 1205 1799 conicias
1235 1735 1420 1801 huiusmodi
1451 1756 1559 1802 scenas
1587 1740 1790 1823 praecessisse

605 1851 777 1928 antequam
808 1842 1016 1930 Syncerastus
1046 1846 1079 1907 in
1111 1846 1311 1929 proscenium
1343 1844 1492 1929 prodiret.
1531 1844 1559 1909 1.
1585 1842 1789 1930 colloquium

605 1952 654 2015 eri
685 1970 760 2014 cum
790 1971 880 2015 servo
912 1949 950 2015 dc
981 1951 1064 2014 curis
1095 1950 1178 2024 suis,
1209 1951 1242 2012 in
1274 1970 1337 2035 quo
1366 1957 1474 2014 tamen
1498 1950 1550 2015 hic
1571 1949 1653 2015 nihil
1675 1950 1789 2016 auxilii
1850 2014 1854 2020 .

605 2058 789 2142 promisisse
819 2056 956 2122 videtur.
993 2055 1013 2120 2
1037 2054 1166 2120 Sorores
1188 2057 1221 2119 in
1245 2055 1404 2141 templum
1427 2059 1531 2122 ituras
1554 2055 1648 2123 domo
1671 2064 1789 2123 exeunt

603 2162 727 2227 lenonis
758 2184 831 2227 cum
863 2160 1000 2227 Giddeni
1031 2164 1172 2239 nutrice,
1197 2182 1334 2246 quacum
1358 2182 1458 2247 pauca
1481 2162 1579 2228 locuti
1604 2163 1722 2229 abeunt
1743 2184 1790 2228 re

603 2280 755 2334 manente
783 2271 917 2334 nutrice.
955 2266 985 2331 3.
1010 2267 1218 2355 Syncerastus
1241 2271 1306 2333 exit
1331 2289 1405 2333 cum
1429 2272 1531 2347 11111,
1554 2290 1634 2354 quae
1657 2272 1691 2334 in
1714 2276 1788 2334 actu

603 2374 647 2441 IV
680 2397 718 2440 ex
749 2375 869 2461 templo
900 2381 1040 2460 reportat
1069 2381 1101 2440 et
1123 2395 1160 2439 ea
1181 2374 1325 2460 loquitur
1347 2397 1422 2441 cum
1447 2374 1585 2442 Giddeni
1608 2399 1647 2442 ex
1671 2378 1788 2462 quibus

604 2488 799 2568 spectatores
829 2480 969 2547 nobilem
994 2502 1138 2546 sororum
1161 2484 1320 2567 originem
1343 2485 1409 2548 iam
1432 2482 1664 2568 quodammodo
1689 2505 1789 2570 angu-

603 2595 726 2653 rantur.
763 2588 792 2652 4.
819 2588 930 2653 Prodit
951 2586 1023 2653 leno
1047 2598 1078 2652 11
1101 2588 1236 2652 ferocem
1260 2587 1400 2653 indolem
1422 2589 1559 2655 ostendit
1577 2592 1611 2654 in
1630 2588 1786 2675 abigenda

601 2697 728 2759 nutrice
762 2702 794 2759 et
823 2697 857 2758 in
886 2692 1098 2780 propulsando
1129 2715 1239 2772 servo,
1274 2695 1312 2760 de
1343 2697 1433 2760 ouius
1463 2698 1592 2782 ignavia
1623 2697 1662 2761 of.
1686 2695 1731 2761 IV
1753 2696 1785 2775 2,

603 2801 670 2867 845
697 2822 742 2886 sq.
775 2800 827 2865 Sic
858 2801 945 2866 furor
976 2806 1007 2865 et
1037 2800 1194 2866 vindictae
1217 2801 1362 2866 studium
1385 2800 1567 2889 Synceraeti
1588 2805 1623 2866 in
1646 2807 1719 2867 actu
1741 2802 1784 2867 IV

604 2914 819 2992 praeparatur.
856 2908 885 2971 5.
912 2906 1139 2992 Agorastocles
1171 2906 1329 2993 templum
1359 2907 1505 2973 aditurus
1536 2909 1630 2973 domo
1661 2912 1728 2974 exit
1751 2914 1783 2975 et

604 3013 776 3101 Milphioni
807 3013 936 3079 mandat
965 3019 1004 3078 ut
1034 3035 1108 3079 cum
1140 3013 1329 3102 Syncerasto
1359 3012 1481 3101 aliquid
1504 3015 1656 3082 moliatur
1679 3022 1786 3083 contra

601 3121 759 3186 lenonem.
796 3120 815 3185 6
846 3121 986 3206 Milphio
1019 3120 1106 3186 solus
1136 3142 1235 3206 pauca
1264 3121 1392 3187 locutus
1424 3129 1637 3189 revertentem
1669 3126 1786 3210 excipit

600 3228 724 3293 lenonis
749 3248 889 3293 serrum.

649 3332 732 3401 (lum
755 3336 858 3420 igitur
879 3337 986 3399 exitus
1009 3354 1186 3420 anonymae
1209 3340 1242 3399 11
1264 3338 1463 3420 prooemium
1487 3333 1694 3402 Carchedonii
1715 3336 1784 3401 nul-

597 3440 671 3505 lum
696 3440 848 3504 haberent
870 3440 1009 3525 leporem
1032 3460 1201 3525 rerumque
1224 3440 1473 3518 iucunditatem,
1498 3440 1634 3507 Plautus
1658 3448 1783 3507 utrum-

600 3568 665 3632 que
684 3548 799 3612 abiecit
816 3554 849 3612 11
867 3569 981 3612 novam
1001 3547 1195 3612 comoediam
1214 3546 1373 3625 conflavit,
1392 3550 1426 3611 in
1446 3547 1582 3634 singulis
1593 3552 1694 3614 scenis
1706 3554 1784 3615 satis

599 3653 741 3738 lepidam
774 3659 805 3718 et
836 3656 990 3730 iocosam,
1022 3653 1076 3718 sed
1105 3657 1140 3717 in
1170 3654 1338 3718 turbarum
1361 3656 1555 3720 incremento
1579 3662 1612 3721 et
1634 3677 1782 3742 processu

599 3767 697 3844 atque
720 3762 754 3824 in
774 3759 927 3824 nodorum
947 3759 1105 3825 solutione
1125 3762 1345 3825 inconcinnam
1364 3766 1396 3824 11
1416 3781 1560 3826 mancam
1579 3782 1616 3827 ac
1636 3762 1781 3828 debilem.

1081 3988 1129 4053 Dn
1153 4004 1304 4054 moroso.

647 4189 798 4275 Superest
816 4173 858 4253 Ι111
881 4207 980 4272 pauca
999 4186 1160 4273 disputem
1181 4186 1218 4251 de
1236 4186 1387 4273 prologo,
1408 4191 1463 4272 qui
1482 4194 1576 4254 tenue
1596 4192 1692 4255 etiam
1712 4211 1783 4255 con-

598 4298 818 4362 taminationis
848 4297 1023 4381 vestigium
1055 4294 1183 4359 exhibet
1212 4300 1244 4359 et
1271 4300 1434 4380 praeterea
1455 4317 1517 4360 non
1540 4316 1604 4361 una
1627 4296 1665 4362 de
1687 4318 1782 4364 causa

598 4404 843 4468 admirationem
867 4409 985 4466 movet.

646 4512 790 4576 Primam
825 4515 966 4596 partem,
997 4529 1027 4573 1.
1063 4506 1180 4584 1-45,
1213 4510 1245 4570 in
1277 4528 1339 4592 qua
1368 4507 1521 4594 leguntur
1550 4510 1695 4592 imperato
1722 4533 1779 4593 pro

599 4617 724 4700 imperio
754 4616 894 4693 histrico,
930 4635 991 4680 non
1024 4633 1154 4699 graecae
1185 4634 1251 4678 esee
1281 4616 1415 4700 originis
1446 4615 1501 4680 sed
1531 4614 1649 4682 latinae
1679 4620 1780 4683 maui-

601 4724 719 4790 feetum
742 4729 799 4788 est.
1773 4795 1775 4800 ³

644 4830 691 4895 De
714 4828 814 4895 altera
836 4834 942 4913 parte,
967 4849 997 4893 1.
1024 4825 1189 4903 46-128,
1215 4829 1242 4891 11
1265 4829 1448 4892 omittimus
1472 4847 1586 4912 paucas
1606 4830 1780 4916 brevesque

598 4935 855 5023 interpolationes
884 4939 916 4999 et
947 4933 1146 5020 dittologias‚
1179 4932 1307 4998 Leoni
1338 4933 1579 5000 adsentiendum
1602 4943 1650 5001 111
1674 4936 1778 5023 perhi-
