5125 6150
1192 785 1375 833 nucsurros.
1812 771 1872 834 ιιι

691 951 785 1038 Nego
809 972 885 1016 vero
908 951 984 1013 enim
1008 947 1074 1014 illis
1096 948 1174 1014 locis
1198 948 1374 1034 dequibus
1397 971 1480 1015 nunc
1504 951 1571 1015 dico
1595 974 1656 1015 non
1677 951 1790 1017 habere
1809 952 1877 1018 vnl-

690 1079 805 1145 garem
829 1060 924 1122 istius
948 1060 1061 1123 aetatis
1084 1056 1367 1143 significationem,
1389 1056 1442 1121 sed
1465 1056 1561 1121 aliam
1584 1057 1767 1123 obsoletam,

735 1164 831 1244 Quod
862 1163 902 1229 ad
934 1162 1118 1240 Gaesarem,
1147 1162 1244 1228 semel
1268 1168 1337 1226 tant
1340 1184 1394 1227 um
1418 1163 1494 1226 enim
1517 1165 1554 1227 ab
1577 1166 1804 1250 interpretibus
1827 1186 1876 1228 ex-

691 1270 872 1356 plicabatur
902 1278 1067 1355 tamquam
1097 1288 1295 1334 asseverans:
1328 1268 1363 1332 B.
1389 1267 1428 1334 G.
1454 1268 1534 1345 Vi,
1560 1269 1648 1347 8:„
1653 1271 1810 1334 llleem'm
1833 1294 1877 1334 re-

692 1386 813 1440 vocatae
854 1378 990 1439 recidere
1031 1400 1066 1440 ac
1099 1399 1130 1440 ee
1161 1383 1252 1438 ἰιιιιιιιι
1287 1376 1503 1460 defendere.
1519 1377 1653 1458 coepit.
1690 1376 1876 1464 Madvigius

693 1490 801 1547 autem
833 1482 966 1547 Advers
999 1480 1030 1544 ΙΙ
1060 1504 1090 1566 p
1114 1480 1180 1546 253
1208 1480 1246 1546 de
1269 1480 1418 1546 hocloco
1442 1484 1585 1567 scripsit:
1618 1482 1876 1559 ,Necessarioin

692 1609 836 1653 asserem
837 1590 924 1652 tione
959 1586 1159 1651 scribendum
1197 1593 1262 1651 est:
1231 1585 1363 1650 tille
1397 1587 1542 1651 enimvero
1576 1596 1750 1652 revocatus.
1792 1587 1875 1653 Nam

692 1694 804 1758 eadem
829 1696 862 1756 vi
885 1694 962 1756 enim
986 1695 1059 1777 poni
1082 1713 1174 1757 nemo
1197 1713 1281 1756 nunc
1305 1690 1442 1757 credat’'.

739 1800 777 1864 In
809 1799 894 1863 hisce
925 1799 1030 1862 verbis
1053 1820 1129 1864 vero
1152 1802 1310 1863 incertum
1334 1806 1426 1863 estu
1404 1805 1515 1863 utrum
1538 1797 1673 1885 Madvig
1696 1806 1820 1864 censeat
1839 1820 1876 1864 ea

692 1910 726 1971 vi
746 1906 825 1969 enim
845 1927 907 1969 non
926 1908 1002 1989 poni
1022 1926 1039 1970 a
1059 1903 1199 1983 Caesare,
1221 1926 1260 1969 an
1280 1904 1335 1969 alii
1355 1926 1480 1990 qnoque
1499 1908 1666 1989 scriptores
1679 1906 1877 1970 abstinuisse

736 2010 866 2078 Clarius
896 2016 952 2075 aut
954 2032 1006 2075 em
1036 2010 1114 2075 dicit
1101 2014 1176 2075 tin
1206 2010 1338 2075 Emend.
1363 2010 1434 2075 Liv.
1459 2032 1490 2095 p
1516 2010 1581 2074 244
1606 2013 1729 2096 prioris,
1753 2033 1783 2095 p
1809 2008 1875 2074 298

690 2119 825 2184 alterins
850 2117 924 2182 edit'
902 2120 1013 2182 tronis:
1041 2139 1123 2203 „quo
1147 2116 1305 2203 significat
1292 2116 1384 2181 ιιιιι.
1404 2115 1426 2180 ι.
1451 2119 1605 2202 accipitur
1625 2117 1700 2179 enim
1719 2119 1764 2197 (in
1784 2116 1876 2181 vebo

688 2228 791 2291 menti
826 2224 1056 2310 indignabundi
1087 2223 1338 2303 confirmatione)
1370 2243 1527 2308 nusquam
1560 2225 1700 2307 positum
1732 2230 1826 2307 puto,
1857 2243 1875 2287 a

690 2333 777 2397 Livii
809 2329 995 2416 aequalibus
1026 2338 1111 2395 certo
1142 2333 1205 2394 scio
1235 2331 1366 2393 nonita
1390 2329 1497 2414 poni’'.
1529 2329 1625 2393 Hisce
1648 2329 1751 2393 verbis
1773 2331 1875 2414 igitur

690 2439 883 2502 damnantur
905 2439 1180 2521 interpretationes
1202 2434 1503 2521 lexicographorum
1526 2434 1565 2499 ad
1588 2433 1675 2499 Livii
1698 2432 1745 2498 lIl
1770 2433 1822 2511 39,
1837 2433 1872 2512 9;

690 2542 766 2607 vm
792 2541 846 2618 32,
874 2541 931 2620 l3;
965 2540 1058 2606 XXII
1082 2541 1185 2623 25,3;
1218 2539 1358 2604 XXXIV
1384 2538 1479 2618 7,14.
1516 2539 1563 2605 De
1594 2538 1742 2607 Cicerone
1774 2548 1806 2605 ct
1836 2540 1874 2605 de

692 2652 797 2736 poetis
820 2648 957 2734 Madvig
980 2669 1040 2712 non
1066 2648 1148 2711 dixit
1171 2648 1297 2712 diserte.

736 2753 877 2838 Rapbail
907 2752 1040 2818 Kirhner
1063 2752 1101 2817 ad
1126 2750 1189 2818 Oic.
1215 2752 1305 2837 Disp.
1330 2751 1366 2816 T.
1392 2751 1406 2815 Ι
1430 2751 1515 2836 §76,
1538 2751 1642 2817 locum
1667 2751 1758 2817 valde
1782 2775 1873 2819 vexa-

690 2870 763 2925 tum
795 2869 826 2924 et
857 2861 896 2925 ab
926 2863 996 2944 ipso
1027 2860 1191 2936 Lambino,
1215 2859 1377 2935 Bentleio,
1402 2858 1491 2935 aliis,
1517 2880 1630 2944 parum
1653 2863 1871 2945 perspectum,

690 2968 856 3032 adnotavit
886 2969 996 3051 partic.
1028 2966 1105 3029 enim
1135 2967 1166 3030 ιι.
1191 2964 1213 3029 ι.
1245 2969 1314 3031 vim
1345 2965 1520 3030 affirmandi
1548 2965 1673 3030 habere.
1705 2964 1793 3030 Idem
1816 2965 1872 3030 alii

689 3080 797 3150 aiunt,
823 3082 931 3139 contra
955 3095 1033 3160 quos
1056 3081 1139 3140 recte
1159 3070 1194 3140 O.
1216 3072 1250 3139 F.
1265 3072 1315 3139 W.
1336 3071 1473 3138 Mueller
1491 3076 1524 3136 in
1543 3071 1743 3138 adnotatione
1762 3076 1872 3138 critica

688 3203 763 3268 pag.
796 3199 901 3244 rxxm
931 3180 979 3244 ed.
1010 3179 1149 3244 Teubnz
1188 3179 1299 3258 „Quod
1329 3182 1478 3264 quoniam
1509 3177 1644 3266 longum
1676 3185 1723 3243 est
1752 3181 1871 3243 ratione

688 3286 850 3361 refellere,
882 3293 1010 3350 tantum
1043 3285 1163 3363 dicam,
1194 3307 1265 3351 mea
1295 3288 1452 3351 sententia
1482 3306 1538 3350 nec
1568 3286 1693 3369 probari
1716 3306 1772 3350 nac
1795 3288 1870 3350 reici

690 3416 744 3479 per
779 3393 856 3455 enim
889 3394 1079 3455 sententiam
1114 3391 1260 3467 alterius,
1298 3392 1350 3456 sed
1384 3412 1459 3456 suae
1493 3413 1610 3454 caueam
1646 3391 1750 3468 reddi,
1790 3412 1870 3475 quae

689 3510 799 3563 utrum
831 3500 897 3562 aiat
926 3518 965 3560 an
995 3505 1107 3584 neget,
1140 3496 1232 3561 facile
1255 3497 1452 3582 intelligitur
1475 3518 1513 3562 ex
1537 3518 1572 3561 co
1595 3500 1679 3581 ipso,
1704 3498 1786 3581 quod
1808 3519 1870 3562 res-

688 3602 878 3689 pondetur'’.
910 3601 1025 3667 Paullo
1055 3611 1125 3687 post
1156 3600 1229 3686 §78
1258 3602 1396 3688 legitur:
1428 3605 1481 3679 „in
1512 3603 1562 3667 his
1584 3611 1632 3667 est
1655 3606 1740 3666 eninr
1764 3602 1869 3688 aliqua

688 3709 896 3775 obscuritas’'.
920 3708 1014 3773 Klotz
1037 3711 1071 3771 in
1093 3708 1194 3774 lexico
1218 3729 1274 3773 suc
1298 3711 1396 3773 vertit
1416 3709 1562 3773 wirkbict.
1584 3707 1725 3796 Georges
1743 3730 1868 3794 quoquc

687 3820 733 3882 ait
757 3816 833 3879 enim
852 3816 910 3880 hoc
929 3814 997 3880 loco
1017 3836 1203 3880 asseverare.
1224 3815 1270 3880 Re
1290 3836 1381 3892 vera,
1407 3821 1445 3878 ut
1464 3818 1646 3892 sescenties,
1669 3837 1724 3899 per
1742 3812 1868 3898 ellipsin

687 3925 845 3988 sententia
875 3920 1069 4006 explicatur:
1102 3921 1295 3998 „Movemur
1325 3923 1410 3985 enim
1441 3941 1533 4005 saepe
1555 3920 1662 4005 aliquo
1686 3927 1777 3984 acute
1799 3940 1868 3984 con-

686 4030 785 4105 clusa,
820 4028 965 4093 labamus
999 4036 1226 4112 mutamusque
1260 4030 1450 4092 sententiam
1485 4026 1670 4091 clarioribus
1703 4029 1800 4090 etiam
1834 4029 1867 4089 in

686 4137 798 4211 rebus;
831 4134 949 4212 (multo
973 4134 1099 4199 facilius
1123 4136 1225 4219 igitur
1248 4137 1280 4197 in
1303 4135 1354 4197 his
1376 4134 1482 4211 rebus)
1505 4136 1537 4195 in
1562 4133 1612 4195 his
1635 4138 1682 4195 est
1705 4133 1790 4196 enim
1814 4129 1868 4193 ali·

687 4263 750 4329 qua
773 4240 980 4305 obscuritae'’.

733 4346 798 4414 Cic.
819 4347 857 4411 de
877 4344 934 4410 Off.
955 4345 969 4409 Ι
989 4344 1080 4431 529:
1108 4352 1176 4421 „est
1196 4348 1281 4410 enim
1302 4344 1438 4409 difficilis
1451 4356 1644 4409 curararum
1657 4340 1866 4406 alienarum''.

686 4453 723 4522 G.
749 4454 783 4518 F.
808 4452 858 4518 W.
883 4452 1004 4518 Miiller
1035 4452 1218 4537 adscripsit:
1253 4452 1351 4528 „Man
1381 4451 1436 4515 hat
1459 4451 1535 4514 ειιιιιι
1558 4454 1589 4514 in
1615 4457 1727 4525 autem,
1752 4454 1865 4524 tomen,

685 4561 804 4646 quidem
834 4558 1005 4623 ιιιιιιθιιι..
1020 4557 1178 4622 .endlich
1210 4557 1286 4620 enim
1317 4559 1378 4621 mit
1404 4557 1543 4641 profecto
1575 4552 1716 4619 erkltren
1742 4552 1865 4618 wollen.

684 4666 745 4732 Die
772 4665 895 4727 laurate
917 4663 1124 4750 Verbindung
1146 4666 1190 4727 ist
1213 4664 1258 4727 oo
1281 4666 1350 4728 eine
1375 4662 1518 4727 ziemlich
1541 4661 1617 4725 lose.
1642 4660 1722 4725 Hier
1746 4660 1867 4723 benieht

682 4774 750 4837 sich
776 4771 853 4834 enim
876 4770 986 4834 auf
953 4772 1014 4832 neci
1037 4771 1197 4833 amabimur
1219 4772 1281 4833 mit
1304 4768 1375 4833 dem
1398 4767 1745 4858 Zwischengedanken:
1771 4764 1866 4842 ,Was

682 4879 810 4947 freilich
835 4878 881 4943 oft
904 4900 1013 4963 ganug
1037 4877 1252 4948 vorlrommt''⁸
