5125 6150
1229 816 1348 865 ursus.
1810 799 1875 866 417

695 983 914 1062 ἀτυχήσαντες
948 1004 1004 1068 pro
1033 984 1205 1061 carptae
1230 990 1338 1061 τιμῆς,
1371 982 1468 1067 §l4:
1494 982 1562 1054 τοὺς
1586 983 1642 1058 μὲν
1667 983 1792 1048 κοιλθειν
1815 985 1877 1047 ἐπι·

694 1094 886 1172 χειροῦντες,
922 1097 984 1160 τοῖς
1020 1088 1045 1152 θ’
1070 1089 1298 1168 ἐπιχειρεῖν
1333 1088 1489 1165 ἀξιοῦντες
1523 1110 1580 1174 pro
1611 1089 1774 1170 ἐπικουρεῖν
1805 1089 1875 1171 οθξ.;

693 1197 795 1281 §ltu
828 1197 979 1269 Ἀθηναῖοι
1013 1194 1038 1258 δ’
1068 1196 1127 1259 οὐθ’
1153 1195 1252 1271 (dv)
1281 1193 1379 1271 ἠξίουν
1411 1195 1566 1275 Εὐρυσθέος
1597 1197 1690 1260 adrev
1722 1197 1876 1263 ῖκεσεθ-

693 1327 793 1367 ουτοι
816 1302 906 1373 τοὺς
932 1302 1199 1373 ἱκετεύοντος
1219 1305 1307 1381 παρ’
1328 1302 1477 1366 ἐοιυτῶν
1498 1299 1691 1377 ἐξαιτεῖν.
1716 1302 1877 1369 luceteris

691 1415 742 1475 est
771 1407 841 1479 τοὺς
875 1408 979 1480 ῖκέτοις
1016 1409 1114 1472 adroic
1146 1408 1271 1486 ἐξελεῖν,
1311 1411 1345 1471 in
1376 1411 1563 1473 universum
1593 1416 1694 1485 recte,
1725 1418 1762 1474 ut
1793 1431 1875 1476 nuno

692 1537 821 1601 quoque
838 1518 871 1580 in
890 1515 914 1579 F
939 1515 978 1580 ad
1000 1517 1118 1580 vitium
1141 1536 1216 1580 casu
1240 1517 1447 1580 commissum
1471 1518 1635 1580 accesserit
1656 1517 1825 1600 impudens
1843 1523 1875 1582 et

690 1621 805 1687 infelix
828 1625 988 1687 correctio.
1020 1620 1090 1685 Hoc
1114 1626 1239 1686 tantum
1263 1612 1487 1686 deliberatione
1510 1621 1662 1706 dignum,
1687 1642 1788 1687 annon
1807 1625 1875 1687 eius

690 1729 835 1807 ἐξαιτεῖν,
854 1728 930 1793 licet
948 1734 1136 1813 corruptum
1153 1735 1185 1792 et
1195 1730 1313 1813 ipsum,
1326 1731 1549 1793 auctoritatem
1562 1728 1669 1792 efferat
1680 1731 1875 1794 coniecturae

689 1835 916 1901 Halbertsmae
934 1833 1060 1915 ἐξαιρεῖν
1072 1834 1234 1899 suadentis
1246 1842 1375 1920 propter
1386 1834 1570 1899 antecedens
1582 1835 1779 1914 εὑρίσκεσθαι,
1792 1836 1876 1921 quod

688 1941 924 2008 Herwerdenus
954 1936 1082 2027 propter
1112 1939 1226 2017 ἐξελεῖν
1256 1943 1290 2004 in
1321 1940 1420 2006 altero
1452 1941 1594 2005 membro
1616 1943 1649 2004 in
1673 1940 1806 2019 εὑρέοθοιι
1830 1964 1875 2008 re

687 2049 840 2136 fingebat.
864 2046 926 2113 Sed
946 2069 1078 2134 pergam
1102 2051 1367 2124 πλημμελείμοτοι
1392 2046 1546 2133 quaedam
1568 2049 1742 2134 insigniora
1761 2048 1875 2113 codicis

689 2155 847 2220 Marciani
864 2154 1011 2218 iudicare.
1038 2155 1144 2219 Habet
1166 2156 1184 2239 ξ
1209 2153 1267 2219 16:
1293 2153 1446 2233 Εὐρυσθέα
1472 2152 1502 2218 δέ
1527 2154 1578 2216 κοιί
1605 2154 1778 2234 οιίσχρθν
1800 2151 1873 2217 θντοι

685 2283 745 2348 pro
778 2261 899 2340 ἐχθρὸν;
931 2260 1026 2324 habet
1056 2259 1154 2344 525:
1180 2261 1252 2338 ὑπὲρ
1276 2260 1307 2324 δέ
1331 2269 1385 2333 τῆς
1409 2262 1517 2338 θρετιῖς
1543 2260 1873 2341 ἐφιλοψνχιὶσιιντες

686 2390 746 2455 pro
769 2369 811 2432 οθ
834 2367 1050 2449 Φιλοψυχνίσ.;
1075 2367 1170 2431 habet
1190 2365 1279 2450 548:
1299 2365 1387 2443 ροέχιι
1406 2366 1462 2441 μὲν
1481 2363 1666 2438 θίποινσες
1685 2374 1872 2446 Φίονοῖιντες,

687 2481 801 2553 μικρῶν
812 2474 1047 2550 δ’ἐγκλιιμοθσοιν
1068 2469 1147 2537 ι’θπσ
1161 2497 1242 2546 ντες
1265 2471 1396 2548 δεθριενοι
1410 2494 1466 2558 pro
1484 2469 1639 2539 ἕκοιστοι
1661 2473 1710 2538 tet
1738 2495 1760 2552 .;
1779 2474 1871 2559 §492

687 2584 741 2646 ιιοιί
774 2590 828 2653 τῆς
861 2579 1044 2651 κιλικίυς
1077 2577 1239 2652 οἱποέσνις
1271 2600 1327 2664 pro
1359 2605 1387 2643 κ.
1419 2604 1448 2643 τ.
1483 2581 1647 2654 ἧλικίοις
1671 2580 1871 2659 οῖποθσνις,

687 2686 817 2753 evidens
846 2689 994 2772 inprimis
1016 2685 1171 2751 indicium
1195 2706 1233 2750 ex
1257 2686 1429 2772 archetypo
1452 2686 1568 2752 litteris
1590 2690 1657 2752 iam
1683 2687 1873 2753 minusculis

691 2799 818 2859 exarato
846 2792 871 2856 F
895 2814 962 2857 esse
986 2792 1180 2877 descriptum
1188 2814 1197 2870 ;
1222 2793 1239 2876 ᾗ
1265 2792 1324 2856 50:
1348 2793 1535 2870 μίμψοισθοιι
1560 2815 1616 2878 pro
1640 2795 1871 2873 μεταπέμψασ-

692 2902 757 2978 θοι;
784 2901 801 2983 ᾗ
826 2899 868 2963 53
892 2921 966 2963 cum
990 2897 1033 2962 V:
1059 2899 1132 2962 οὐδ’
1152 2897 1255 2962 οὔπω
1275 2897 1432 2976 evocaos
1453 2920 1509 2984 pro
1528 2901 1560 2964 οῖ
1586 2899 1611 2963 δ’
1634 2898 1755 2978 οθπο;
1786 2902 1803 2984 ξ
1829 2899 1868 2966 71

689 3007 759 3079 τοὺς
780 3008 984 3085 προσήκοντος
1006 3007 1146 3077 αὐτοῖς
1167 3005 1299 3068 ἐλθεῖν
1320 3027 1416 3092 pror.
1432 3006 1554 3084 προσνίκ.
1577 3007 1705 3070 οιέιτῶν
1729 3008 1870 3073 ἐλεεῖν,

689 3114 812 3181 Omitto
837 3117 960 3178 minora
987 3116 1072 3178 vitia.

733 3221 868 3286 Summa
898 3220 1125 3305 disputationis
1150 3219 1211 3283 huc
1235 3219 1331 3284 redit:
1358 3222 1399 3283 sit
1422 3217 1585 3284 Palatinus
1610 3219 1640 3282 X
1664 3223 1871 3306 quantumvis

686 3335 873 3412 corruptus,
906 3333 1011 3390 tamen
1035 3325 1168 3411 Lysiam
1191 3324 1295 3390 multo
1318 3328 1414 3390 etiam
1439 3328 1669 3410 corruptiorem
1692 3323 1871 3412 legeremus

686 3436 714 3498 si
745 3436 778 3498 in
810 3431 1045 3517 exemplaribus
1075 3431 1188 3496 dubiae
1220 3430 1310 3505 fidei,
1342 3430 1434 3515 quale
1465 3437 1512 3494 est
1542 3430 1741 3496 Marcianum
1764 3431 1799 3508 F,
1832 3433 1870 3498 ad

685 3558 744 3605 nos
774 3547 968 3625 propagatus
997 3538 1117 3602 fuisset.
1153 3537 1263 3621 Neque
1294 3543 1400 3602 tamen
1432 3538 1508 3602 haec
1539 3540 1584 3603 sic
1615 3545 1741 3624 accepta
1769 3539 1869 3605 velim

686 3669 723 3713 ao
755 3649 782 3710 si
822 3666 902 3731 quae
936 3644 1073 3709 Palatini
1105 3645 1207 3708 scriba
1237 3643 1372 3729 deliquit
1403 3653 1458 3708 aut
1487 3643 1571 3710 levia
1601 3652 1726 3711 tantum
1756 3647 1870 3712 menda

683 3737 744 3818 aut
782 3773 913 3816 numero
948 3754 1064 3838 exigua
1093 3750 1234 3816 habenda
1264 3754 1337 3828 sint,
1369 3750 1422 3815 sed
1453 3756 1490 3815 ut
1520 3772 1582 3815 non
1614 3773 1721 3817 omnes
1751 3774 1870 3819 errores

684 3860 804 3945 quibus
842 3858 923 3922 liber
953 3864 1051 3922 scatet
1081 3860 1182 3942 ipsius
1213 3859 1336 3941 stupori
1365 3858 1570 3943 imputandos
1600 3860 1790 3924 existimem.
1823 3859 1869 3924 De

685 3974 817 4033 externo
839 3964 914 4028 libri
937 3964 1049 4029 habitu
1073 3964 1161 4028 nobis
1184 3966 1416 4048 pretiosissimi,
1444 4001 1484 4013 ·-
1505 3964 1617 4041 βίβλος
1641 3964 1777 4043 θεοῖώρου
1795 3989 1871 4044 γρου·
1929 4031 1931 4036 ,

684 4081 783 4153 Φεῖσοι
815 4073 896 4149 χειρί
927 4079 975 4135 est
1006 4073 1039 4134 in
1064 4071 1165 4135 indice
1189 4071 1290 4136 codici
1310 4072 1499 4155 praemisso,
1526 4109 1565 4120 -
1590 4071 1665 4136 haec
1688 4072 1867 4137 traduntur.

685 4150 948 4245 Membranaceus
977 4161 1095 4242 dicitur
1126 4177 1242 4242 saeculi
1273 4175 1356 4253 XII⁵,
1386 4177 1504 4242 formae
1535 4177 1703 4263 quadratae
1726 4180 1867 4257 minoris,

684 4289 755 4349 bene
784 4284 915 4367 ιοτίρνθνε
946 4287 1007 4348 etsi
1029 4290 1205 4348 atramento
1228 4286 1354 4369 saepius
1378 4282 1552 4368 pallidiore.
1578 4283 1667 4363 Quod
1690 4287 1716 4348 si
1739 4287 1786 4348 ita
1809 4290 1866 4361 est,

684 4413 786 4477 neque
812 4392 910 4455 habeo
934 4412 989 4455 cur
1012 4388 1146 4454 oculatis
1169 4390 1303 4454 testibus
1326 4389 1421 4454 fidem
1441 4390 1604 4476 denegem,
1624 4392 1743 4454 mirum
1756 4389 1869 4454 accidit

687 4499 770 4584 quod
800 4500 834 4561 in
865 4496 944 4561 libro
967 4517 985 4561 a
1009 4495 1226 4582 compluribus
1252 4499 1329 4561 viris
1353 4496 1453 4561 doctis
1477 4501 1609 4561 tractato
1634 4501 1665 4560 et
1686 4501 1865 4574 retractato,

684 4608 768 4670 inter
798 4624 877 4688 quos
902 4604 1031 4667 fuorunt
1054 4601 1261 4689 legendorum
1287 4599 1480 4668 Graecorum
1502 4601 1646 4668 codicum
1670 4604 1865 4685 peritissimi,
1963 4641 1967 4650 «

684 4733 722 4777 ne
746 4732 829 4775 nunc
853 4709 981 4794 quidem
1005 4712 1112 4774 omnia
1135 4708 1230 4773 dubia
1253 4717 1376 4774 remota
1399 4708 1461 4773 dici
1485 4712 1615 4794 possint.
1639 4707 1787 4773 Excussit
1810 4708 1866 4774 Pa·

682 4817 821 4882 latinum
840 4814 864 4880 l.
887 4815 1051 4881 Bekkerus
1070 4818 1203 4901 primus,
1225 4815 1278 4880 sed
1299 4819 1344 4880 sic
1363 4821 1400 4879 ut
1420 4813 1454 4881 (i.
1477 4815 1512 4879 L.
1526 4816 1713 4900 Kayseroiu
1726 4814 1865 4881 Scheibii

681 4926 820 5012 gratiam
845 4922 984 4988 codicem
1006 4924 1126 4987 iterum
1149 4922 1323 4987 conferenti
1345 4921 1467 5009 largam
1493 4943 1628 4987 messem
1651 4922 1864 4990 addendorum
