5125 6150
1023 821 1198 878 ΝΛΡΔΟΣ
1224 823 1412 880 ΠΙΣΤΙΚΗ.
1765 816 1806 882 ll

616 999 718 1074 nicia,
743 996 825 1061 aliae
848 996 981 1061 fortasse
1005 998 1168 1081 regionem
1194 996 1248 1060 sed
1272 1017 1430 1081 quaenam
1455 1000 1578 1084 optima
1597 999 1709 1075 fuerit,
1729 997 1814 1064 dicet

616 1103 708 1169 nobis
739 1101 930 1186 Apollonius
961 1122 1011 1186 ap.
1043 1102 1161 1166 Athen.
1187 1101 1246 1165 XV
1270 1123 1301 1186 p.
1328 1102 1446 1168 688E:
1474 1101 1552 1182 ’Ἶρις
1575 1104 1632 1179 μὲν
1656 1104 1686 1167 ἐν
1706 1104 1811 1169 ’Ἤλιδι

616 1207 797 1290 χρητοτάτη
822 1207 874 1272 καὶ
899 1208 929 1270 ἒν
954 1207 1089 1288 Κνζόκιρ·
1113 1206 1222 1286 ῥόδινον
1245 1207 1275 1272 δὲ
1300 1208 1441 1285 κράτιςον
1466 1209 1496 1273 ἐν
1522 1209 1672 1286 Φοιοηλιδι
1695 1210 1747 1275 κιο)
1772 1212 1807 1277 τὸ

617 1316 652 1379 ἐκ
676 1314 763 1386 Nice
787 1314 817 1378 δὲ
842 1312 960 1385 πόλεως
985 1313 1037 1378 κού
1063 1314 1211 1385 Κοονιύης·
1245 1314 1374 1392 κρόκινον
1397 1313 1428 1378 δὲ
1453 1315 1483 1378 ἐν
1509 1316 1615 1388 Σόλοις
1640 1323 1702 1385 τοῖο
1726 1326 1809 1381 Κιλι-

615 1422 689 1493 κόοις
721 1420 773 1485 cai
800 1421 830 1483 ἕν
853 1419 959 1498 Ῥόδῳ·
982 1419 1112 1499 νάρδινον
1136 1420 1166 1484 δὲ
1191 1421 1225 1484 τό
1250 1422 1280 1484 ἒν
1304 1421 1436 1501 Τάρσῳ,
1462 1428 1521 1486 cet.
1547 1428 1606 1486 cet.
1632 1442 1713 1506 quae
1736 1423 1808 1487 vide

616 1527 701 1613 apud
722 1530 840 1611 ipsum.
866 1525 957 1606 Quod
977 1546 1016 1590 ex
1035 1528 1104 1610 ipsa
1123 1528 1169 1591 rei
1188 1531 1303 1591 natura
1320 1529 1476 1610 sequitur,
1497 1527 1670 1592 addebatur
1683 1527 1807 1593 oleum:

617 1640 654 1698 ut
689 1635 767 1698 artis
802 1631 957 1697 vocabula
992 1652 1161 1716 usurpem:
1197 1654 1266 1695 οιιοο
1301 1632 1537 1698 admiscebatur
1570 1655 1697 1715 οονροιιι,Ι
1731 1654 1807 1699 nam

616 1738 906 1817 „destillationem”
925 1758 1022 1822 quam
1039 1758 1095 1802 noe
1113 1737 1265 1815 dicimus,
1278 1744 1402 1804 veteres
1419 1739 1562 1804 nondum
1580 1745 1805 1825 cognoverant.

615 1846 701 1910 Hine
736 1845 846 1909 scribit
879 1841 1006 1908 Plinius
1037 1841 1118 1907 XIII
1142 1843 1180 1907 3:
1212 1842 1386 1930 Unguenta
1416 1847 1539 1931 optime
1570 1850 1741 1910 serrantur
1772 1848 1807 1910 in

616 1950 800 2026 alabastris,
824 1948 933 2014 odores
952 1951 986 2012 in
1007 1947 1091 2014 oleo:
1114 1948 1198 2033 quod
1217 1948 1426 2015 diuturnitati
1447 1972 1560 2016 eorum
1579 1955 1670 2016 tanto
1690 1950 1806 2016 utilius

616 2063 664 2121 est
694 2062 813 2140 quanto
843 2056 1014 2140 pinguius,
1048 2060 1085 2119 ut
1115 2078 1151 2118 ea
1182 2056 1357 2139 amygdalae.
1390 2057 1480 2137 Quod
1509 2056 1550 2121 ad
1578 2057 1807 2143 pinguedinem

616 2163 748 2238 attinet,
772 2159 931 2244 discrepat
953 2160 1192 2245 Theophrastus
1216 2161 1254 2226 de
1278 2161 1364 2227 odor.
1387 2160 1439 2240 15,
1465 2168 1622 2247 quantum
1641 2162 1806 2249 intelligo;

615 2269 765 2333 convenit
795 2266 880 2350 quod
911 2265 1037 2330 Plinius
1067 2267 1164 2331 habet
1188 2267 1226 2332 de
1250 2267 1449 2354 amygdalis:
1475 2270 1580 2334 νιολλά
1604 2267 1635 2333 δὲ
1658 2269 1806 2348 γίγνεται

616 2371 705 2453 κιρ)
738 2370 931 2436 Κιλικόοιν
962 2371 1014 2434 nal
1040 2375 1173 2436 ποιοῦσιν
1199 2371 1233 2449 όξ
1257 2374 1358 2438 αὐτῶν
1380 2381 1494 2453 χρῒμοι.
1519 2373 1602 2456 φοοδ
1627 2373 1660 2439 δὲ
1684 2375 1736 2439 κού
1762 2376 1805 2446 εἰς

613 2479 657 2543 τά
682 2478 835 2543 οιιοοδοιῖοι
860 2483 919 2540 τῶν
942 2479 1043 2558 μύρον
1066 2475 1242 2557 άρμόττειν,
1267 2485 1364 2563 atque
1387 2482 1433 2544 eie
1455 2482 1554 2545 etiam
1577 2479 1694 2545 melius
1716 2480 1808 2545 intel-

614 2585 750 2671 ligimus
782 2587 940 2669 optimam
971 2585 1108 2648 nardum
1140 2606 1179 2649 en
1210 2582 1325 2652 Cilicia
1354 2589 1539 2670 provenire,
1573 2608 1649 2652 cum
1679 2585 1807 2651 accedat

616 2689 678 2755 olei
711 2688 912 2776 arnygdalini
939 2692 1143 2774 praestantia.
1175 2690 1280 2756 Etiam
1309 2695 1412 2776 pretia
1438 2695 1588 2758 novimus
1612 2692 1729 2777 quibus
1753 2713 1806 2777 op·

615 2799 697 2862 tima
731 2816 875 2880 quaeque
906 2802 1072 2880 unguenta
1101 2795 1227 2860 renoba
1258 2804 1363 2861 erant:
1395 2798 1508 2862 scribit
1535 2798 1718 2863 Athenaeus
1744 2797 1806 2862 XV

615 2923 648 2986 p.
683 2900 807 2968 691οε
843 2901 1037 2977 παμπόλλου
1072 2900 1098 2964 δ’
1131 2900 1338 2981 ἐπιπράσκετο
1374 2902 1535 2978 ’Λόηνηοιν
1570 2905 1587 2979 η
1622 2907 1676 2968 τοῦ
1711 2901 1805 2982 μύρον

615 3008 750 3085 κοτύλη,
780 3006 832 3069 κού
859 3007 897 3079 cic
929 3005 986 3083 μὲν
1016 3003 1194 3086 Ἵοιιτοιρχόο
1222 3014 1318 3086 Φηοιν
1347 3009 1377 3072 ἐν
1406 3008 1577 3088 Πιιννιιχόδι
1602 3007 1694 3074 πέντε
1714 3008 1805 3088 μνῶν,

615 3116 654 3184 cic
694 3112 725 3176 δὲ
766 3111 940 3192 Μόνοινδρος
982 3113 1012 3176 ἐν
1054 3112 1217 3193 Μιοομύνη
1251 3112 1337 3180 δάκοι.
1381 3116 1571 3196 Ἀντιφάνης
1608 3116 1634 3180 δ’
1670 3116 1701 3179 ἐν
1736 3122 1808 3195 Φρε-

614 3220 704 3297 ιορρόςι
735 3226 852 3293 ςιοκτιῐς
884 3222 938 3282 τοῦ
969 3217 1064 3298 μύρον
1096 3219 1290 3296 μνημονεύων
1319 3221 1416 3301 Φηοό·
1450 3224 1580 3296 Στοικτη
1611 3220 1690 3286 δυοῖν
1713 3227 1805 3295 μνοιῖν

614 3327 668 3392 ούκ
692 3323 812 3402 άρόοκει
837 3325 872 3400 μ’
895 3322 1046 3399 ούδοιμιῑη.
1070 3324 1156 3390 Hinc
1178 3325 1244 3391 vile
1268 3326 1388 3392 donum
1413 3327 1497 3411 quod
1521 3327 1607 3413 apud
1626 3326 1807 3392 Luciannm

615 3436 741 3498 amator
762 3429 984 3495 meretriculae
1009 3430 1137 3510 attulit,
1162 3431 1289 3519 Dialog.
1313 3433 1444 3499 Meretr.
1472 3432 1523 3510 14,
1548 3433 1730 3510 οὶλάβοιςοον
1750 3432 1808 3510 μύ-

613 3561 663 3619 ρον
688 3538 721 3602 ἐκ
746 3535 882 3611 Φοινίκης
907 3535 957 3600 δύο
980 3536 1137 3617 δραχμῶν.
1162 3538 1259 3623 Apud
1283 3538 1455 3605 Iohannem
1475 3539 1736 3625 Evangelistam,
1759 3542 1808 3604 uti

615 3651 649 3710 et
672 3641 756 3728 apud
780 3641 946 3718 Marcum,
971 3647 1019 3706 est
1042 3642 1133 3718 λότριι
1157 3644 1251 3721 μύρου
1276 3643 1382 3724 νάρδον
1405 3644 1527 3710 venalia
1547 3647 1696 3710 trecentis
1715 3645 1807 3710 dena

614 3751 683 3814 riis.
707 3747 741 3812 Si
766 3748 896 3831 quidem
919 3746 1176 3833 metrologorum
1198 3749 1376 3815 doctrinam
1400 3751 1479 3816 bene
1503 3749 1670 3837 intelligo,
1691 3750 1804 3825 κοτύλη

614 3863 648 3922 et
672 3855 761 3932 λότροι
784 3853 975 3919 tantundem
997 3854 1063 3919 fere
1084 3853 1209 3931 valent,
1233 3854 1301 3921 scil.
1326 3859 1458 3922 tertiam
1481 3855 1601 3943 kilogr.
1627 3863 1752 3942 partem
1776 3864 1808 3922 et

615 3981 718 4047 quum
741 3961 876 4025 trecenti
899 3958 1020 4024 denarii
1038 3958 1092 4025 vel
1113 3960 1247 4026 totidem
1266 3962 1435 4029 drachmae
1454 3967 1518 4029 tres
1538 3965 1643 4028 minas
1655 3962 1808 4041 efficiant,

614 4074 663 4134 sat
696 4068 775 4132 bene
806 4068 956 4131 convenit
989 4066 1027 4130 de
1050 4069 1161 4133 insano
1184 4071 1288 4153 pretio
1312 4070 1404 4135 nardi
1428 4073 1543 4150 (miror
1566 4071 1808 4135 enormitatem:

612 4195 718 4240 unum
735 4171 852 4259 kilogr.
875 4171 1117 4259 quadringentis
1138 4177 1263 4241 circiter
1281 4175 1422 4256 florenis)
1441 4178 1527 4240 inter
1546 4178 1684 4241 comicos
1699 4180 1810 4261 poetae

613 4285 647 4346 et
669 4278 783 4343 Iudam
806 4276 1012 4354 Iscariotam,
1037 4299 1175 4362 quorum
1199 4283 1328 4346 nomina
1351 4301 1478 4367 perraro
1503 4282 1670 4345 coniuncta
1686 4281 1808 4345 vidisti.

612 4385 726 4468 Neque
757 4381 900 4448 multum
933 4382 1059 4449 abludit
1088 4385 1215 4451 Plinius
1246 4386 1326 4451 XIII
1350 4387 1389 4452 4:
1414 4385 1552 4452 Summa
1575 4385 1809 4451 commendatio

613 4495 873 4576 unguentorum,
905 4495 942 4553 ut
973 4495 1158 4557 transeunte
1188 4492 1308 4557 femina
1338 4492 1415 4557 odor
1445 4494 1564 4557 inritet
1594 4494 1693 4557 etiam
1720 4488 1809 4556 aliud

612 4601 763 4683 agentes:
788 4595 1008 4681 exceduntque
1031 4598 1250 4683 ηιιοά-ιόινροιιοο
1274 4598 1415 4662 denarios
1438 4598 1544 4663 librae.

659 4701 808 4767 Vidimus
832 4723 929 4787 snpra
953 4702 1038 4788 apud
1062 4702 1261 4770 Clementem
1284 4702 1538 4769 Alexandrinum
1561 4722 1629 4768 esse
1652 4703 1804 4782 άρόμοιτιο

615 4808 716 4887 ὑγρά,
748 4806 842 4887 ξηρά,
874 4808 1018 4877 ότόνιιιτιι
1050 4815 1082 4874 et
1107 4811 1357 4887 ύτοόομιύμινοι·
1382 4815 1431 4875 eet
1454 4810 1514 4875 hoc
1537 4811 1616 4874 satis
1639 4815 1804 4896 apertnm;

616 4913 672 4980 sed
703 4913 789 4998 apud
819 4914 1021 4980 Athenaeum
1050 4913 1083 4978 II
1113 4936 1143 4999 p.
1168 4913 1254 4979 46Α
1283 4916 1428 4982 invenio:
1462 4913 1612 4981 ἐκκλόνειν
1640 4913 1672 4979 δὲ
1694 4914 1742 4980 δεῖ
1763 4915 1806 4982 τά
