5125 6150
1131 872 1314 918 6161111616
1337 872 1431 919 uxos.
1809 848 1874 912 429

682 1043 744 1105 erit
767 1060 842 1104 cum
866 1058 942 1103 eura
965 1058 1122 1122 exponere
1147 1057 1228 1120 quae
1249 1035 1286 1101 de
1305 1035 1457 1121 praeclari
1479 1039 1542 1100 viri
1565 1056 1661 1099 uxore
1681 1037 1878 1118 investigare

684 1149 789 1232 potui.

729 1250 821 1330 Quod
852 1249 1093 1335 Wyttenbachii
1116 1251 1301 1313 testimonio
1324 1269 1453 1332 prorsus
1478 1252 1620 1323 constat,
1645 1245 1875 1322 Ruhnkenius„

683 1360 740 1443 qui
770 1362 865 1421 natus
895 1362 963 1420 6161
987 1355 1117 1440 66611111.
1143 1353 1215 1419 Kal.
1241 1354 1306 1418 lan.
1334 1352 1431 1432 1723,
1465 1353 1678 1438 quadraginta
1702 1373 1798 1417 66666
1823 1373 1876 1416 na·

683 1472 754 1541 tus,
788 1466 897 1547 itaque
928 1482 1008 1526 anno
1042 1457 1138 1537 1763,
1174 1480 1307 1524 uxorem
1344 1460 1436 1523 duxit
1467 1479 1622 1524 66661661
1653 1458 1877 1543 duodeviginti

680 1568 894 1634 lectissimam
922 1569 1083 1652 virginem
1109 1566 1324 1630 Mariamnam
1349 1565 1555 1642 Heiermans‚
1581 1585 1660 1648 quae
1681 1571 1752 1649 poet
1774 1583 1878 1626 unum

683 1689 715 1740 et
736 1673 874 1738 alterum
895 1694 1015 1738 annum
1035 1673 1114 1737 duas
1133 1675 1162 1737 61
1184 1671 1262 1736 61166
1275 1675 1413 1757 peperit,
1429 1692 1564 1756 quarum
1577 1669 1877 1745 mniorlllisabetha,

683 1782 778 1844 minor
802 1787 910 1844 autem
934 1779 1049 1844 Maria.
1075 1779 1152 1843 11161
1171 1778 1399 1854 Ruhnkenius,
1421 1785 1458 1841 ut
1479 1779 1588 1842 scribit
1609 1776 1878 1862 Wytteubachius

684 1910 714 1972 p.
740 1885 816 1963 634,
843 1888 942 1949 —in
972 1885 1059 1948 Vitae
1090 1884 1238 1948 diditione
1266 1904 1294 1948 a.
1322 1883 1406 1948 1821
1434 1922 1474 1932 —
1500 1905 1561 1948 non
1587 1904 1691 1947 novus
1713 1884 1747 1945 in
1771 1902 1878 1946 amore

683 2001 715 2058 et
752 2013 790 2057 ex
825 1994 866 2055 iis
900 2012 980 2076 quae
1015 1990 1154 2075 prodidit
1189 1990 1227 2054 de
1259 1989 1403 2054 Parisino
1435 1989 1636 2054 dilectissimi
1667 1989 1879 2073 praeceptoris

682 2102 797 2163 itinere
825 2120 854 2182 p.
881 2094 957 2174 587,
982 2096 1104 2181 liquido
1127 2095 1345 2181 intelligimus
1369 2095 1542 2161 Herculem
1566 2094 1661 2161 illum
1686 2095 1878 2179 Musageten

683 2203 856 2289 aliquando
879 2201 1031 2267 Sirenum
1055 2209 1151 2266 cantu
1175 2201 1347 2266 delinitum
1371 2203 1486 2278 fuisse,
1507 2223 1581 2266 cum
1602 2203 1788 2285 praesertim
1808 2199 1878 2264 illic
1999 2270 2001 2275 ,

684 2312 826 2374 61616661
856 2308 986 2372 haberet
1017 2305 1173 2371 Thomam
1205 2305 1444 2393 Tyrrvhittum,
1477 2308 1793 2393 „ingeniosissimum
1818 2305 1877 2369 elc-

683 2416 873 2500 gantiarum
913 2413 1053 2477 iudicem
1092 2419 1125 2478 et
1164 2416 1421 2489 aestimatorem,
1458 2413 1627 2477 Musarum
1662 2411 1876 2494 Sirenumque

685 2519 812 2586 cultum
844 2523 890 2582 116
921 2522 1126 2604 iungentem,
1152 2525 1188 2582 ut
1212 2521 1357 2602 utrisque
1381 2526 1511 2604 gratus,
1537 2525 1747 2601 utrarumque
1770 2537 1880 2580 mune·

685 2627 774 2690 ribus
799 2625 992 2689 frueretur”.
1016 2625 1082 2689 Nec
1106 2632 1212 2689 tamen
1238 2624 1354 2690 Leidae
1379 2625 1497 2689 talibus
1521 2625 1665 2688 moribus
1689 2623 1877 2688 vivebatur:

684 2731 767 2797 illud
792 2730 1016 2795 tantummodo
1041 2731 1185 2795 homines
1208 2733 1289 2795 vitio
1314 2732 1448 2809 dobant,
1469 2731 1552 2815 quod
1572 2731 1730 2814 professor
1750 2728 1880 2813 quadra—

684 2839 837 2923 genariue
872 2836 1080 2901 Academicae
1110 2838 1282 2922 gravitatis
1316 2836 1434 2900 oblitus
1463 2835 1690 2923 virgunculam
1723 2835 1878 2899 ducturus

684 2950 762 3009 6161.
794 2943 865 3027 1666
895 2941 1162 3028 Wyttenbacbius
1194 2942 1253 3006 hoo
1285 2945 1423 3019 crimen,
1455 2945 1482 3006 61
1514 2943 1643 3026 quidem
1668 2944 1788 3005 crimen
1813 2946 1877 3017 est,

685 3052 763 3115 66116
797 3046 928 3133 illepide
963 3069 1112 3113 excusare
1148 3055 1279 3113 conatus
1314 3056 1379 3126 661,
1412 3049 1548 3114 necdum
1581 3051 1660 3114 scire
1691 3054 1815 3133 6616161
1846 3067 1879 3111 se

685 3158 891 3240 septuaginta
923 3175 1019 3218 annos
1047 3162 1159 3219 natum
1183 3157 1292 3239 ipsum
1316 3176 1441 3239 quoqne
1465 3158 1527 3219 tori
1552 3157 1670 3219 sociam
1696 3155 1756 3218 sibi
1780 3153 1878 3218 adsci-

685 3270 797 3326 turnm
834 3281 902 3325 6666
940 3263 1056 3325 6616116
1095 3258 1194 3323 liliam
1234 3257 1414 3325 Gallienam
1451 3282 1560 3325 suem:
1595 3260 1628 3324 id
1661 3260 1745 3344 quod
1779 3257 1876 3344 longe

685 3370 813 3452 turpius
843 3373 902 3430 661.
938 3364 1000 3431 Sed
1033 3366 1163 3429 1661661
1196 3365 1371 3429 Burmanni
1402 3366 1661 3452 Epigrammata:
1694 3365 1877 3431 1166616116

684 3473 769 3539 vidit
800 3470 956 3549 (lebetum
989 3472 1043 3536 sed
1074 3492 1134 3557 ego
1166 3492 1292 3555 quoque
1318 3471 1523 3547 11111,6616,
1549 3471 1632 3556 quod
1656 3493 1729 3535 eum
1754 3473 1877 3558 fugisse

686 3580 824 3656 videtur,
856 3578 1077 3663 Bergmannus
1108 3576 1155 3642 l.l.
1179 3599 1210 3662 p.
1237 3577 1289 3655 63,
1321 3599 1357 3642 66
1389 3581 1456 3642 iam
1488 3578 1609 3663 publici
1639 3581 1719 3642 iuris
1752 3579 1876 3654 fecerat.

686 3684 891 3770 Appellarat„
928 3690 966 3747 nt
1001 3684 1111 3748 scribit
1143 3681 1299 3761 Cobetus,
1331 3684 1535 3749 Burmannus
1565 3686 1599 3748 in
1630 3684 1771 3750 mordaci
1805 3683 1889 3766 Epi-¹

686 3797 883 3878 grammate,
909 3790 1030 3853 —sed
1060 3788 1094 3852 id
1124 3788 1207 3872 quod
1239 3789 1331 3853 nobis
1363 3797 1526 3854 servatum
1552 3798 1616 3867 est,
1641 3790 1723 3854 mibi
1746 3787 1877 3872 quidem

686 3897 815 3962 elumbe
851 3901 883 3959 et
914 3893 1006 3959 valde
1040 3892 1201 3958 insulsum
1233 3894 1361 3959 videtur
1392 3934 1434 3942 -
1467 3894 1643 3981 appellarat
1675 3897 1778 3980 igitur
1810 3892 1880 3973 Ma-

686 4005 843 4066 riamnam
885 3999 1030 4063 Italicam
1073 4002 1301 4063 cantatricem:
1346 4003 1505 4083 primum,
1549 4001 1628 4063 milri
1674 3999 1782 4075 crede,
1829 3997 1877 4062 nil

684 4106 749 4173 tale
784 4106 860 4171 16611
895 4105 1113 4181 Burmannus,
1149 4105 1262 4168 deinde
1297 4107 1381 4189 quod
1409 4107 1588 4171 Μ61166166
1618 4104 1730 4169 Italica
1759 4106 1877 4168 dicitur

684 4217 717 4277 in
749 4212 993 4296 Epigrammata
1025 4210 1162 4294 quodam
1195 4210 1362 4288 Francico,
1398 4235 1459 4276 1166
1491 4212 1631 4275 multum
1664 4233 1715 4275 me
1746 4216 1871 4288 movet;

684 4341 758 4383 nam
791 4338 905 4382 verum
936 4318 995 4381 hoc
1027 4323 1103 4381 erat.
1136 4317 1220 4396 Quid
1250 4315 1358 4381 61111111
1390 4317 1602 4383 Ruhnkeniue
1626 4316 1872 4403 „probabiliter”

684 4425 773 4489 tibia¹
796 4424 941 4500 canebat,
975 4430 1013 4487 nt
1042 4422 1152 4487 scribit
1184 4423 1452 4508 wyttenbachius
1483 4446 1513 4508 p.
1540 4422 1615 4501 549,
1640 4432 1672 4489 61
1695 4425 1875 4489 Μ61166166

685 4527 936 4615 „probabiliter”
977 4529 1124 4605 canebat,
1161 4552 1190 4613 p.
1225 4527 1300 4604 633,
1337 4535 1397 4604 „ut
1431 4550 1470 4594 ex
1504 4530 1614 4614 pulcro
1649 4552 1701 4595 ore
1736 4529 1876 4615 pulcrior

684 4638 782 4700 etiam
814 4635 853 4699 ad
884 4655 976 4698 aures
1000 4635 1155 4698 accideret
1178 4635 1305 4698 sonus”.
1331 4634 1447 4699 Leidae
1470 4642 1579 4700 autem
1602 4634 1658 4700 illo
1683 4636 1806 4701 saeculo
1830 4639 1876 4700 161

684 4742 825 4804 16661666
849 4738 1022 4825 singularis
1046 4740 1246 4804 tribuebatur
1269 4740 1383 4819 honos;
1409 4745 1485 4825 quin
1509 4752 1542 4807 et
1566 4751 1735 4807 concentus
1760 4745 1877 4806 musici

684 4846 751 4910 illic
786 4846 1135 4910 Amstelodamensibus
1170 4846 1319 4910 meliores
1353 4869 1420 4911 esse
1456 4848 1651 4926 dicebantur,
1693 4856 1730 4912 ut
1765 4850 1875 4913 scribit

686 4952 897 5016 Ruhnkenius
920 4952 959 5015 ad
986 4951 1270 5037 Wytteubacbium
1295 4952 1325 5016 d.
1350 4953 1392 5017 29
1417 4953 1492 5019 Dec.
1521 4954 1616 5019 1793.
1641 4955 1731 5019 Nihil
1755 4958 1876 5019 mirum
