5125 6150
643 1368 716 1457 ΒΕ
746 1365 1099 1458 EUGAMMONIS
1129 1365 1394 1455 CYRllNAllI
1422 1365 1730 1457 TllLllGONlA.

1124 1574 1254 1629 'somrsrr

1021 1756 1050 1821 J.
1075 1741 1362 1840 vtaruauu.

1099 2039 1284 2084 -wmo—

636 2301 863 2387 Bampsinitus
896 2322 952 2367 rex
986 2301 1129 2387 Aegypti
1163 2321 1236 2365 cum
1268 2305 1371 2364 tantas
1402 2300 1532 2366 divitias
1568 2311 1779 2369 coacervasset
1901 2346 1907 2357 ·

590 2414 731 2495 quantae
752 2407 834 2475 nulli
858 2414 930 2494 post
952 2429 1027 2473 eum
1050 2411 1251 2494 contigerunt
1274 2409 1419 2493 principi,
1444 2414 1481 2473 ut
1503 2410 1668 2494 ingentem
1687 2409 1777 2475 illam

589 2519 663 2580 vim
692 2517 820 2601 argenti
849 2521 954 2579 tutam
984 2535 1002 2579 a
1025 2513 1235 2599 praedonibus
1259 2519 1416 2589 servaret,
1441 2512 1554 2579 cellam
1577 2513 1735 2600 lapideam
1758 2537 1778 2582 a

589 2625 696 2707 perito
720 2622 890 2685 architecto
914 2619 1071 2685 aedificari
1094 2622 1228 2684 curavit.
1252 2617 1315 2683 Hic
1333 2624 1442 2684 autem
1462 2620 1550 2685 vafer
1567 2620 1662 2686 homo
1680 2624 1777 2706 parie-

589 2734 660 2793 tem
683 2732 852 2792 extemum
874 2729 921 2790 ita
943 2727 1118 2801 exstruxit,
1143 2730 1182 2789 ut
1204 2746 1289 2789 unus
1307 2723 1389 2810 lapis
1407 2725 1498 2791 facile
1516 2726 1641 2791 extrahi
1660 2734 1775 2813 posset,

588 2856 655 2920 quo
678 2839 801 2898 remoto
823 2835 975 2898 introitus
993 2831 1208 2897 clandestinus
1227 2834 1262 2895 in
1282 2831 1468 2897 thesaurum
1486 2831 1627 2919 regalem
1644 2839 1774 2919 pateret.

590 2939 677 3009 Gum
707 2941 741 3004 iu
774 2961 810 3006 eo
841 2946 923 3005 esset
954 2944 991 3005 ut
1013 2944 1198 3014 moreretur,
1224 2937 1347 3004 duobus
1372 2938 1447 3004 filiis
1469 2939 1594 3005 aditum
1617 2947 1775 3007 secretum

587 3045 762 3124 indicavit,
793 3067 856 3131 quo
887 3044 1057 3133 prudenter
1080 3048 1131 3110 usi
1154 3043 1311 3131 reliquam
1334 3047 1437 3110 vitam
1460 3048 1543 3111 curis
1567 3066 1702 3112 vacuam
1726 3047 1775 3113 de-

587 3158 720 3240 gerent,
753 3154 870 3237 qnippe
901 3154 956 3237 qui
987 3153 1227 3227 essentranloer
1251 3150 1479 3228 condensatos
1503 3152 1682 3233 χρημάτων.
1707 3154 1774 3220 Rex

587 3280 682 3337 vero,
706 3278 782 3323 oum
805 3257 934 3324 cottidie
959 3278 1034 3344 opes
1057 3278 1129 3322 suas
1152 3260 1305 3323 imminui
1328 3258 1451 3323 videret
1474 3265 1506 3324 et
1530 3260 1686 3344 quomodo
1709 3282 1775 3325 sur·

588 3368 654 3452 ripi
684 3371 814 3451 possent
839 3367 1020 3447 miraretur,
1045 3363 1224 3450 decipulam
1247 3367 1364 3451 posuit,
1389 3385 1451 3450 qua
1475 3387 1550 3430 mox
1574 3364 1655 3431 alter
1678 3368 1775 3433 frater

588 3472 704 3538 haesit.
736 3470 797 3550 Qui
827 3492 901 3536 curn
924 3471 1071 3557 expedire
1094 3492 1127 3536 se
1152 3475 1306 3557 nequiret,
1332 3462 1463 3535 fratrem
1486 3479 1582 3557 capnt
1605 3474 1666 3538 sibi
1689 3496 1774 3560 prae

587 3578 692 3645 cidere
715 3579 819 3654 iussit,
841 3598 880 3643 ne
903 3580 970 3664 ipse
993 3584 1215 3664 agnosceretur
1234 3577 1393 3662 illumque
1411 3576 1508 3643 simul
1529 3578 1681 3663 perderet.
1706 3580 1773 3660 Quo

588 3687 675 3749 tristi
709 3682 811 3749 officio
845 3684 974 3749 functus
1009 3684 1106 3749 frater
1138 3685 1266 3771 aufugit
1301 3689 1397 3768 caput
1430 3692 1633 3770 amputatum
1664 3707 1773 3752 secum

587 3797 728 3877 portans.
763 3787 875 3856 Cetera
907 3790 1004 3854 huius
1035 3790 1187 3855 historiae
1218 3791 1256 3855 ab
1288 3788 1448 3855 Herodoto
1481 3789 1534 3870 (II,
1563 3791 1640 3869 121)
1669 3791 1773 3878 lepide

588 3900 736 3962 namtas
767 3917 841 3961 cum
863 3895 1032 3961 minusad
1056 3917 1124 3961 rem
1148 3917 1255 3961 meam
1278 3896 1395 3961 faciant
1416 3899 1523 3972 mitto,
1548 3899 1656 3982 paucis
1680 3900 1773 3965 modo

588 4003 696 4069 verbis
731 4001 770 4067 de
805 4003 993 4066 narrationis
1023 4000 1084 4067 fine
1114 4002 1243 4067 adiectis
1250 4023 1258 4079 ;
1291 4022 1404 4087 nempe
1426 4023 1536 4089 regem
1559 4002 1657 4068 filiam
1680 4025 1771 4069 suam

585 4128 721 4174 uxorem
744 4106 866 4172 dedisse
889 4107 963 4185 furi,
988 4109 1139 4192 quicum
1164 4109 1320 4194 Aegyptii
1343 4113 1462 4172 ceteros
1481 4107 1633 4173 mortales
1653 4112 1773 4174 astutia

585 4219 790 4300 superarent,
815 4214 1051 4299 Aegyptiorum
1075 4215 1219 4278 omnium
1242 4213 1432 4279 vaferrimus
1454 4220 1534 4278 esset
1557 4220 1710 4299 repertus.

631 4318 756 4386 Similis
785 4322 922 4385 narratio
951 4322 1114 4385 invenitur
1143 4320 1228 4406 apud
1259 4320 1449 4385 Pausaniam
1479 4320 1549 4398 (IX,
1571 4318 1658 4397 37,4
1678 4328 1770 4405 sqq.),

586 4429 644 4513 qui
675 4425 861 4513 Callippum
892 4425 1141 4493 Orchomenium
1163 4433 1326 4493 auctorem
1348 4427 1494 4492 adhibuit
1516 4426 1688 4491 secundum
1713 4427 1772 4491 Ro

584 4536 743 4601 bertsium
763 4529 989 4611 (commentat.
1010 4533 1161 4598 Momms.
1181 4533 1268 4614 145).
1290 4533 1443 4619 Legimus
1454 4534 1541 4596 enim
1553 4530 1770 4616 Trophonium

581 4648 616 4707 et
648 4638 866 4726 Agamedem,
891 4640 980 4723 filios
1010 4641 1120 4721 Idrqini
1150 4642 1228 4721 repis
1257 4639 1557 4715 Orchomeniorum,
1582 4639 1771 4703 architectos

580 4745 806 4814 celeberrimos
837 4748 907 4832 regi
938 4747 1043 4812 vicino
1071 4746 1194 4833 Hyrieo
1218 4746 1404 4810 thesaurum
1428 4743 1615 4825 aedificasse,
1640 4750 1673 4808 et
1695 4764 1770 4807 eum

580 4853 794 4922 eodemmodo
825 4873 894 4918 esse
928 4851 1146 4939 depeculatos;
1180 4851 1308 4917 tandem
1331 4850 1528 4936 Agamedem
1552 4847 1696 4933 decipula
1718 4846 1770 4912 vel
