5125 6150
983 825 1025 869 nn
1049 823 1277 871 snrsrornnnrs
1299 825 1436 872 unorum.
1729 810 1795 875 215

615 1008 696 1051 anno
728 989 852 1052 habitos
883 1010 948 1053 esse
978 987 1070 1054 ludos
1100 988 1320 1076 Olympiades,
1345 991 1378 1054 id
1402 998 1508 1056 nostro
1531 991 1599 1057 loeo
1623 994 1797 1059 adscribere

617 1113 652 1157 ea
687 1102 770 1158 certe
802 1100 921 1171 aetate,
958 1117 1019 1179 qna
1051 1101 1118 1160 tam
1150 1097 1246 1161 bonos
1277 1103 1478 1162 tetrametros
1508 1098 1626 1184 fingere
1656 1102 1797 1166 sciebant

614 1200 775 1276 homines,
799 1203 854 1265 vir
878 1204 1027 1286 cuiquam
1051 1205 1084 1266 iu
1108 1208 1249 1267 mentem
1273 1206 1380 1268 venire
1402 1207 1519 1288 potuit.

662 1414 709 1480 De
720 1415 789 1481 loeo
801 1419 855 1502 qui
869 1421 1012 1503 sequitur
1023 1420 1130 1483 miuus
1143 1417 1311 1505 magnifiee
1323 1421 1433 1484 sentio.
1447 1419 1562 1484 Versus
1574 1419 1643 1486 dieo
1657 1418 1721 1486 710
1730 1443 1795 1507 sqq.

661 1524 726 1588 Deo
750 1531 933 1605 aegrotantes
956 1524 1065 1589 virenti
1088 1562 1130 1575 -
1153 1528 1198 1590 sio
1222 1525 1315 1591 herae
1338 1524 1435 1591 refert
1458 1523 1550 1592 (lario
1572 1563 1614 1576 -
1633 1527 1767 1591 ιιιὶιιὶιοοι

1247 1632 1352 1697 λίθινον
1377 1632 1498 1697 θυείδιον

886 1736 1036 1816 παρέθηκε
1060 1737 1112 1803 nal
1138 1736 1257 1802 δοίδυκα
1281 1737 1332 1802 καὶ
1358 1736 1508 1814 κιβώτιον.

617 1843 739 1922 Quibus
763 1843 897 1921 auditis,
923 1844 1090 1924 „altram”
1115 1850 1207 1930 rogat
1229 1844 1296 1910 illa.
1321 1844 1402 1910 Dein
1428 1842 1538 1910 Cario:

618 2057 745 2135 „Nimis
774 2055 954 2120 insulsum'’
981 2094 1021 2105 -
1047 2060 1092 2122 ais
1117 2095 1158 2106 —
1184 2055 1351 2135 „ioonml”
1383 2057 1426 2122 Et
1455 2078 1515 2143 ego
1545 2060 1605 2123 aio.
1637 2057 1699 2123 Sed
1722 2079 1797 2124 eave

617 2184 655 2226 ne
686 2165 795 2227 oritioa
826 2162 933 2247 aliqua
964 2164 1102 2229 editione
1132 2166 1274 2249 inspecta
1303 2165 1387 2228 hune
1410 2185 1556 2240 versum,
1581 2185 1676 2248 quem
1699 2164 1797 2230 codex

616 2269 782 2333 Ravennas
812 2291 875 2333 uon
905 2270 1016 2346 habet,
1049 2269 1220 2334 delendum
1252 2291 1387 2335 censeas.
1423 2268 1507 2335 Nam
1530 2291 1655 2335 merum
1678 2273 1796 2336 vitium

614 2375 648 2438 id
679 2381 727 2438 est
757 2373 897 2452 librarii,
929 2379 984 2461 qni
1014 2376 1230 2441 Ravennatem
1261 2378 1446 2461 perscripsit
1453 2397 1462 2454 ;
1494 2398 1594 2453 nuno,
1628 2384 1665 2441 ut
1688 2397 1797 2462 saepe,

617 2483 685 2544 eius
716 2479 824 2545 oculos
854 2480 967 2546 fefellit
996 2484 1030 2545 τὸ
1063 2482 1296 2559 δμοιοτέοιενοον.
1331 2482 1452 2547 Iurene
1483 2482 1691 2567 Aristophane
1713 2484 1799 2548 hune

616 2608 745 2653 versum
775 2586 866 2672 plane
894 2589 1065 2675 indignum
1097 2610 1164 2654 esse
1194 2589 1327 2653 minime
1350 2609 1448 2674 uego;
1475 2624 1517 2637 -
1541 2609 1735 2673 quamquam
1759 2609 1799 2654 ne

616 2700 693 2758 tuno
716 2693 860 2778 quidem,
884 2713 957 2757 oum
981 2693 1089 2772 ἴσχυεν
1112 2695 1204 2766 αὐτὸς
1229 2695 1355 2773 ἑαυτοῦ,
1380 2695 1418 2759 ab
1441 2691 1569 2759 insulsis
1592 2693 1715 2758 facetiis
1735 2715 1799 2759 om-

617 2803 692 2865 niuo
724 2799 879 2864 abstinuit
886 2821 894 2878 ;
922 2837 963 2847 -
992 2800 1046 2864 sed
1077 2801 1330 2865 Aebaruensium
1362 2799 1414 2865 vel
1446 2801 1566 2864 Arium
1597 2805 1723 2865 anetore
1754 2802 1799 2865 in-

618 2908 753 2993 diguum
773 2906 856 2971 huno
874 2927 1002 2971 versum
1026 2905 1238 2971 iudicantibus
1262 2905 1455 2991 adstipulor:
1479 2908 1512 2969 iu
1537 2926 1612 2970 sene
1635 2926 1708 2970 oum
1728 2904 1800 2971 aliis

617 3015 695 3080 bene
719 3013 833 3079 multis
856 3034 935 3099 quae
958 3013 1100 3079 eiusdem
1124 3018 1199 3078 snut
1221 3013 1339 3078 farinae
1361 3011 1525 3078 serendum
1549 3012 1693 3078 arbitror.
1810 2998 1815 3005 ’

663 3228 798 3293 Versum
822 3226 978 3312 quendam
1002 3231 1035 3291 et
1058 3231 1150 3312 poeta
1171 3226 1343 3312 iudignum
1367 3246 1435 3291 esse
1459 3232 1491 3291 et
1509 3228 1687 3313 genuinum
1706 3224 1800 3291 modo

617 3335 775 3401 contendi.
795 3334 887 3398 Nune
905 3335 1029 3419 gratius
1048 3331 1210 3417 aliquanto
1229 3335 1301 3397 ineo
1319 3331 1468 3397 officinm.
1489 3332 1572 3397 Nam
1583 3331 1801 3398 demonstrare

617 3463 708 3527 posse
742 3440 824 3504 mihi
859 3439 969 3505 videor
1002 3458 1131 3504 versum
1168 3438 1342 3523 quendam,
1378 3459 1473 3522 quem
1504 3438 1576 3503 inde
1607 3460 1626 3503 a
1656 3436 1800 3504 Bentleio

618 3569 728 3615 omnes
751 3550 784 3610 ni
809 3545 901 3610 fallor
919 3548 1020 3610 eritiei
1039 3548 1306 3632 proscripserunt,
1327 3565 1429 3628 ueqne
1448 3547 1594 3630 spurium
1614 3565 1681 3609 esse
1699 3566 1801 3631 neque

618 3656 732 3719 habere
762 3653 846 3737 quod
877 3655 946 3716 iure
976 3655 1076 3737 possit
1107 3654 1291 3737 vituperari.
1323 3650 1458 3716 Versum
1490 3651 1558 3715 dieo
1590 3653 1646 3737 qui
1676 3651 1738 3717 οὔτ’
1771 3654 1801 3716 ἐν

618 3762 703 3840 λόγῳ
735 3759 799 3823 οὔτ’
831 3760 860 3821 ἐν
891 3758 1004 3835 ἀριθμῷ
1038 3765 1086 3822 est
1114 3758 1224 3835 hodie,
1248 3778 1323 3821 nam
1348 3759 1380 3822 in
1405 3778 1476 3822 eam
1499 3756 1612 3822 iuoidit
1633 3757 1800 3822 infamiam

618 3875 655 3931 nt
686 3888 725 3931 ne
755 3872 941 3929 numeretur
970 3864 1099 3948 quidem
1128 3867 1161 3928 in
1194 3863 1387 3928 editionibus
1418 3862 1597 3941 hodiernis,
1622 3864 1742 3928 dudum
1767 3866 1799 3928 in

620 3974 706 4040 ealce
729 3975 863 4057 paginae
887 3970 1026 4036 exulans.
1051 3970 1112 4036 Sed
1137 3975 1224 4035 totns
1246 3969 1335 4035 loeus
1358 3977 1406 4036 est
1428 3970 1681 4035 considerandus.

664 4080 802 4145 Laetitia
825 4077 970 4143 exultans
994 4080 1118 4162 proruit
1139 4074 1242 4143 (lario.
1267 4075 1351 4141 Nam
1375 4084 1545 4163 postquam
1568 4075 1684 4141 Plutus
1707 4074 1802 4143 Obre-

617 4185 701 4270 myli
736 4183 827 4249 aedes
860 4185 1012 4259 intravit,
1050 4183 1164 4267 opibus
1199 4182 1361 4247 abundant
1396 4188 1481 4247 totae
1514 4189 1546 4247 et
1576 4184 1646 4246 auri
1676 4185 1801 4268 argenti

618 4294 720 4358 eboris
743 4289 908 4375 splendore
931 4286 1108 4376 refulgent,
1133 4288 1261 4374 perinde
1284 4295 1379 4375 atque
1399 4287 1540 4354 Menelai
1559 4286 1616 4353 illa
1636 4286 1801 4354 Aloiuoiue

619 4401 717 4487 regia.
742 4397 841 4465 Cuius
865 4398 969 4481 prima
992 4397 1070 4461 haee
1093 4402 1168 4461 suut
1191 4397 1305 4462 verba:

799 4506 839 4576 ὥς
864 4503 918 4578 ἡδὺ
942 4502 1100 4582 πράττειν,
1124 4499 1145 4567 ὦ
1170 4500 1293 4581 ἄνδρες,
1318 4500 1381 4567 ἔστ’
1406 4501 1606 4582 εὐδαιμόνως,

799 4612 851 4676 nal
877 4614 981 4675 τοῦτο
1005 4610 1098 4689 μηδὲν
1122 4610 1309 4688 ἐξενεγκόντ’
1332 4607 1453 4686 οἴκοθεν,

621 4721 695 4807 quid
717 4726 760 4783 eet
781 4718 903 4783 suaviae
926 4719 1104 4802 quambene
1127 4740 1187 4781 reno
1206 4740 1322 4799 perere,
1347 4717 1437 4801 idque
1460 4715 1544 4780 nullo
1566 4739 1618 4780 ouo
1637 4715 1801 4800 inapenda'o,

620 4829 676 4892 ἀπ’
708 4828 852 4905 ἀφορμῆς
883 4823 1037 4901 οὐδεμίαι.
1078 4821 1164 4904 Quae
1195 4846 1212 4892 e
1243 4825 1476 4890 mensariorum
1510 4820 1623 4910 lingua
1656 4822 1801 4891 desumta

622 4940 671 4999 est
692 4932 823 5000 locutio.
849 4970 890 4980 -
914 4930 1042 5019 Pergit:
