5125 6150
1105 862 1147 910 nn
1170 861 1276 912 11111.
1716 845 1780 911 245

581 1025 688 1087 sacris
712 1021 906 1107 reipublicae
929 1029 998 1089 erat
1021 1022 1270 1088 deliberandum.
1296 1023 1380 1102 Quid
1403 1029 1512 1088 autem
1536 1028 1724 1089 recentiores
1745 1024 1783 1089 de

583 1128 678 1192 Urbe
701 1127 803 1191 Roma
826 1126 1017 1212 scriptores?
1042 1127 1173 1192 Addunt
1196 1149 1288 1213 saepe
1312 1135 1418 1193 tamen
1439 1135 1547 1214 postea
1565 1132 1597 1192 in
1618 1132 1783 1214 antiquam

584 1232 728 1316 Regiam
752 1235 936 1297 convenisse
959 1232 1140 1297 Pontifices.
1165 1233 1358 1297 Dubitanter
1380 1234 1439 1297 hoc
1463 1234 1622 1299 Beckerus
1642 1233 1784 1299 concedit

585 1361 619 1422 p.
656 1336 732 1413 236,
765 1337 924 1402 affirmant
955 1340 1010 1422 qui
1043 1344 1114 1423 post
1145 1359 1220 1402 eum
1253 1337 1291 1402 de
1323 1339 1381 1402 bac
1412 1360 1446 1403 re
1470 1346 1622 1425 egerunt,
1647 1360 1783 1423 quorum

584 1442 719 1506 honoris
738 1462 832 1506 causa
851 1462 955 1506 unum
975 1445 1107 1519 nomino
1125 1445 1180 1527 qui
1194 1442 1332 1507 ultimus
1345 1443 1426 1507 hanc
1439 1447 1591 1508 tractavit
1603 1447 1782 1521 materiem,

586 1546 826 1610 Tbedenatium
857 1550 891 1611 in
922 1550 1196 1632 praestantissimo
1227 1546 1339 1613 libello
1372 1548 1424 1625 ,le
1448 1548 1568 1613 Forum
1592 1548 1728 1614 Romaiu
1753 1556 1785 1613 et

586 1651 637 1716 les
661 1651 795 1716 Forums
819 1652 1024 1738 Imperiaur”
1049 1659 1092 1737 (p.
1119 1651 1161 1717 99
1186 1655 1300 1737 prioris
1325 1653 1496 1732 editionis).

638 1758 724 1822 Mihi
755 1766 862 1823 tamen
894 1779 1008 1843 parum
1040 1757 1216 1823 verisimile
1246 1757 1330 1822 illud
1360 1757 1500 1823 ridetur.
1533 1757 1568 1823 Si
1591 1758 1689 1823 semel
1712 1779 1785 1844 pars

588 1863 708 1928 Palatii
745 1863 848 1949 Regia
883 1864 965 1928 facta
999 1869 1085 1940 erat,
1117 1863 1195 1947 quid
1226 1864 1288 1927 sibi
1319 1861 1471 1927 volebant
1503 1862 1562 1928 illa
1591 1862 1784 1927 Pontificum

588 1967 723 2034 consilia
752 1970 786 2031 in
817 1971 947 2053 antiquo
978 1966 1048 2033 loco
1081 1965 1212 2033 habital
1248 1968 1333 2047 Quid
1364 1970 1448 2052 quod
1477 1969 1550 2034 inde
1575 1970 1613 2033 ab
1637 1989 1717 2033 anno
1744 1968 1784 2032 13

588 2077 647 2138 vix
666 2075 713 2138 ibi
733 2074 841 2137 haberi
857 2080 1010 2154 poterent.
1033 2073 1117 2152 Quid
1139 2070 1246 2138 enimi
1267 2075 1436 2160 Augustus
1455 2074 1592 2160 Regiam
1605 2073 1785 2139 Vestalibus

588 2179 689 2244 dedit.
721 2181 885 2264 Anguste,
918 2183 956 2242 ut
987 2181 1109 2262 opinor,
1141 2177 1215 2242 illae
1246 2181 1330 2242 circa
1352 2184 1519 2242 vetustum
1545 2200 1640 2243 sunm
1665 2181 1785 2243 atrium

586 2284 794 2357 habitabant;
815 2304 891 2369 ergo
912 2304 1032 2346 novum
1052 2282 1160 2347 locum
1180 2289 1290 2347 nactae
1309 2304 1441 2368 propere
1461 2283 1539 2348 illuc
1560 2290 1786 2371 congesserunt

589 2408 721 2453 omnem
745 2386 977 2473 supellectilem
1001 2408 1064 2473 qua
1083 2390 1186 2452 rarius
1206 2389 1389 2464 utebantur,
1410 2389 1543 2454 fortasse
1564 2393 1661 2455 etiam
1681 2390 1786 2454 fabros

589 2493 787 2559 advocarunt
811 2495 866 2577 qui
889 2491 984 2557 illum
1008 2495 1070 2558 sibi
1094 2493 1344 2557 commodiorem
1368 2494 1544 2559 redderent.

637 2598 722 2678 Quid
746 2602 853 2663 autem
877 2598 1011 2662 adduxit
1035 2600 1120 2663 viros
1143 2598 1251 2663 doctos
1275 2604 1312 2662 11
1335 2621 1422 2680 coepe
1444 2600 1565 2664 sactum
1586 2599 1733 2666 docerent
1751 2599 1785 2663 id

590 2703 677 2790 quod
700 2706 768 2768 sine
791 2706 933 2768 maxima
956 2703 1104 2769 molestia
1128 2704 1196 2768 fieri
1218 2725 1280 2768 non
1303 2702 1427 2788 posset?
1451 2705 1542 2769 Unus
1565 2704 1665 2770 Plinii
1686 2708 1786 2770 mino

591 2813 637 2875 ris
671 2808 779 2887 locus,
815 2809 855 2874 ad
889 2831 986 2894 quem
1018 2816 1191 2894 provocant
1223 2830 1343 2874 omnes.
1376 2809 1407 2874 Is
1439 2815 1547 2875 autem
1578 2811 1637 2896 Ep.
1662 2810 1715 2888 IV,
1742 2810 1781 2874 11

590 2915 770 2980 Domitiani
794 2915 953 2979 nefarium
978 2915 1036 2980 hoe
1060 2915 1184 2979 facinus
1207 2923 1333 2979 narrat:

635 3018 722 3087 (lum
753 3016 951 3098 Corneliam,
982 3019 1162 3085 Vestalium
1192 3023 1387 3099 maximam,
1413 3020 1556 3087 defodere
1582 3023 1786 3087 111111111-

589 3128 748 3211 cupisset,
781 3131 818 3189 ut
844 3128 899 3211 qui
923 3124 1079 3190 illustrari
1104 3125 1267 3190 saeculum
1292 3125 1450 3190 eiusmodi
1473 3125 1629 3212 exemplis
1653 3128 1784 3191 arbitra-

587 3238 688 3309 retur,
721 3230 880 3316 pontificis
909 3233 1044 3295 maximi
1072 3233 1159 3307 iure,
1191 3252 1247 3296 seu
1276 3233 1382 3317 potius
1406 3233 1608 3296 immanitate
1633 3235 1781 3317 tyranni,

587 3338 721 3404 licentia
751 3337 890 3412 domini,
922 3335 1061 3421 reliquos
1093 3336 1258 3422 pontifices
1289 3339 1406 3401 nonin
1430 3337 1567 3423 Regiam
1592 3337 1646 3401 sed
1670 3340 1704 3400 in
1730 3335 1784 3400 Al·

588 3446 706 3510 banam
728 3442 844 3508 villam
869 3445 1068 3508 convocavit.

635 3548 672 3613 Si
706 3550 750 3611 sic
782 3546 907 3611 Plinius
939 3552 1112 3612 narrasset:
1143 3532 1231 3624 „non
1262 3550 1297 3610 in
1326 3547 1462 3632 Regiam
1486 3546 1540 3612 sed
1564 3550 1596 3610 in
1621 3546 1785 3611 Palatium

589 3651 813 3734 convocavit”,
838 3654 908 3717 iure
932 3674 967 3717 en
993 3650 1143 3718 hocloco
1167 3652 1362 3717 efficeremus
1385 3658 1486 3716 certas
1511 3652 1664 3737 quasdam
1688 3652 1786 3715 fuisse

588 3782 658 3835 res,
692 3757 731 3823 de
755 3760 871 3842 quibus
894 3761 993 3823 etiam
1017 3764 1088 3844 post
1110 3779 1138 3822 a.
1165 3757 1207 3821 13
1230 3760 1263 3821 in
1289 3761 1420 3842 antiqua
1443 3758 1545 3843 Regia
1567 3763 1650 3823 esset
1673 3756 1787 3822 delibe-

587 3863 745 3941 randum,
778 3868 810 3928 et
842 3863 1015 3949 Virginnm
1047 3862 1225 3928 Vestalium
1261 3865 1367 3927 vicem
1403 3861 1597 3940 doleremus,
1634 3882 1713 3947 quae
1747 3863 1786 3926 ab

588 3971 742 4054 Augusto
766 3974 832 4031 tam
856 3970 1032 4052 precariam
1057 3970 1251 4051 accepissent
1273 3969 1514 4052 possessionem.
1540 3969 1583 4032 At
1601 3988 1684 4031 nuno
1704 3969 1788 4030 inter

589 4096 623 4139 se
644 4075 796 4158 opponit:
819 4071 974 4137 Albanam
994 4070 1109 4137 villam
1130 4077 1161 4136 et
1182 4071 1319 4157 Regiam
1339 4074 1360 4136 i.
1375 4094 1401 4137 e.
1424 4092 1493 4136 eam
1513 4072 1631 4137 Palatii
1651 4078 1786 4156 partem,

589 4200 655 4265 qua
677 4177 753 4243 inde
776 4177 815 4242 ab
839 4198 919 4242 anno
946 4176 987 4240 13
1010 4176 1176 4261 pontifices
1199 4198 1256 4261 pro
1281 4176 1384 4261 Regia
1407 4178 1589 4240 utebantur.
1613 4175 1648 4240 Si
1672 4179 1705 4239 in
1730 4176 1788 4239 Pa-

587 4285 710 4349 latium
734 4283 897 4370 pontifices
921 4289 1124 4348 convocasset
1147 4280 1370 4358 Domitianus,
1395 4280 1479 4345 nihil
1501 4282 1584 4365 qnod
1604 4286 1788 4366 quereretur

587 4390 718 4454 Plinius
754 4389 918 4454 habuisset
924 4410 932 4466 ;
969 4393 1003 4453 at
1037 4409 1120 4452 nunc
1156 4408 1290 4453 saevum
1323 4394 1498 4472 tyrannum
1530 4408 1567 4452 eo
1598 4386 1789 4472 perstringit

587 4496 721 4560 nomine
745 4493 829 4578 quod
852 4515 926 4559 cum
949 4495 1063 4558 ceteris
1086 4492 1290 4577 pontificibus
1315 4492 1352 4556 de
1376 4492 1536 4557 dirissimo
1557 4491 1789 4556 deliberaturus

587 4598 768 4685 supplicio,
805 4606 872 4663 tam
903 4620 1037 4685 gravem
1069 4619 1135 4662 rem
1170 4605 1237 4662 tam
1269 4617 1384 4682 parum
1408 4598 1494 4662 cordi
1518 4597 1666 4662 habuerit
1689 4602 1727 4659 nt
1748 4616 1787 4660 ne

585 4711 721 4792 propter
743 4704 834 4769 illam
858 4704 989 4789 quidem
1015 4701 1113 4768 villae
1137 4723 1213 4767 suae
1232 4705 1460 4768 amoenitatem
1480 4702 1660 4787 relinquere
1677 4697 1786 4766 vellet.

586 4811 632 4876 Rt
656 4810 784 4890 Regiam
808 4812 936 4895 scripsit
958 4830 1017 4895 pro
1041 4808 1173 4886 Palatio,
1201 4827 1263 4892 quo
1287 4810 1393 4894 magis
1418 4815 1583 4892 appareret
1607 4813 1748 4871 sanctam
1769 4826 1788 4870 a

586 4915 777 5014 Domitiano
800 4913 956 4981 violatam
979 4918 1189 4978 vetustatem.

1612 5031 1641 5083 17
