5125 6150
1123 801 1266 849 racrrus.
1718 785 1782 851 207

601 969 737 1052 Pisoque
763 973 837 1031 sunt
861 967 968 1044 occisi)
991 964 1119 1049 operam
1142 963 1292 1028 Vitellius
1315 970 1425 1048 postea
1447 969 1586 1042 invenit;
1612 989 1783 1053 omnesque

600 1077 743 1160 conquiri
767 1081 798 1137 et
820 1070 955 1135 interfici
978 1072 1090 1146 iussit,
1114 1092 1175 1135 non
1199 1070 1312 1135 honori
1335 1067 1470 1148 Galbae,
1491 1072 1544 1136 sed
1565 1072 1681 1139 tradito
1701 1077 1785 1159 prin·

599 1182 722 1267 cipibus
742 1179 846 1254 more,
866 1179 1105 1242 munimentum
1124 1179 1156 1240 in
1177 1198 1339 1261 praesens,
1359 1180 1392 1241 in
1412 1182 1575 1262 posterum
1596 1178 1783 1245 ultionem''.

646 1287 707 1352 Pro
737 1286 943 1349 munimentum
965 1286 1007 1346 ad
1023 1306 1184 1365 praesens,
1208 1284 1241 1346 ia
1259 1292 1411 1366 posteram
1434 1284 1574 1348 altionem
1597 1288 1784 1371 ingeniosis·

601 1398 680 1459 sime
712 1393 860 1457 Muretus
890 1392 1071 1476 proposuit:
1105 1390 1312 1455 munimentum
1343 1391 1376 1453 ia
1399 1398 1551 1473 posterum
1582 1394 1783 1475 adprosam

600 1502 751 1564 altionem.
783 1499 826 1563 Et
857 1505 963 1561 tamen
993 1518 1052 1582 ego
1079 1494 1170 1561 illam
1192 1499 1406 1562 coniecturam
1430 1498 1631 1563 reiiciondam
1656 1520 1783 1578 censeo,

600 1630 663 1672 uon
695 1605 779 1691 quod
809 1625 922 1691 parum
953 1608 1066 1687 aptum
1096 1603 1171 1667 huic
1197 1601 1266 1668 loco
1291 1624 1419 1668 sensum
1442 1604 1607 1689 praebeat,
1632 1605 1686 1671 sed
1709 1609 1783 1692 quia

599 1712 735 1798 vulgata
758 1731 881 1796 quoque
904 1707 998 1773 lectio
1022 1711 1151 1794 egregie
1175 1707 1344 1773 consilium
1364 1708 1523 1794 quoddam
1542 1708 1653 1775 Vitelli
1672 1711 1782 1791 refert,

596 1820 693 1903 idque
717 1820 850 1881 minime
874 1815 1064 1881 absurdum:
1087 1816 1121 1878 in
1146 1818 1322 1899 praesentia
1344 1814 1494 1880 Vitellius
1516 1817 1578 1880 eibi
1605 1821 1784 1883 munimen-

598 1932 671 1990 tum
702 1930 733 1989 et
763 1928 967 1988 securitatem
997 1922 1144 2006 parabat,
1172 1921 1317 1986 homines
1339 1924 1441 1986 cuivis
1463 1925 1648 2007 imperatori
1670 1924 1784 1990 infidos

600 2033 638 2096 de
668 2030 772 2095 medio
804 2028 938 2105 tollens,
969 2033 1002 2093 et
1030 2030 1064 2091 in
1096 2033 1257 2113 posterum
1289 2048 1413 2111 sperare
1437 2030 1482 2093 sic
1505 2035 1645 2113 poterat,
1665 2033 1693 2095 si
1715 2034 1784 2116 ipse

598 2159 724 2223 quoque
749 2135 854 2220 aliqua
878 2134 1054 2220 proditione
1078 2133 1259 2210 cecidisset,
1288 2140 1423 2198 mortem
1446 2155 1537 2199 suam
1561 2134 1697 2201 inultam
1721 2159 1785 2202 non

598 2245 681 2309 fore:
718 2243 819 2307 videri
853 2244 939 2306 enim
973 2246 1097 2325 poterat
1127 2263 1189 2306 non
1221 2241 1281 2305 sibi
1313 2239 1417 2305 solum
1449 2245 1646 2326 prospexisse
1675 2243 1729 2309 sed
1753 2249 1785 2309 et

600 2369 817 2415 successorum
841 2348 1005 2411 securitati
1029 2352 1061 2410 et
1084 2349 1212 2410 omnino
1234 2348 1458 2431 imperatoriae
1481 2351 1641 2431 potestati.

646 2456 688 2521 H.
708 2456 749 2534 Il,
770 2455 823 2520 20.
851 2454 1011 2530 „Urmem
1031 2455 1099 2518 eius
1118 2450 1297 2534 (Caecinae)
1317 2451 1517 2530 Saloninam,
1537 2475 1731 2540 quamquam
1751 2458 1786 2521 in

601 2562 722 2629 nullius
756 2564 906 2626 iniuriam
940 2562 1075 2645 insignis
1110 2581 1189 2645 equo
1224 2565 1371 2644 ostroque
1402 2559 1581 2639 veheretur,
1619 2568 1784 2648 tamqnam

600 2667 678 2734 laesi
701 2665 951 2753 gravabantur''.

646 2774 707 2838 Pro
730 2774 858 2854 insignia
881 2770 1078 2836 Puteolanus
1095 2771 1225 2852 insigni,
1251 2792 1330 2857 quae
1350 2775 1531 2838 coniectura
1549 2777 1676 2839 tantum
1696 2775 1785 2841 abest

598 2887 636 2945 nt
661 2882 703 2944 sit
726 2881 899 2944 necessaria
922 2884 959 2942 ut
982 2880 1171 2942 sententiam
1194 2879 1376 2956 conturbet;
1400 2900 1474 2943 nam
1494 2879 1698 2966 insigniaque
1718 2882 1784 2946 1111

598 2986 715 3071 aliquis
740 2987 974 3076 rectedicitur,
998 2985 1113 3065 iruiqni
1136 2992 1213 3048 ostro
1237 2986 1303 3048 ochi
1326 2984 1560 3051 subridiculum
1583 2998 1640 3052 est.

644 3094 686 3158 H.
708 3094 764 3170 III,
786 3093 838 3158 64.
865 3096 930 3170 „At
948 3096 1103 3179 primores
1123 3095 1266 3157 civitatis
1286 3092 1437 3158 Flavium
1458 3093 1629 3174 Sabinum,
1650 3097 1786 3181 praelec-

597 3206 671 3265 tum
705 3202 810 3277 urbis,
846 3202 974 3265 secretis
1005 3199 1204 3264 sermonibus
1232 3200 1408 3264 incitabant
1436 3203 1588 3266 victoriae
1618 3200 1784 3289 famaeque

598 3314 723 3394 partem
743 3312 918 3392 capesseret
938 3354 1057 3372 ......
1077 3305 1112 3369 ld
1133 3304 1248 3371 Sabino
1268 3308 1435 3372 convenire
1454 3315 1492 3371 ut
1509 3309 1683 3394 imperium
1694 3310 1785 3374 fratri

599 3421 791 3491 reservaret;
823 3414 856 3477 id
878 3412 1087 3498 Vespasiano,
1108 3419 1145 3475 ut
1168 3414 1264 3477 ceteri
1287 3418 1359 3498 post
1382 3411 1536 3479 Sabinum
1560 3415 1783 3480 haberentur’'.

648 3522 710 3586 Pro
742 3527 905 3584 reservaret
935 3520 1067 3584 lacobus
1098 3521 1264 3604 proposuit
1287 3526 1450 3598 reseraret,
1475 3540 1554 3606 quae
1577 3520 1664 3585 haud
1688 3520 1783 3587 dubie

600 3630 856 3715 ingeniosissima
875 3632 923 3691 est
945 3629 1143 3704 coniectura,
1167 3625 1220 3690 sed
1244 3631 1282 3689 ut
1304 3626 1379 3691 huic
1402 3625 1471 3692 loco
1494 3633 1568 3711 apta
1591 3648 1783 3714 magnopere

601 3756 722 3801 vereor.
753 3734 822 3798 Non
855 3736 973 3798 etenim
1004 3732 1140 3797 Sabinus
1164 3732 1353 3797 admonetur
1375 3737 1413 3796 ut
1435 3731 1575 3818 aliquam
1599 3754 1668 3799 rem
1691 3735 1785 3800 faciat

600 3862 680 3925 quae
712 3838 902 3924 Vespasiano
934 3842 977 3903 sit
1006 3838 1190 3924 profutura,
1216 3838 1270 3903 sed
1294 3840 1401 3922 potius
1424 3845 1462 3902 ut
1484 3836 1591 3923 aliquo
1614 3839 1709 3905 modo
1734 3841 1785 3905 de·

600 3947 698 4011 claret
728 3946 804 4031 quid
834 3948 902 4031 ipse
932 3948 1048 4010 sentiat
1079 3944 1117 4008 de
1146 3943 1324 4028 republica:
1357 3942 1461 4029 palam
1494 3965 1568 4010 eum
1599 3944 1785 4030 Vespasiani

598 4059 705 4138 partes
735 4051 887 4137 amplecti
915 4053 1048 4136 cupiunt
1078 4052 1232 4135 primores
1262 4049 1329 4128 illi;
1363 4050 1447 4136 quod
1478 4052 1505 4115 si
1534 4051 1660 4128 fecerit,
1693 4051 1786 4116 fratri

599 4159 775 4223 reservabit
795 4160 969 4243 imperium
988 4160 1009 4222 i.
1023 4179 1050 4222 e.
1071 4159 1198 4242 imperii
1218 4156 1342 4234 sedem,
1363 4157 1475 4222 urbem
1495 4153 1762 4242 Capitoliumque.

648 4264 690 4327 H.
716 4263 767 4340 lV,
793 4264 835 4328 46
859 4263 1027 4343 (Militiam
1048 4269 1198 4349 repetunt
1217 4284 1236 4327 a
1255 4263 1406 4328 Muciano
1425 4285 1487 4328 nou
1505 4260 1612 4327 solum
1630 4266 1686 4348 qui
1705 4262 1806 4336 olim¹
1849 4304 1854 4312 -

600 4392 657 4456 pro
680 4367 870 4456 Vespasiano
889 4379 1129 4456 pugnaverant,
1153 4390 1237 4433 nune
1257 4369 1379 4434 dimissi
1399 4374 1505 4445 erant,
1530 4369 1700 4435 sedetiam
1723 4371 1787 4455 ipsi

602 4474 781 4551 Vitelliani;
803 4482 835 4540 et
855 4496 976 4540 morem
995 4477 1124 4560 quidem
1139 4495 1249 4562 gerere
1267 4477 1415 4540 omnibus
1427 4474 1597 4561 Mucianus
1609 4476 1783 4560 cupiebatt:

649 4582 702 4646 sed
725 4585 883 4646 immensa
905 4585 1038 4666 pecunia
1061 4588 1150 4646 tanta
1176 4584 1224 4646 vis
1246 4582 1416 4646 hominum
1439 4580 1604 4646 retinenda
1626 4585 1704 4646 erat.

647 4688 761 4752 Multis
793 4688 896 4752 modis
927 4689 1004 4753 hacc
1035 4687 1251 4752 sollicitarunt
1277 4689 1397 4752 critici:
1421 4687 1473 4749 hic
1496 4695 1568 4771 post
1584 4686 1717 4769 pecunia
1738 4688 1785 4751 in·

599 4799 676 4861 serit
700 4797 836 4871 terrebat,
866 4794 921 4858 ille
945 4798 1105 4878 praeterea
1126 4793 1155 4855 ei
1178 4793 1267 4858 addit
1291 4794 1437 4877 (pecnnia
1459 4791 1597 4857 terrebat
1621 4796 1648 4857 si
1671 4798 1784 4871 tanta),

599 4902 720 4966 accedit
751 4904 866 4965 tertius
897 4902 952 4984 qui
983 4920 1039 4983 pro
1068 4900 1096 4960 si
1127 4898 1234 4983 legere
1267 4897 1358 4962 malit
1389 4921 1457 4983 qao.
1489 4899 1624 4976 Omnes,
1656 4899 1784 4985 siquid
