5125 6150
696 823 762 889 314
1198 844 1387 891 sacrasacra.

691 1003 849 1086 ςίζοσα.
873 1003 973 1072 Cobet
994 1005 1114 1084 ,,ιιοπίδι
1133 1004 1308 1087 ἀποροιζοῦν
1327 1006 1452 1073 facilius
1471 1009 1613 1075 rhetores
1631 1012 1779 1077 scribunt
1792 1035 1889 1098 quam

692 1114 762 1177 sani
790 1110 1018 1198 intellegunt'.
1050 1111 1234 1177 Verissime.
1264 1113 1336 1178 Nisi
1367 1114 1447 1179 forta
1470 1114 1565 1201 culpa
1588 1122 1636 1181 est
1659 1117 1889 1197 librariorum,

694 1215 870 1302 Alciphron
893 1222 1002 1282 autem
1026 1223 1110 1283 recte
1134 1225 1167 1283 et
1189 1218 1297 1284 ordine
1321 1221 1489 1304 scripserat
1512 1221 1591 1285 οίπί
1599 1223 1613 1287 ί
1621 1245 1727 1302 οισα.

674 1491 677 1494 ·
737 1464 785 1530 111
805 1465 848 1530 34
868 1464 949 1545 (70),
964 1465 994 1530 4.
1019 1463 1097 1531 ὥστε
1118 1468 1152 1530 αι’
1173 1467 1230 1545 μὲν
1249 1467 1341 1534 οίκίαι
1362 1470 1420 1534 τῶν
1440 1471 1592 1536 πλουσίαν
1612 1473 1718 1538 πᾶσαί
1735 1496 1791 1550 μοι
1803 1473 1889 1552 <τδ>

689 1573 793 1637 λοιπδν
818 1571 1045 1638 απεκίιιλειντο.
1070 1572 1255 1638 Articulum
1275 1574 1314 1639 de
1333 1595 1390 1640 suo
1410 1576 1533 1642 addidit
1552 1577 1724 1664 Schepers‚
1746 1600 1812 1664 quo
1832 1583 1888 1645 vix

690 1699 771 1762 opus
802 1679 884 1742 mihi
915 1678 1053 1756 videtur,
1082 1682 1158 1764 quia
1180 1679 1286 1744 λοιπίν
1305 1705 1345 1730 --
1364 1680 1436 1759 ἤδη,
1460 1683 1529 1760 iam,
1556 1687 1734 1748 sententiae
1757 1684 1888 1748 sufficit.

690 1782 779 1847 Idem
809 1782 897 1848 valet
925 1783 964 1847 de
994 1783 1064 1849 loco
1096 1782 1139 1848 lv
1169 1783 1211 1848 10
1242 1785 1271 1864 (Ι
1297 1785 1363 1866 38),
1378 1786 1408 1864 5,
1441 1808 1537 1872 quem
1568 1788 1723 1853 similiter
1746 1789 1888 1853 retinxit.

689 1888 786 1953 Recte
810 1909 885 1954 vero
908 1887 1082 1953 articulum
1107 1888 1227 1954 delevit
1249 1889 1298 1954 III
1319 1889 1359 1955 13
1380 1890 1496 1972 (49),2
1516 1892 1619 1967 ἐπειδὴ
1640 1892 1672 1958 δὲ
1695 1895 1760 1977 [τὸ]
1783 1895 1889 1960 λοιπὸν

687 1996 748 2072 ἐγώ
772 2018 816 2060 σοι
840 1994 1044 2071 μεσαιπίλιος
1071 1997 1147 2074 (nisi
1172 1996 1251 2060 torte
1274 1994 1406 2074 melius,
1432 2002 1469 2061 ut
1492 2001 1560 2083 ipse
1580 1999 1832 2078 animadvertit,
1853 2000 1889 2064 τί

688 2101 804 2177 λοιπὸν,
836 2093 876 2165 ut
902 2099 1063 2187 glossema
1085 2099 1126 2166 ad
1149 2100 1184 2164 πδ
1207 2100 1397 2181 λειπόμενον,
1422 2124 1552 2188 prorsus
1575 2103 1772 2184 delebimus)
1797 2112 1832 2171 et
1855 2109 1888 2171 in

689 2206 805 2292 fragm.
830 2204 856 2269 V
879 2204 994 2287 (v1)‚6
1018 2207 1081 2290 [τί]
1104 2204 1209 2271 λοιπὸν
1233 2206 1389 2287 εὐτρεπεῖς
1415 2208 1465 2273 ίπί
1490 2212 1545 2284 τὴν
1570 2210 1707 2291 εὐωχίαν
1732 2205 1823 2288 ἦμεν.

735 2457 781 2523 ΠΙ
806 2456 849 2523 36
873 2455 990 2538 (72),4
1013 2459 1066 2523 οὐκ
1089 2454 1166 2536 ἔφθη
1191 2457 1254 2537 γὰρ
1277 2457 1319 2521 τοδ
1344 2460 1416 2521 κατ’
1440 2457 1494 2533 ίμὲ
1517 2458 1532 2522 ί
1551 2458 1642 2531 δεινὸς
1662 2460 1777 2535 ἐκεῖνος
1799 2487 1892 2544 προσ·

689 2563 791 2641 βύτνς
814 2572 852 2645 τῇ
876 2563 976 2644 βουλῇ
996 2564 1199 2642 κοινούμενος,
1225 2563 1292 2627 καί
1318 2561 1440 2642 ἠπιοίλςι
1459 2564 1622 2645 σνσχείείς
1642 2567 1685 2636 είς
1706 2568 1764 2642 τὴν
1784 2569 1891 2646 τςίτιιν

690 2669 844 2749 οίπίψοξε.
877 2670 1092 2755 Expectabam
1123 2670 1213 2733 αλλ’
1244 2670 1366 2748 ἥπιιίλςι
1395 2670 1458 2734 ιιτὲ.
1490 2669 1649 2736 Secuntur
1672 2672 1771 2737 haec:
1797 2675 1890 2740 καίί

688 2776 744 2853 μὶν
770 2775 901 2848 ἐκταδνν
924 2783 1045 2853 κεῖται,
1071 2777 1161 2852 (τίς)
1186 2775 1258 2855 ποίς
1281 2776 1336 2847 τίον
1362 2775 1495 2854 ἐκφορὰν
1514 2782 1572 2840 τῶν
1591 2775 1662 2842 οίιιοι
1685 2802 1892 2857 παρασκευα-

690 2880 828 2960 ζομίνιον,
861 2881 921 2958 ἐγὼ
951 2880 980 2945 δὲ
1005 2877 1024 2962 ᾗ
1046 2880 1142 2945 ποδῶν
1166 2876 1250 2959 εἶχον
1275 2878 1402 2960 ᾧχίμιιν
1426 2881 1478 2943 καί
1502 2879 1637 2961 σώζομαι
1661 2882 1723 2965 οὐχ
1749 2885 1811 2949 ὑπὸ
1835 2890 1889 2951 τοῦ

688 2993 745 3060 τῆς
765 2987 968 3058 Ἀτλαντίδος
988 2987 1128 3069 [Μαίας]
1148 2983 1255 3057 παιδδς
1280 2989 1332 3064 dv
1340 2987 1586 3065 χαγονιιίεί
1594 3011 1608 3059 ς
1616 3036 1624 3065 ,
1649 2988 1725 3053 ἀλλ’
1747 2991 1809 3056 ὑπὸ
1830 2998 1890 3056 τῶν

690 3093 786 3159 ποδῶν
806 3093 873 3158 καί
894 3097 962 3158 τοῦ
983 3095 1252 3170 τολμήματος
1274 3095 1329 3165 τίον
1348 3092 1519 3171 ίλενίεςίας
1539 3093 1710 3173 πορίσας
1732 3097 1890 3177 ἀτραπόν.

688 3199 725 3265 ln
749 3201 877 3279 πορίσας
901 3221 963 3264 non
987 3206 1106 3264 temere
1129 3200 1232 3264 haesit
1255 3199 1367 3275 editor,
1391 3198 1445 3263 sed
1469 3220 1508 3264 ne
1527 3199 1731 3277 πορισάμενος
1753 3204 1889 3287 quidem

687 3304 780 3370 valde
803 3305 886 3369 mihi
909 3304 1057 3390 placeret.
1083 3302 1233 3390 Cogitavi
1257 3303 1295 3368 de
1320 3304 1483 3368 scribendo
1507 3305 1740 3385 ποοενίιίς,
1768 3310 1825 3373 sed
1850 3330 1890 3375 na

687 3411 781 3495 plura
812 3411 865 3474 hic
891 3409 1035 3475 laborent
1059 3431 1169 3474 vereor
1192 3415 1322 3493 propter
1344 3409 1516 3474 verborum
1542 3408 1599 3472 ὑπὸ
1624 3416 1683 3474 τῶν
1708 3412 1810 3477 ποδῶν
1835 3414 1889 3478 καί

687 3520 742 3580 τοῦ
765 3516 968 3593 τολμήματος
993 3515 1231 3580 obscuritatem.
1257 3513 1403 3578 Salutem
1428 3516 1514 3578 euim
1538 3535 1630 3579 suam
1655 3513 1889 3585 Oenochaeron

687 3619 771 3686 nulli
805 3620 938 3686 debebat
968 3621 1134 3697 audaciae,
1166 3619 1221 3684 sed
1252 3620 1397 3683 fortunae
1429 3625 1461 3683 et
1491 3619 1609 3705 pedum
1641 3620 1821 3688 velocitati.
1854 3624 1889 3690 Si

687 3726 935 3805 ψυχαγωννίείς
967 3728 1146 3813 genuinum
1182 3734 1245 3802 est,
1282 3745 1343 3788 non
1379 3729 1483 3807 potest
1517 3723 1611 3789 aliter
1647 3729 1750 3811 accipi
1789 3750 1888 3813 quam

685 3834 806 3916 accepit
838 3828 937 3896 Cobet
968 3830 1056 3908 (licet
1081 3831 1248 3894 dissentiat
1272 3829 1397 3907 editor),
1421 3829 1474 3894 sed
1499 3830 1661 3914 quomodo
1685 3852 1808 3915 quaeso
1832 3834 1888 3898 ali-

685 3940 757 4023 quis
780 3935 927 4016 σώζεσίαι
952 3936 1014 3999 dici
1040 3940 1162 4019 potest,
1188 3937 1244 4018 qui
1268 3934 1395 3997 ducitur
1419 3933 1457 3997 ad
1480 3932 1620 3999 inferos?
1644 3934 1752 4014 Quare
1778 3944 1886 4003 nescio

684 4065 724 4109 an
755 4044 864 4108 rhetor
895 4042 998 4107 dicere
1030 4038 1187 4117 voluerit,
1219 4041 1384 4103 hominem
1413 4061 1476 4103 non
1499 4039 1551 4103 dei
1573 4038 1712 4105 alicuius
1737 4048 1777 4105 ut
1801 4044 1887 4109 Mer-

685 4151 766 4214 curii
797 4169 856 4231 ope
887 4145 1173 4230 (quemadmodum
1204 4165 1297 4229 saepe
1326 4143 1420 4208 fiebat
1442 4146 1476 4206 in
1499 4143 1631 4224 fabulis)
1655 4145 1711 4209 sed
1734 4167 1796 4213 sua
1820 4155 1887 4214 tan-

684 4260 756 4318 tum
789 4251 959 4318 velocitate
990 4254 1182 4335 sospitatum
1214 4270 1290 4314 esse.
1323 4248 1547 4333 intellegerem
1574 4251 1680 4333 igitur
1703 4249 1815 4318 locum
1841 4258 1888 4320 sic

684 4362 859 4444 scriptum:
897 4358 948 4421 καί
984 4356 1118 4437 τώζομαι
1155 4359 1215 4436 οὐχ
1251 4354 1309 4417 ὑπὸ
1341 4359 1395 4417 τοῦ
1425 4362 1482 4427 τῆς
1514 4354 1721 4428 Ἀτλαντίδος
1754 4358 1885 4436 παιδός,

685 4468 759 4531 ἀλλ’
792 4464 849 4527 ὑπὸ
881 4468 939 4528 τῶν
971 4463 1076 4538 ποδῶν,
1109 4463 1164 4537 τὴν
1196 4466 1252 4532 τῆς
1285 4459 1453 4538 ἑλενίερίας
1485 4460 1638 4537 ποςενίείς
1667 4462 1824 4541 οἶτοαπίν,
1850 4471 1888 4529 ut

684 4568 932 4652 ψυχαγωγηθεὶς
954 4573 987 4632 et
1011 4568 1062 4630 καί
1088 4569 1141 4630 τοῦ
1164 4567 1366 4642 τολμήματος
1392 4565 1576 4629 tribuantur
1598 4566 1839 4652 interpolatori.

731 4814 778 4879 ΙΙΙ
802 4816 845 4881 38
869 4815 897 4895 (I
921 4813 989 4891 21),
1004 4812 1033 4878 1.
1064 4811 1148 4893 ᾤμην
1177 4811 1240 4892 γὰρ
1274 4810 1378 4889 αὖτίν,
1402 4812 1428 4875 εί
1453 4811 1574 4885 τείναίιι
1599 4812 1684 4893 αὐτῷ
1711 4814 1725 4877 ὃ
1756 4818 1884 4897 πατήρ,

687 4914 808 4989 χύσιν
831 4917 1016 4998 ἐργάσεσθαι
1040 4924 1094 4992 τῆς
1119 4917 1223 4990 οὐσίας
1248 4918 1365 4992 πολλὴν
1383 4916 1447 4981 κτὶ.
1472 4916 1612 5001 Requiro
1637 4917 1826 5000 ἔκχυσιν,
1849 4929 1887 4987 ut
