5125 6150
1003 1396 1084 1486 ΑΒ
1113 1395 1559 1487 OHARITONBM.

1214 1632 1338 1673 semesis

1116 1816 1148 1882 S.
1181 1818 1219 1882 A.
1252 1816 1434 1883 NABER.

1193 2085 1351 2128 -ψμ-

729 2329 831 2394 Filius
854 2349 946 2394 meus
968 2331 1023 2414 qui
1046 2334 1135 2393 totus
1158 2327 1279 2393 defixus
1299 2331 1400 2393 estin
1420 2329 1526 2394 studio
1546 2328 1750 2396 voluminum
1770 2353 1868 2419 papy-

684 2456 857 2511 raceorum,
888 2440 1044 2520 quotquot
1072 2434 1111 2499 ad
1140 2436 1282 2499 universi
1309 2437 1390 2519 juris
1414 2437 1628 2520 cognitionem
1653 2436 1774 2521 aliquid
1798 2459 1868 2502 con·

684 2542 809 2619 ferunt,
831 2542 917 2607 hisce
936 2540 1047 2606 diebus
1067 2541 1149 2605 mihi
1168 2539 1336 2626 legendam
1356 2541 1442 2606 dedit
1454 2544 1753 2608 commentationem
1766 2542 1869 2609 Ulrici

685 2646 850 2726 Wilclren,
879 2647 989 2711 Archiv
1010 2648 1075 2733 seir
1107 2646 1408 2732 Papprueforaclmnp
1431 2647 1447 2712 Ι
1469 2670 1499 2734 p.
1525 2646 1601 2726 227,
1626 2649 1663 2714 de
1686 2650 1867 2736 fragmento

685 2754 822 2840 quodam
846 2751 1044 2831 charitonis,
1065 2753 1148 2839 qnod
1167 2774 1265 2838 paene
1283 2755 1372 2838 prius
1390 2757 1485 2841 periit
1505 2776 1601 2840 quam
1621 2753 1687 2820 luci
1706 2756 1868 2821 redditum

684 2861 757 2925 fnit.
781 2859 937 2940 Quoniam
961 2858 1080 2924 multos
1099 2859 1326 2944 Mnemosynen
1343 2858 1475 2925 lectores
1494 2860 1560 2926 fore
1579 2864 1729 2945 suspicor,
1750 2863 1868 2947 quibus

685 2967 725 3031 ad
747 2965 804 3030 illa
826 2965 932 3031 studia
956 2965 1155 3052 Aegyptiace
1177 2962 1283 3029 aditus
1307 2986 1369 3029 non
1393 2966 1496 3043 datur,
1521 2967 1791 3051 quemadmodum
1816 2990 1868 3035 me

685 3079 768 3139 certe
788 3073 917 3139 doctum
936 3077 967 3138 et
985 3070 1114 3158 elegans
1134 3071 1305 3137 Wilclrenii
1324 3071 1513 3159 opusculum
1533 3073 1684 3161 fugisset,
1704 3076 1868 3141 nisidomi

683 3181 768 3266 apud
802 3201 854 3245 me
888 3179 1070 3246 habuissem
1104 3181 1160 3265 qui
1195 3186 1459 3245 commonstraret
1494 3180 1578 3264 quod
1612 3183 1720 3266 paucis
1754 3180 1867 3247 diebus

684 3292 757 3353 ante
780 3290 913 3372 -ipso
944 3285 994 3351 dio
1021 3285 1244 3371 aequinoctiali
1268 3323 1311 3334 —
1334 3285 1397 3351 huc
1420 3285 1579 3371 perlatum
1602 3288 1731 3365 suisset,
1756 3310 1868 3373 operae

684 3397 826 3482 pretium
856 3393 950 3471 duxi,
983 3393 1115 3479 reliquis
1144 3394 1309 3478 sepositis,
1341 3395 1452 3457 statim
1482 3413 1517 3458 ac
1548 3396 1616 3458 sine
1647 3415 1735 3459 mora
1759 3398 1868 3479 paucis

684 3501 798 3566 referre
822 3500 860 3565 de
883 3521 916 3565 re
940 3520 1020 3585 quae
1043 3519 1171 3584 prorsus
1194 3501 1394 3585 inexpectata
1416 3499 1453 3563 ad
1475 3505 1598 3565 nostrae
1616 3521 1707 3565 aurea
1727 3505 1866 3567 accessit.

730 3606 842 3691 ltaque
873 3627 974 3691 quum
1005 3604 1203 3670 Wilolronius
1233 3625 1276 3670 m.
1302 3604 1383 3671 Nor.
1411 3604 1497 3671 1898
1520 3604 1636 3671 Thebis
1660 3609 1694 3670 in
1716 3607 1866 3694 Aegypto

686 3719 945 3790 commoraretur,
984 3710 1089 3778 oblata
1130 3714 1159 3776 ei
1193 3711 1324 3776 fuerunt
1359 3718 1481 3797 septem
1515 3712 1591 3778 folia
1627 3715 1867 3780 membranacea

685 3819 908 3906 palimpsesto,
933 3840 1013 3905 quae
1035 3818 1170 3884 libenter
1193 3819 1253 3883 eibi
1276 3822 1489 3903 comparavit,
1513 3826 1683 3904 postquam
1705 3819 1867 3886 intellexit

683 3927 743 3992 sub
773 3928 929 4012 scriptura
960 3922 1091 4011 Coptica
1114 3924 1296 3990 delitescere
1319 3922 1455 3990 Graecas
1477 3924 1595 3990 literas.
1619 3925 1740 3992 Deinde
1763 3948 1865 4012 quum

683 4031 815 4098 domum
842 4035 985 4118 cogitans
1007 4034 1040 4095 in
1065 4029 1212 4095 navicula
1235 4030 1410 4095 secundum
1434 4030 1553 4096 flumen
1575 4033 1765 4118 navigabat,
1789 4033 1865 4098 fecit

683 4139 767 4226 quod
797 4141 919 4223 potuit,
951 4143 1005 4215 ut,
1038 4144 1143 4203 vetere
1173 4139 1330 4222 scriptura
1353 4158 1547 4202 venenorum
1576 4159 1633 4223 ope
1655 4139 1797 4203 nondum
1822 4161 1866 4205 re

682 4244 841 4324 focillata,
871 4244 993 4331 legeret
1023 4250 1055 4309 et
1086 4246 1325 4310 transscriberet
1347 4244 1430 4330 quod
1454 4246 1498 4308 sic
1521 4247 1598 4309 satis
1621 4230 1805 4331 polluceret.
1830 4246 1867 4310 ln

684 4358 820 4436 quatuor
839 4350 924 4417 foliis
943 4354 1053 4417 statim
1072 4353 1205 4435 agnovit
1224 4352 1441 4437 fragmentum
1462 4349 1658 4428 Obaritonia;
1686 4352 1748 4416 dno
1775 4359 1864 4418 erant

684 4460 845 4542 scriptoris
869 4460 971 4545 ignoti
993 4457 1031 4523 de
1051 4458 1211 4522 amoribus
1231 4455 1385 4530 (lhiones;
1409 4461 1582 4543 septimum
1602 4458 1717 4524 folium
1735 4463 1864 4524 omnino

683 4584 746 4629 non
769 4565 880 4649 attigit
903 4566 1020 4649 quippe
1043 4562 1129 4627 lectu
1148 4561 1243 4649 longe
1263 4562 1499 4628 difficillimum.
1524 4564 1657 4629 Factum
1678 4571 1727 4629 est
1745 4568 1865 4652 insigni

683 4670 827 4735 fortunae
858 4669 1007 4736 beneficio
1040 4668 1125 4755 quod
1148 4690 1204 4753 per
1225 4669 1361 4755 longum
1384 4673 1418 4734 in
1442 4668 1648 4736 Germaniam
1671 4674 1731 4736 iter
1754 4693 1791 4737 ea
1815 4695 1865 4738 ex-

682 4781 789 4861 cerpta
808 4795 932 4861 semper
950 4796 1057 4841 secum
1077 4778 1234 4861 portavit,
1255 4797 1330 4841 nam
1351 4779 1441 4840 navis
1461 4798 1540 4862 quae
1560 4776 1637 4842 folia
1655 4780 1724 4862 ipsa
1740 4778 1863 4864 aliaque

683 4902 721 4946 ex
748 4884 862 4947 itinere
884 4887 1012 4969 tropaea
1035 4885 1068 4947 in
1091 4881 1253 4968 Europam
1277 4882 1470 4960 advehebat,
1494 4888 1661 4969 postquam
1684 4883 1774 4950 salva
1798 4906 1864 4971 per-
