5125 6150
773 756 793 819 4
1283 773 1446 822 nvorrrrus.

772 936 871 1001 vellet
889 939 1021 1022 ipsaque
1043 957 1093 1013 re,
1119 958 1181 1001 non
1203 936 1297 1000 modo
1320 936 1442 1012 verbis,
1470 956 1559 1000 suam
1584 934 1771 1000 ostendisset
1795 954 1871 1020 erga
1894 953 1954 998 nos

771 1063 958 1129 propensam
989 1042 1197 1109 voluntatem.
1231 1042 1378 1107 Primum
1409 1040 1546 1107 Mehleri
1578 1040 1734 1119 σύμβολον
1757 1040 1821 1104 fuit
1844 1042 1881 1102 de
1905 1038 1953 1103 Io.

771 1149 871 1232 Stepd.
895 1150 1048 1213 Berncrdr'
1071 1150 1242 1213 Commercr'o
1262 1149 1443 1226 Littera-rie,
1465 1147 1547 1233 quod
1568 1148 1682 1214 Leidae
1701 1150 1735 1212 in
1754 1145 1955 1211 Bibliotheca

772 1263 960 1320 asservatur.
991 1254 1105 1320 Insunt
1136 1255 1174 1320 ad
1197 1254 1396 1320 Bemardum
1426 1254 1576 1340 epistolae
1599 1253 1799 1335 Ruhnkenii‚
1824 1250 1955 1316 Valcke-

771 1364 886 1439 naerii,
911 1361 1052 1439 Reislrii,
1079 1362 1238 1439 Piersoni,
1264 1361 1417 1439 aliorum,
1443 1382 1521 1446 quas
1544 1362 1646 1427 editor
1667 1361 1758 1425 brevi
1783 1357 1838 1424 sed
1861 1358 1953 1424 docto

771 1471 997 1534 commentario
1020 1467 1206 1534 illustravit.

817 1574 885 1640 Non
911 1577 1017 1640 omnia
1039 1576 1230 1640 enumerabo
1253 1595 1333 1659 quae
1356 1573 1519 1639 Mehlerue
1543 1574 1601 1638 sub
1624 1574 1829 1657 Mnemosynen
1853 1569 1957 1637 tutela

771 1702 837 1746 esse
871 1679 976 1747 voluit
1007 1686 1039 1745 et
1072 1688 1143 1767 post
1175 1703 1277 1746 unum
1309 1687 1341 1746 et
1370 1680 1507 1746 alterum
1539 1701 1658 1746 annum
1689 1683 1758 1745 eius
1781 1700 1897 1745 nomen
1919 1680 1956 1742 in

771 1790 961 1872 scriptorum
992 1787 1094 1853 indice
1125 1790 1263 1853 rarescit.
1293 1789 1415 1873 Nempe
1438 1788 1566 1854 fortune
1590 1786 1684 1873 longe
1707 1788 1833 1872 parcius
1857 1805 1956 1870 quam

771 1896 867 1959 amici
897 1894 1064 1979 optabant,
1097 1892 1211 1959 blando
1235 1893 1330 1959 vultu
1354 1916 1428 1959 eum
1452 1893 1605 1979 adspexit.
1629 1895 1777 1958 Primum
1800 1891 1886 1957 baud
1908 1895 1957 1957 ita

771 2000 862 2065 firma
895 1998 1043 2065 valetudo
1079 2007 1162 2077 erat,
1196 2021 1275 2085 quae
1308 2004 1410 2065 aetate
1442 2001 1480 2064 sd
1510 2005 1705 2065 senectutem
1737 2004 1889 2086 vergente
1920 2000 1955 2061 in

772 2106 837 2171 dies
859 2105 954 2171 fiebat
977 2106 1124 2172 deterior.
1149 2106 1244 2171 Rdito
1268 2104 1432 2171 Heraclito
1455 2113 1585 2172 vocatus
1609 2112 1657 2171 est
1680 2103 1889 2190 Campaniam
1914 2102 1954 2168 ad

771 2211 888 2278 Isalam
919 2213 1091 2295 (Kompea),
1123 2212 1179 2276 ubi
1211 2210 1250 2276 ad
1273 2217 1396 2276 eertum
1419 2218 1546 2296 tempus
1569 2232 1684 2296 pueros
1708 2210 1831 2289 docuit,
1857 2210 1955 2276 donec

771 2318 810 2383 ad
831 2323 959 2403 penates
978 2339 1051 2383 suos
1070 2316 1188 2383 rediret
1208 2324 1389 2402 praeceptor
1409 2319 1465 2402 qui
1483 2319 1653 2382 stationem
1672 2317 1808 2382 tenebat.
1832 2315 1956 2382 Deinde

771 2430 843 2509 post
877 2422 1005 2508 aliquod
1037 2422 1245 2489 intervallum
1275 2422 1410 2488 Helium
1439 2423 1582 2504 (Brietle)
1614 2423 1775 2508 profectus
1806 2428 1871 2499 est,
1895 2423 1955 2487 ubi

771 2532 960 2596 conrectoris
990 2551 1122 2594 munere
1153 2530 1349 2615 firngeretur.
1374 2528 1469 2593 Haud
1492 2532 1538 2594 ita
1561 2528 1666 2593 multo
1689 2534 1760 2615 post
1783 2528 1955 2594 Sneceuses

771 2638 801 2700 ei
820 2634 961 2701 scholam
978 2638 1206 2702 commiserunt
1217 2634 1389 2722 regendam
1400 2636 1509 2721 ibique
1521 2638 1649 2712 mansii,
1662 2634 1757 2701 donec
1770 2655 1850 2700 anno
1864 2630 1952 2717 1871Ι

770 2743 851 2807 mihi
887 2746 1055 2820 successit,
1091 2746 1146 2828 qui
1175 2741 1295 2808 Zvvolla
1324 2741 1600 2807 Amstelodamum
1631 2748 1782 2807 evocatus
1816 2741 1952 2806 fueram.

769 2848 879 2935 Itaque
908 2870 1016 2914 mense
1047 2848 1192 2914 ianuario
1216 2851 1290 2913 anni
1316 2847 1401 2913 1896
1425 2848 1535 2914 eodem
1560 2848 1658 2913 ferme
1681 2848 1731 2913 die
1754 2854 1862 2913 nostra
1885 2849 1954 2934 qui·

769 2954 981 3020 nivicennalia
1010 2954 1260 3032 celebravimus,
1291 2956 1406 3041 quibus
1436 2953 1594 3019 Zwollana
1616 2957 1767 3021 iuventus
1789 2956 1883 3019 certis
1905 2955 1954 3017 in·

769 3060 860 3127 diciis
882 3060 1074 3148 significavit
1094 3065 1204 3147 quanti
1223 3083 1319 3126 suurn
1339 3060 1505 3127 Rectorem
1525 3062 1642 3126 faceret
1659 3064 1791 3147 ipsaque
1810 3060 1953 3146 Reginae

769 3175 872 3233 mater
901 3175 1029 3254 propter
1059 3167 1235 3254 singularia
1266 3171 1381 3234 merita
1411 3189 1486 3233 eum
1510 3170 1632 3233 virtute
1654 3166 1860 3233 nobilitatum
1883 3187 1951 3232 esse

769 3276 1000 3361 pronunciavit.
1026 3272 1087 3339 Sed
1111 3275 1162 3339 hic
1185 3275 1286 3340 festus
1308 3275 1375 3339 dies
1399 3274 1563 3340 debilitato
1587 3277 1653 3340 seni
1677 3275 1741 3339 fere
1769 3279 1952 3360 postremus

768 3379 895 3458 illuxit,
916 3400 991 3444 nam
1015 3382 1104 3445 brevi
1124 3388 1194 3466 post
1214 3384 1394 3468 ingruentis
1415 3381 1520 3447 morbi
1540 3384 1574 3446 vi
1593 3402 1760 3467 oppressus
1778 3381 1850 3446 fuit.
1878 3378 1952 3465 Ipse

769 3490 842 3553 veni
872 3485 1024 3552 Zvvollem
1055 3487 1093 3551 ad
1121 3491 1286 3572 exsequias
1314 3491 1455 3573 meisque
1478 3486 1577 3552 oculis
1601 3488 1668 3552 vidi
1692 3494 1808 3573 quanto
1831 3487 1951 3552 honore

768 3596 853 3658 cives
875 3593 1042 3658 Rectorem
1067 3591 1235 3679 Gymrrasii
1260 3599 1532 3679 prosequerentur.

813 3699 998 3783 Numquam
1019 3699 1141 3764 destitit
1159 3699 1260 3764 colere
1279 3699 1405 3777 literne,
1425 3700 1478 3765 sed
1495 3707 1617 3765 nostros
1640 3699 1751 3765 Musas
1775 3702 1950 3765 severiores

768 3828 828 3871 non
859 3808 920 3869 nisi
949 3826 1041 3889 parce
1072 3811 1104 3869 et
1132 3806 1348 3890 infrequenter
1371 3812 1495 3891 poterat
1518 3805 1658 3871 adorare.
1686 3804 1723 3870 In
1746 3827 1840 3871 cansa
1863 3809 1950 3884 erat,

766 3915 818 3977 uti
845 3913 928 3988 dixi,
953 3910 1117 3990 valetud0;
1143 3912 1254 3978 deinde
1277 3914 1341 3978 fere
1366 3914 1558 3979 obruebatur
1581 3913 1767 3980 scholastico
1797 3934 1949 3992 munere,

766 4039 841 4083 nam
863 4038 946 4083 nova
968 4015 1039 4102 lege
1062 4017 1127 4082 lata
1146 4017 1377 4104 discipulorum
1396 4023 1429 4083 in
1451 4017 1627 4106 Gymnasio
1645 4041 1798 4084 numerus
1816 4021 1950 4106 insigni-

766 4129 815 4189 ter
844 4130 994 4188 creverat.
1026 4123 1201 4188 Accedebat
1230 4127 1356 4210 privata
1377 4127 1538 4190 institutio
1544 4147 1552 4203 ;
1577 4129 1654 4212 quin
1677 4129 1792 4204 etiam,
1818 4132 1945 4191 utrem

766 4228 956 4295 familiarem
991 4235 1197 4307 sustentaret,
1240 4231 1345 4296 deesse
1387 4252 1449 4297 non
1484 4238 1607 4317 poterat
1647 4233 1847 4317 parentibus,
1890 4234 1949 4316 qui

766 4337 919 4421 rogabant
948 4344 985 4400 ut
1015 4335 1074 4400 filii
1102 4337 1186 4422 apud
1209 4337 1374 4402 Rectorem
1398 4339 1569 4403 domestica
1593 4337 1777 4404 educatione
1801 4346 1833 4403 et
1856 4338 1949 4404 disci·

766 4440 854 4526 plina
873 4445 1116 4507 continerentur.
1138 4442 1237 4528 Saepe
1256 4447 1392 4508 miratus
1413 4465 1501 4522 sum,
1523 4447 1577 4530 qui
1597 4444 1665 4509 fieri
1684 4450 1790 4530 posset
1809 4451 1845 4509 ut
1863 4447 1949 4510 inter

765 4551 813 4611 tot
843 4553 992 4632 tantaque
1025 4551 1152 4635 negotia
1176 4553 1252 4620 satis
1277 4558 1454 4635 superesset
1478 4553 1535 4615 otii
1558 4550 1597 4614 ad
1620 4550 1755 4615 edendos
1779 4556 1826 4615 tot
1847 4548 1947 4615 libros

765 4657 798 4716 et
815 4650 938 4716 libellos
957 4655 990 4717 in
1010 4674 1105 4718 usum
1117 4657 1267 4720 tironum.
1293 4655 1375 4721 Sunt
1385 4659 1613 4743 grammaticae
1626 4659 1793 4741 utriusque
1804 4655 1946 4742 linguae,

764 4762 839 4821 sunt
864 4756 981 4836 lexico,
1007 4767 1081 4824 sunt
1103 4761 1251 4827 historiae
1275 4761 1446 4839 literarise,
1472 4770 1546 4826 suni
1569 4766 1751 4828 versionum
1776 4762 1877 4827 libelli
1902 4800 1945 4811 -

764 4863 892 4926 themate
916 4863 1077 4948 appellant
1101 4902 1143 4914 -
1167 4867 1230 4932 alia
1253 4868 1396 4933 fortasse.
1421 4869 1508 4933 Inter
1531 4869 1607 4933 haec
1629 4868 1734 4933 multa
1757 4875 1847 4934 erant
1870 4866 1948 4934 Ger
