5125 6150
1211 811 1354 859 1111111.
1809 793 1870 859 107

689 984 796 1039 tamen
810 995 950 1059 unquam
963 974 1100 1060 gallinas
1112 974 1271 1060 lapidibus
1284 979 1443 1062 persequi3
1465 996 1574 1041 canem
1587 997 1678 1061 saepe
1691 975 1872 1041 mordacem

688 1082 811 1146 laudari
836 1082 1002 1158 audimus,
1027 1083 1110 1167 apud
1135 1105 1229 1167 quem
1253 1090 1359 1148 tamen
1382 1085 1519 1148 infantes
1543 1085 1606 1147 tuti
1631 1086 1703 1147 sint.
1728 1082 1802 1160 Sed,
1826 1086 1873 1147 ita

686 1189 866 1274 loquentes,
908 1188 1018 1272 plenos
1058 1211 1124 1253 esse
1159 1189 1358 1254 audientium
1394 1192 1515 1255 animos
1550 1193 1698 1275 cupimus
1732 1188 1874 1254 lenitatis

687 1295 938 1378 clementiaeque
962 1298 1131 1380 imaginis,
1157 1299 1259 1382 igitur
1279 1296 1316 1360 de
1336 1318 1434 1382 puero
1455 1295 1617 1380 loquimur
1636 1294 1813 1371 imbecillo,
1836 1295 1873 1359 de

688 1401 826 1484 gallina,
853 1404 997 1465 omnium
1022 1400 1210 1466 animalium
1229 1405 1364 1468 innocua
1385 1405 1539 1480 maxime,
1560 1402 1598 1467 de
1617 1423 1726 1467 musca
1745 1403 1874 1466 minimi

688 1511 844 1592 corporis;
878 1529 978 1591 neque
1010 1510 1178 1592 quisquam
1209 1530 1350 1593 unquam
1382 1516 1449 1573 tam
1481 1508 1544 1573 fuit
1566 1508 1689 1595 logicae
1712 1509 1797 1572 dicto
1821 1528 1874 1572 au-

689 1614 794 1690 diens,
821 1621 856 1677 ut
879 1614 1006 1700 vulgari
1029 1614 1187 1680 locutione
1212 1618 1329 1680 omissa
1351 1638 1410 1694 „ne
1430 1615 1538 1696 tipridi
1558 1615 1687 1701 quidem
1707 1612 1872 1680 nocuerit''

688 1719 741 1784 111
766 1741 825 1796 „ue
848 1728 1007 1800 serpentem
1032 1720 1160 1804 quidem
1185 1720 1356 1785 occiderit’'
1380 1721 1509 1786 1111111.

734 1824 813 1889 Tam
845 1832 953 1890 autem
983 1829 1044 1911 ipsi
1073 1833 1204 1892 naturae
1227 1828 1367 1892 hominis
1390 1831 1535 1892 innatum
1559 1833 1607 1893 est
1629 1826 1711 1891 illud
1735 1828 1873 1903 vitium,

689 1941 817 2016 tamque
837 1931 961 1997 facilem
981 1933 1077 1997 habet
1096 1937 1350 2004 excusationem.
1371 1941 1408 1998 ut
1427 1937 1560 1999 minime
1580 1937 1700 1998 mirum
1720 1936 1763 1997 sit
1774 1935 1874 1998 etiam

685 2041 719 2102 in
751 2038 1006 2103 cultissimorum
1037 2043 1231 2124 scriptorum
1263 2040 1354 2105 libris
1386 2040 1531 2126 exempla
1561 2043 1630 2106 eius
1652 2042 1800 2106 inveniri.
1826 2039 1874 2104 De

688 2144 834 2230 exemplo
863 2167 881 2209 1
913 2144 1019 2210 Pollio
1050 2168 1066 2211 e
1097 2146 1313 2212 Demosthene
1345 2147 1469 2232 prolato
1492 2151 1557 2212 iam
1580 2147 1663 2219 dixi.
1690 2154 1722 2212 et
1745 2148 1874 2211 omnino

687 2272 759 2316 1111
789 2272 855 2316 1111
884 2255 995 2336 opinor
1018 2274 1097 2337 quae
1121 2253 1202 2318 nulli
1226 2257 1290 2317 sint
1314 2254 1450 2319 obnoxia
1473 2254 1674 2319 dubitationi.
1699 2255 1793 2340 Apud
1817 2252 1874 2318 'la-

688 2360 790 2422 citum
815 2366 922 2423 tamen
947 2358 1009 2423 duo
1033 2361 1114 2424 mihi
1138 2360 1379 2445 deprehendisse
1403 2360 1528 2425 videor:
1552 2360 1590 2425 de
1610 2360 1710 2425 altero
1724 2398 1765 2409 -
1779 2366 1874 2445 atque

687 2464 770 2529 illud
806 2467 894 2550 prius
930 2466 1085 2550 proteram
1111 2474 1263 2531 -certa
1293 2467 1375 2531 mihi
1406 2473 1470 2532 stat
1501 2470 1672 2544 sententia,
1706 2466 1743 2531 de
1774 2465 1873 2531 altero

688 2575 832 2656 suspicor
856 2579 991 2636 tantum.

733 2678 775 2742 H.
805 2678 828 2742 1.
854 2677 907 2742 33.
939 2678 1092 2743 Discessit
1115 2700 1133 2744 1
1157 2677 1258 2745 Galba
1280 2678 1364 2744 Otho
1388 2701 1483 2764 seque
1506 2680 1544 2745 ad
1567 2682 1781 2766 praetorianos
1804 2700 1874 2745 oon·

687 2785 774 2851 tulit.
810 2785 846 2849 In
882 2784 1005 2850 Palatio
1041 2786 1077 2849 fit
1108 2793 1266 2852 certamen
1296 2789 1492 2872 opinionum.
1528 2786 1595 2851 Alii
1626 2787 1872 2872 exspectandum

687 2913 753 2956 esse
784 2897 912 2956 censent
943 2891 1197 2977 firmandumque
1227 2890 1407 2971 Palatium,
1441 2897 1551 2978 sponte
1581 2895 1792 2957 emoriturum
1822 2891 1872 2956 ad·

689 3001 901 3063 versariorum
931 3001 1091 3085 impetum
1122 3002 1193 3063 rati.
1218 2999 1286 3064 Alii
1309 3005 1417 3064 contra
1440 3019 1546 3064 morae
1569 3005 1642 3063 sunt
1665 3001 1871 3085 impatientes

687 3102 885 3190 Galbamque
908 3105 948 3170 ad
971 3107 1066 3170 fortia
1088 3109 1222 3171 incitant
1245 3106 1387 3172 consilis.
1413 3105 1500 3171 Haec
1523 3108 1624 3191 ipsius
1648 3104 1750 3170 Taciti
1774 3104 1872 3170 verba

686 3219 778 3276 sunt:

731 3317 956 3383 Festinandum
993 3321 1104 3384 ceteris
1135 3321 1314 3399 videbatur,
1347 3326 1517 3405 antequam
1550 3325 1702 3385 cresceret
1731 3317 1871 3384 invalida

685 3425 787 3490 adhuc
812 3429 988 3490 coniuratio
1013 3448 1197 3511 paucorum.
1223 3426 1470 3513 Trepidaturum
1495 3430 1592 3492 etiam
1617 3424 1790 3503 Othonem,
1815 3428 1871 3510 qui

685 3531 799 3595 furtim
818 3531 995 3619 digressus,
1018 3532 1057 3596 11
1075 3536 1202 3619 ignaros
1221 3533 1359 3611 inlatus,
1380 3536 1581 3600 cunctatione
1593 3554 1676 3598 nunc
1689 3537 1719 3597 et
1733 3535 1871 3618 segnitia

685 3641 858 3702 terentium
883 3647 1010 3723 tempus
1033 3641 1154 3703 imitari
1177 3642 1354 3724 principem
1378 3639 1487 3704 discat.

731 3744 838 3822 „Dum
870 3767 924 3809 nos
956 3754 1082 3831 tempus
1106 3746 1280 3821 terimus,''
1305 3748 1396 3810 aiunt
1420 3746 1526 3825 „Otho
1548 3747 1671 3810 imitari
1694 3746 1869 3831 principem

685 3851 810 3915 discit.”
836 3852 877 3914 At
901 3854 927 3915 si
952 3852 1032 3916 nihil
1056 3850 1141 3916 ultra
1165 3850 1283 3916 Othoni
1308 3855 1494 3936 acquiritur,
1519 3871 1615 3936 quam
1641 3852 1725 3936 quod
1748 3854 1870 3916 interea

684 3956 801 4020 imitari
833 3959 1053 4023 tantummodo
1084 3960 1261 4043 prinoipem
1294 3958 1405 4035 discit,
1432 3979 1494 4022 non
1517 3957 1688 4022 admodum
1712 3979 1869 4044 magnum

685 4083 775 4127 mora
801 4062 889 4128 affert
912 4063 1101 4149 periculum.
1134 4062 1217 4128 Tum
1242 4063 1372 4128 demum
1395 4064 1608 4129 festinandum
1634 4070 1732 4140 11111,
1757 4066 1784 4127 11
1806 4084 1870 4128 me-

683 4175 828 4233 tueretur
857 4190 896 4234 ne
928 4190 983 4254 per
1012 4169 1141 4255 aliquod
1165 4173 1317 4255 temporis
1341 4169 1548 4235 intervallum
1572 4171 1673 4234 bonus
1696 4171 1869 4254 imperator

682 4280 714 4338 et
745 4277 866 4360 peritus
899 4278 1060 4360 copiarum
1093 4297 1224 4341 suarum
1258 4276 1323 4340 dux
1354 4274 1437 4341 Otho
1469 4275 1567 4341 fieret.
1592 4275 1634 4339 Et
1657 4295 1766 4339 111111
1788 4272 1868 4337 illud

683 4385 835 4445 metuunt
866 4384 921 4464 qui
952 4403 1026 4445 cum
1055 4379 1156 4447 Galba
1180 4384 1419 4468 quamprimum
1443 4384 1570 4447 obviam
1593 4385 1640 4446 ire
1664 4380 1797 4445 Othonis
1821 4401 1868 4444 co·

683 4486 811 4549 natibus
841 4489 1003 4574 gestiunt,
1036 4496 1068 4552 et
1100 4510 1208 4553 secum
1240 4492 1285 4554 sic
1314 4489 1506 4575 loquuntur:
1534 4509 1637 4563 „nunc
1660 4508 1760 4573 neque
1784 4483 1867 4550 Otho

683 4590 804 4655 milites
826 4596 917 4657 novit
940 4615 1041 4678 neque
1064 4593 1115 4658 illi
1137 4594 1313 4673 Othonem,
1339 4616 1422 4660 nunc
1442 4594 1517 4680 quid
1538 4600 1613 4679 agat
1633 4596 1733 4659 nescit
1753 4592 1866 4670 etiem;

682 4702 716 4761 at
740 4700 766 4759 si
791 4696 987 4782 aliquamdiu
1013 4703 1179 4764 incastris
1203 4703 1429 4786 permanserit,
1454 4703 1481 4763 si
1506 4701 1593 4762 vitae
1613 4697 1744 4762 militari
1766 4696 1868 4763 denuo

684 4807 876 4881 assueverit,
901 4813 938 4869 ut
957 4812 1005 4869 est
1025 4807 1121 4872 homo
1140 4809 1238 4872 comis
1257 4815 1290 4871 et
1309 4805 1471 4881 facundus,
1490 4804 1610 4870 milites
1629 4806 1689 4869 sibi
1708 4805 1869 4870 devinciet

683 4911 730 4972 ita
761 4915 798 4972 ut
828 4931 884 4994 pro
915 4910 972 4975 illo
1004 4922 1184 4977 extremum
1215 4912 1301 4978 adire
1324 4910 1505 4997 periculum
1528 4931 1590 4977 non
1612 4910 1790 4977 recusent.¹'
1823 4911 1867 4975 At
