5125 6150
1122 818 1243 869 nrsras.
1709 801 1774 866 435

588 989 648 1072 qni
680 985 787 1051 locum
811 1008 849 1051 ex
874 1007 910 1052 ea
933 986 1034 1071 (560)
1058 987 1160 1052 Rhett.
1187 986 1234 1052 III
1260 987 1301 1052 io
1325 993 1368 1072 (p.
1396 986 1511 1064 14112)
1536 989 1692 1062 citaverit.
1716 987 1776 1053 Oh

586 1114 717 1158 scuram
741 1099 774 1157 et
797 1092 958 1159 difficilem
982 1115 1048 1159 esse
1071 1097 1218 1179 queritur
1236 1094 1400 1159 Dobraens
1419 1100 1463 1180 (p.
1487 1091 1564 1174 187)
1584 1101 1775 1181 argumento

588 1198 700 1286 paullo
730 1198 865 1264 calidius
895 1203 1052 1277 serviens,
1078 1200 1291 1265 multifariam
1316 1207 1498 1286 corruptam
1522 1222 1589 1266 esse
1613 1201 1775 1267 scutulam

586 1308 795 1391 scriptionem
829 1328 886 1372 neo
917 1306 1061 1371 multum
1092 1310 1161 1392 opis
1193 1307 1303 1372 afferre
1334 1307 1456 1372 codices
1487 1328 1506 1373 a
1536 1306 1683 1372 Palatino
1714 1330 1774 1373 non

588 1412 761 1498 pendentes
791 1418 824 1477 et
853 1415 918 1478 iam
941 1412 1009 1477 diri
1033 1434 1128 1498 supra
1151 1419 1183 1479 et
1205 1435 1261 1499 per
1285 1436 1318 1479 se
1341 1413 1551 1500 intellegitur.
1576 1412 1708 1498 Aliquot
1730 1417 1776 1477 vi·

588 1521 643 1584 tiis
667 1519 788 1585 mederi
811 1525 843 1584 et
865 1522 934 1605 ipse
957 1521 1102 1585 conabor.
1533 1519 1535 1523 ⁴

633 1738 688 1804 Or.
713 1737 742 1803 ll
766 1738 826 1823 59.
850 1738 887 1802 In
912 1740 1057 1826 mythico
1081 1739 1164 1806 bello
1188 1741 1270 1825 qnod
1295 1740 1378 1805 ἓπτίι
1402 1740 1452 1804 ἐπὶ
1478 1740 1588 1818 Θήβας
1610 1740 1685 1806 olim
1707 1762 1776 1828 ges-

588 1851 699 1911 serunt
723 1845 948 1923 Athenienses,
973 1852 1010 1910 nt
1032 1847 1092 1911 sibi
1115 1846 1297 1932 placebant,
1322 1846 1520 1933 sepulturam
1543 1846 1660 1912 ducum
1684 1849 1776 1935 Argi·

586 1974 705 2019 vorum
728 1959 891 2018 caesorum
914 1974 933 2019 a
954 1953 1113 2019 Thebanis
1136 1956 1330 2039 petiverunt.
1355 1957 1402 2018 οὐ
1426 1954 1583 2030 δυνάμενοι
1608 1953 1638 2018 δὲ
1661 1954 1774 2018 τούτων

582 2067 697 2140 τυχεῖν
726 2060 932 2140 ἐστράτευσαν
964 2061 1012 2125 ἐπ’
1043 2061 1171 2139 αὐτούς,
1196 2061 1340 2138 οὐδεμιᾶς
1364 2062 1514 2143 διαφορᾶς
1538 2057 1677 2140 πρότερον
1700 2060 1773 2139 πρὸς

583 2165 756 2244 Καδμείους
776 2166 990 2247 ὑπαρχούσης,
1004 2204 1035 2215 -
1047 2206 1081 2217 -
1094 2168 1182 2234 οὶλλόι
1202 2168 1272 2241 τοὺς
1294 2169 1460 2240 τεθνεῶτας
1474 2169 1503 2231 ἑν
1517 2169 1558 2247 τῷ
1572 2166 1696 2249 πολέμῳ
1709 2166 1774 2243 οίξι-

582 2278 688 2346 οῦντες
708 2279 765 2339 τῶν
784 2270 981 2352 νομιζομένων
1001 2274 1172 2354 τυγχάνειν
1192 2275 1263 2354 τρδς
1284 2276 1354 2347 τοὺς
1376 2275 1490 2353 ἑτέρους
1506 2274 1578 2352 ὑπὲρ
1592 2273 1774 2355 όμφοτίροιυ

585 2381 805 2458 ε’κινδιίνενσαν,
831 2380 903 2459 ὑπὲρ
926 2383 982 2456 μὲν
1007 2383 1075 2460 τῶν,
1099 2380 1147 2447 ίνα
1170 2380 1282 2460 μηκέτι
1297 2419 1374 2430 --
1390 2387 1486 2446 πλείον
1511 2381 1577 2462 περ)
1601 2381 1670 2454 τοὺς
1692 2382 1773 2452 θεοὺς

585 2487 793 2566 ἐξυβρίσωσιν,
818 2489 890 2565 ὑπὲρ
913 2488 945 2553 δὲ
968 2494 1026 2552 τῶν
1050 2488 1164 2568 ἓτίρυν,
1189 2486 1237 2553 ίνα
1258 2490 1302 2566 μη
1326 2488 1516 2569 πρότερον
1538 2489 1580 2560 είς
1600 2489 1654 2564 την
1675 2490 1773 2553 αὐτῶν

583 2596 742 2661 ιὶπίλόωσι
766 2597 894 2672 πατρίου
918 2604 1010 2673 τιμῆς
1035 2596 1252 2675 οίτυχιίσαντες
1278 2595 1330 2660 καί
1358 2597 1538 2668 Ἑλληνικοῦ
1563 2596 1653 2674 νόμοιΙ
1672 2620 1773 2675 στερη-

583 2701 684 2773 όόντες
711 2703 761 2765 καί
787 2708 883 2773 κοινῆς
909 2701 1030 2772 ἐλπίδος
1055 2702 1277 2781 ἡμαρτηκότες.
1306 2701 1381 2768 Sine
1401 2705 1616 2768 controversia
1634 2702 1771 2769 alterum

584 2807 725 2886 πρότερον
757 2816 943 2894 corruptum
974 2815 1031 2873 est.
1063 2809 1208 2886 Primus,
1242 2812 1362 2894 opinor,
1394 2808 1574 2875 Dobraeus:
1611 2808 1772 2889 ,πρότερον

584 2914 793 3001 suspectnm’'
826 2915 854 2992 (Ι
877 2938 907 3000 p.
935 2914 1164 2994 191=195);
1197 2936 1306 2981 vocem
1332 2915 1456 2981 delebat
1478 2916 1710 2982 Herwerdenus
1733 2916 1772 2982 sd

582 3043 714 3089 sensum
738 3021 869 3087 fortasse
892 3042 1140 3108 supervacuam,
1165 3024 1374 3088 necessariam
1399 3022 1438 3087 ad
1456 3044 1644 3104 numerum;
1665 3024 1774 3104 λυπρό-

581 3152 666 3207 τερον
700 3128 753 3193 vel
787 3128 958 3205 πικρότερον
989 3129 1185 3214 proponebat
1214 3129 1394 3214 llmperiua.
1425 3128 1468 3193 Et
1498 3136 1630 3214 apparet
1652 3129 1772 3215 aliquid

582 3238 706 3320 requiri
728 3238 762 3299 in
786 3235 866 3299 hanc
891 3238 1083 3301 sententiam
1105 3244 1143 3300 ut
1166 3238 1208 3299 sit
1228 3236 1414 3315 ἀνιαρότερον
1433 3235 1487 3300 τοί
1506 3235 1714 3314 λυπηρότερον,
1729 3273 1771 3286 -

582 3363 660 3408 nam
691 3341 870 3419 torrissem
901 3345 1008 3407 Attico
1039 3341 1092 3407 vel
1124 3343 1305 3407 Atticorum
1338 3345 1485 3407 sectatori
1515 3345 1570 3407 rin
1594 3345 1698 3407 ausim
1722 3344 1773 3409 ob

581 3448 722 3514 trudere.
753 3449 913 3513 Neutrum
943 3459 1052 3514 tamen
1077 3451 1306 3534 rescripserim,
1331 3448 1401 3513 sed:
1427 3445 1474 3513 ίνα
1499 3449 1543 3525 μη
1568 3450 1773 3528 π<ονη>ρό

582 3579 697 3633 τερον
721 3556 762 3627 είς
783 3557 837 3629 την
861 3557 959 3620 αὐτῶν
983 3555 1156 3632 οίπίλόωσι,
1183 3576 1243 3632 „ne
1267 3554 1421 3619 deteriore
1441 3555 1621 3621 conditione
1639 3555 1772 3622 domum

581 3662 850 3728 reverterentur’'.
865 3662 971 3729 Dictio
983 3662 1171 3728 conferenda
1183 3683 1256 3727 cum
1269 3661 1327 3727 illa
1338 3664 1521 3727 notissima:
1534 3662 1578 3727 τοὶ
1590 3663 1770 3743 πράγματα

579 3896 677 3944 mutus
698 3892 879 3958 (pa-Plutarch.
905 3891 954 3940 rit.
972 3893 1045 3941 Isocr.
1069 3908 1092 3955 p.
1115 3890 1189 3950 Beli,
1212 3890 1315 3940 Theonis
1334 3891 1456 3956 Ρτορριιικ.
1479 3892 1516 3953 (11
1539 3909 1561 3958 p.
1580 3894 1612 3941 63
1629 3893 1679 3959 Sp.)
1701 3894 1771 3959 plane

579 3981 667 4025 contra
681 3977 812 4026 Isocratem
827 3975 962 4041 ps.·Lysiaa
980 3975 1126 4024 imitatorem
1140 3972 1292 4039 perhibebat,
1308 3975 1370 4023 hunc
1384 3973 1552 4034 προντοτιίπον.
1571 3977 1662 4025 ,ὃοωίι
1676 3977 1772 4041 pllichts

580 4061 621 4109 ich
637 4058 697 4122 jeizt
714 4060 747 4108 Ia
763 4060 827 4106 Beau
847 4059 893 4106 und
912 4058 956 4105 den
974 4057 1045 4106 Alter
1061 4057 1111 4116 bei,
1124 4057 1210 4105 welche
1226 4058 1305 4106 diesen
1319 4057 1457 4119 (lsolrrates)
1472 4058 1560 4107 aladen
1570 4059 1770 4109 Nachahmendeu

579 4140 701 4191 euscheu'’
725 4145 758 4205 (p.
777 4140 847 4201 443).
871 4139 934 4188 ueri
958 4140 1039 4203 nequit
1063 4144 1090 4188 nt
1112 4155 1193 4188 omnes
1216 4139 1339 4203 utriusqus
1362 4139 1465 4188 oratoria
1483 4138 1546 4188 locos
1562 4140 1608 4188 hnc
1625 4141 1771 4205 pertinentes

580 4225 621 4273 hic
644 4239 783 4289 componam
801 4228 825 4271 et
843 4223 983 4281 diiudiccm,
1002 4238 1044 4271 nec
1061 4223 1080 4270 si
1098 4238 1169 4287 quam
1187 4222 1288 4272 maxims
1304 4226 1383 4287 posset
1401 4223 1451 4271 heri
1470 4222 1548 4272 virum
1565 4223 1723 4273 clarissimum
1741 4226 1770 4273 ad

581 4323 646 4357 mas
668 4308 816 4355 traducerem
840 4310 933 4370 partes,
949 4305 1062 4369 qnoniam
1081 4305 1140 4354 talia
1157 4305 1242 4354 sentiri
1259 4309 1370 4370 possunt,
1390 4304 1548 4354 demonstrari
1566 4306 1705 4370 plerumque
1723 4324 1769 4356 non

579 4398 685 4455 possunt.
703 4392 856 4454 Quapropter
872 4387 929 4437 satis
947 4386 1020 4436 habco
1038 4388 1076 4437 hic
1093 4388 1168 4437 Iebbii
1186 4387 1257 4437 verba
1276 4389 1361 4436 afferre
1378 4388 1421 4436 hac
1439 4387 1464 4436 in
1482 4403 1507 4435 re
1524 4404 1615 4437 mecum
1633 4390 1769 4438 sentientis:

584 4472 676 4522 ‚There
693 4487 733 4520 are
750 4470 840 4520 several
858 4470 1028 4519 resemblances
1045 4471 1071 4519 ol
1086 4471 1220 4536 expression
1237 4470 1340 4519 between
1359 4470 1408 4518 this
1424 4469 1566 4535 Epitaphius
1580 4471 1626 4519 aud
1640 4471 1681 4519 the
1696 4472 1770 4520 Pane·

581 4554 676 4619 gyricns
697 4554 724 4602 oi
743 4553 873 4611 Isocrates,
897 4553 942 4601 and
959 4553 1025 4601 thess
1042 4554 1101 4602 have
1118 4554 1184 4602 osten
1200 4550 1258 4601 been
1275 4552 1400 4618 explained
1418 4552 1449 4616 by
1465 4552 1594 4617 suppoaing
1611 4552 1728 4602 Isocrates
1744 4561 1769 4604 ιο

581 4638 641 4687 bars
658 4636 778 4685 horrowed
795 4637 856 4685 lrom
874 4637 963 4699 Lysias.
982 4636 1030 4684 But
1049 4636 1080 4683 let
1098 4652 1143 4699 any
1159 4636 1248 4683 carcful
1263 4636 1346 4683 reader
1361 4640 1416 4684 note
1431 4636 1484 4684 horr
1497 4636 1693 4701 thoroughlythe
1704 4652 1770 4687 mors

536 4732 538 4743 ¹
580 4718 709 4769 rhetorical
727 4724 794 4783 parts
810 4720 837 4767 oi
852 4719 893 4767 the
912 4718 1054 4783 Epitaphius
1070 4716 1125 4767 bsar
1142 4718 1184 4766 the
1201 4723 1278 4782 stamp
1293 4718 1319 4766 οί
1336 4734 1350 4766 a
1368 4721 1450 4777 cento,
1468 4719 1513 4767 aud
1533 4718 1562 4765 hc
1581 4718 1628 4767 will
1646 4719 1726 4784 prefer
1743 4726 1768 4769 to

578 4817 679 4867 suppose
700 4801 755 4850 that
778 4816 842 4849 some
866 4817 921 4864 very
940 4801 1040 4849 interior
1057 4801 1138 4850 writer
1157 4800 1199 4849 hss
1215 4800 1337 4849 borrorsed
1356 4801 1417 4849 from
1436 4800 1576 4850 Isocrates”.
1594 4801 1634 4862 (R.
1652 4801 1678 4850 C.
1695 4801 1770 4862 Jebb,

579 4885 623 4933 trie
645 4884 717 4933 Artis
741 4883 842 4932 Oratore
865 4884 954 4944 (1893)
972 4882 984 4931 I
1003 4898 1026 4947 p.
1046 4884 1113 4945 205).
1140 4882 1258 4932 Similiter
1273 4883 1390 4932 iudicabat
1409 4883 1478 4941 olim,
1497 4891 1522 4932 ut
1539 4899 1613 4933 unum
1631 4899 1772 4934 commemo-

580 4982 644 5024 rem,
664 4965 790 5015 Dobraeus.
