5125 6150
766 872 768 877 ,
789 797 849 861 192
1306 813 1448 861 ricinus.

782 987 869 1044 totus
900 981 986 1043 omni
1019 980 1121 1063 specie
1153 981 1222 1042 veri
1245 985 1366 1056 careat,
1391 986 1457 1042 tam
1482 979 1619 1064 prudens
1643 985 1772 1065 tamque
1795 980 1970 1067 probabilis

782 1088 920 1171 suspicio
955 1087 1073 1150 inserta
1107 1092 1204 1149 esset:
1240 1106 1312 1148 cum
1348 1091 1549 1170 contemptu,
1581 1092 1618 1150 ut
1649 1089 1771 1171 opinor,
1803 1088 1972 1153 abiecisset

782 1214 851 1258 eam
875 1190 1003 1256 Tacitus
1026 1191 1127 1255 sicubi
1150 1193 1336 1255 invenisset.

828 1298 970 1383 Scriptor
1000 1306 1126 1375 autem,
1157 1299 1213 1382 qui
1237 1297 1269 1361 id
1293 1297 1387 1361 habet
1411 1297 1494 1384 qnod
1515 1297 1580 1362 levi
1604 1298 1786 1384 plebeculae
1809 1302 1891 1365 vitio
1915 1300 1971 1365 dat

782 1413 949 1492 poetarum
973 1407 1163 1469 nostratium
1187 1403 1272 1481 Rex,
1297 1411 1335 1468 ut

903 1502 907 1508 ’
963 1510 1070 1575 Dirior
1092 1517 1140 1576 est
1162 1518 1280 1596 quanto
1303 1531 1352 1575 res
1375 1531 1531 1595 quaeque,
1556 1510 1719 1578 lubentius
1740 1511 1829 1578 illam

963 1616 1097 1683 Credere
1120 1616 1250 1681 festinet
1274 1622 1362 1680 tant-o
1379 1616 1401 1697 ¹)

783 1746 888 1791 carere
919 1745 956 1789 ea
985 1727 1107 1788 virtute
1138 1722 1236 1800 solet,
1261 1745 1358 1808 qnam
1381 1726 1413 1787 in
1439 1724 1590 1789 historico
1612 1746 1686 1811 prae
1710 1728 1821 1791 ceteris
1843 1725 1974 1812 lepidis·

783 1835 885 1897 simus
915 1833 1182 1915 acutissimusque
1211 1830 1382 1894 historicus
1406 1829 1713 1919 Mueller-Striibing
1736 1835 1885 1917 requirit:
1913 1841 1975 1911 „ut

782 1941 889 2004 iocum
920 1936 1116 2023 intelligat'’.
1149 1935 1286 2001 Omnino
1317 1936 1446 2001 Tacitus
1478 1958 1496 2002 a
1525 1941 1603 2002 iocis
1635 1945 1683 2003 est
1705 1938 1845 2003 alienus:
1871 1940 1975 2005 semel

783 2051 911 2109 tantum
934 2046 967 2107 in
992 2049 1040 2107 tot
1064 2045 1223 2127 tantisque
1247 2042 1422 2107 Annalium
1446 2042 1726 2130 Historiarnmque
1749 2044 1840 2109 libris
1863 2054 1974 2111 narrat

783 2149 904 2235 aliquid
927 2148 1010 2235 qnod
1034 2147 1129 2233 paulo
1153 2151 1196 2213 sit
1218 2149 1384 2227 festivius,
1408 2151 1446 2213 A.
1471 2148 1559 2226 XIII,
1586 2150 1645 2213 54:

828 2256 1018 2336 (Frisiorum
1041 2255 1154 2341 legati)
1178 2254 1254 2319 dnm
1279 2254 1351 2319 aliis
1375 2259 1460 2320 cnris
1483 2258 1643 2320 intentum
1666 2257 1824 2323 Neronem
1849 2263 1976 2344 opperi-

784 2368 892 2439 untur,
923 2365 1008 2426 inter
1038 2381 1091 2438 ea,
1125 2381 1204 2446 quae
1235 2362 1376 2426 barbaris
1407 2367 1617 2439 ostentantur,
1648 2365 1806 2429 intravere
1835 2364 1975 2451 Pompei

783 2471 961 2545 theatrum,
994 2489 1055 2555 quo
1085 2467 1343 2554 magnitudinem
1375 2466 1485 2553 populi
1516 2471 1665 2533 viserent.
1694 2469 1764 2534 Illic
1788 2492 1843 2555 per
1866 2475 1973 2537 otium

783 2582 898 2661 (neque
917 2576 1003 2639 enim
1023 2574 1154 2639 ludicris
1169 2577 1275 2660 ignari
1294 2573 1545 2654 oblectabantur)
1558 2575 1635 2639 dum
1646 2597 1827 2641 consessum
1840 2598 1972 2657 careae,

784 2682 967 2747 discrimina
998 2681 1163 2757 ordinum,
1195 2683 1267 2767 quis
1297 2703 1409 2766 eques,
1434 2682 1489 2745 nbi
1513 2688 1640 2746 senatus
1663 2689 1895 2768 percontantur,
1921 2685 1974 2750 ad-

783 2797 908 2856 vertere
932 2789 1083 2874 quosdam
1108 2788 1198 2853 cnltu
1218 2794 1347 2853 externo
1366 2791 1400 2852 in
1420 2788 1547 2853 sedibus
1567 2797 1766 2869 senatorum
1788 2797 1820 2855 et
1839 2794 1971 2876 quinam

783 2898 900 2974 forent,
924 2899 1118 2982 rogitantes,
1144 2902 1315 2980 postquam
1340 2894 1527 2961 audiverant
1550 2917 1658 2960 earnm
1682 2900 1830 2983 gentium
1853 2897 1973 2986 legatis

782 3003 816 3068 id
847 3004 976 3068 honoris
1007 3003 1134 3080 datum,
1166 3022 1246 3089 qnae
1271 3005 1393 3067 virtute
1417 3009 1447 3066 et
1472 3005 1613 3067 amicitia
1636 3002 1779 3068 Romana
1803 3004 1974 3091 praecelle

783 3115 870 3186 rent,
903 3108 1008 3190 nnllos
1038 3108 1224 3173 mortalium
1256 3112 1354 3174 armis
1375 3116 1430 3173 aut
1454 3110 1513 3174 fide
1536 3117 1608 3175 ante
1631 3109 1806 3177 Germanos
1829 3134 1896 3177 esse
1921 3136 1972 3178 ex·

784 3215 938 3294 clamant,
963 3214 1249 3301 digrediunturque
1273 3223 1306 3280 et
1328 3218 1412 3279 inter
1434 3222 1538 3299 patres
1563 3218 1739 3282 considunt.

828 3322 890 3388 Sed
921 3330 1081 3408 praeterea
1114 3324 1236 3406 quoties
1260 3324 1293 3385 in
1317 3343 1382 3386 rem
1409 3322 1538 3400 incidit,
1563 3344 1738 3407 quaecum
1761 3326 1972 3390 risunarrari

782 3433 883 3516 possit
915 3429 1104 3513 debeatque,
1138 3450 1266 3492 summa
1297 3450 1367 3492 eam
1397 3429 1516 3512 profert
1546 3433 1722 3514 gravitate,
1749 3434 1793 3494 sic
1827 3453 1971 3497 nonnun-

783 3558 879 3622 quam
897 3535 981 3601 ultro
1000 3535 1142 3600 indicans
1161 3557 1194 3600 se
1213 3538 1259 3599 rei
1277 3538 1432 3600 rationem
1452 3556 1566 3620 parum
1587 3540 1792 3621 perspexisse.
1812 3536 1971 3624 Exemplo

758 3664 851 3728 'esse
875 3647 979 3727 potest
1005 3642 1089 3727 quod
1113 3640 1135 3706 l.
1160 3640 1207 3706 XI
1231 3663 1258 3706 c.
1284 3641 1327 3706 20
1351 3641 1489 3727 legitur:

828 3750 893 3813 Nec
913 3749 1017 3813 mnlto
1041 3755 1113 3833 post
1136 3746 1267 3814 Curtius
1292 3748 1393 3812 Rufus
1417 3748 1552 3813 eundem
1577 3750 1726 3814 honorem
1752 3756 1806 3829 (so.
1830 3754 1971 3838 insignia

782 3857 954 3940 triumphi)
985 3855 1181 3939 adipiscitur,
1214 3858 1269 3939 qui
1299 3857 1333 3918 in
1364 3876 1440 3941 agro
1468 3854 1623 3919 Mattiaco
1655 3856 1826 3921 recluserat
1858 3880 1972 3942 specus

784 3962 970 4047 quaerendis
1002 3964 1089 4025 venis
1120 3964 1244 4047 argenti
1253 3981 1261 4038 ;
1293 3961 1377 4025 unde
1410 3964 1514 4025 tennis
1544 3963 1666 4026 fructus
1698 3984 1754 4027 nec
1777 3966 1811 4026 in
1833 3962 1971 4050 longum

782 4069 863 4157 fuit,
896 4074 928 4132 at
957 4066 1138 4153 legionibus
1170 4089 1242 4131 cum
1276 4066 1390 4131 damno
1421 4066 1518 4143 labor,
1543 4067 1675 4133 effodere
1699 4071 1801 4146 rivos,
1826 4090 1972 4157 quaeque

781 4178 816 4238 in
847 4180 954 4258 aperto
982 4176 1109 4258 gravia,
1142 4174 1279 4237 humum
1312 4173 1394 4237 infra
1424 4173 1542 4237 moliri.
1576 4174 1653 4253 Quis
1685 4175 1832 4240 subactus
1856 4176 1972 4256 miles,

783 4287 815 4345 et
846 4283 921 4366 quia
950 4279 1058 4364 plures
1090 4301 1145 4363 per
1176 4282 1354 4364 provincias
1390 4279 1509 4343 similia
1545 4279 1772 4358 tolerabantur,
1808 4287 1974 4368 componit

783 4386 922 4452 occultas
953 4385 1062 4451 literas
1092 4389 1219 4451 nomine
1251 4389 1469 4463 exercituum,
1502 4390 1701 4471 precantium
1724 4391 1972 4472 imperatorem,

783 4501 821 4560 nt
840 4493 955 4580 quibus
975 4495 1188 4577 permissurus
1209 4503 1291 4557 esset
1307 4496 1479 4569 exercitus,
1498 4494 1705 4577 triumphalia
1718 4503 1791 4559 ante
1803 4496 1971 4562 tribueret.

786 4680 818 4686 ...
834 4679 966 4688 —.--.-—

818 4784 844 4847 1)
861 4784 890 4834 In
908 4785 959 4850 ipso
978 4781 1142 4833 ‚Palamedis''
1158 4783 1244 4832 initio:

1049 4866 1098 4914 liet
1115 4866 1261 4930 wispcltnrig
1278 4865 1347 4924 vollr,
1366 4866 1406 4913 dat
1425 4865 1448 4914 sl
1465 4869 1489 4914 te
1507 4865 1542 4914 los
1559 4881 1604 4914 van
1622 4866 1694 4915 hootd

1049 4984 1355 4997 .............
1373 4948 1392 4996 't
1409 4956 1486 5011 ergste
1505 4948 1568 4996 lielst
1584 4949 1682 5011 gelooft.
