5125 6150
934 805 1102 853 nrcnrsms
1124 804 1444 853 nenrcnnnnssmsrs.
1718 787 1783 852 335

636 966 731 1032 1118
755 990 785 1052 p.
807 967 883 1030 425.
908 968 1030 1032 Mettus
1053 967 1208 1031 Fuffetius
1231 965 1432 1031 commendat
1456 965 1655 1043 διαλλαγάς,
1681 967 1710 1030 ἐν
1735 962 1783 1037 ede

591 1074 678 1138 οὐδέν
709 1074 794 1141 triv
825 1072 949 1149 ἔγκοτον
973 1072 1039 1137 οὐδὲ
1062 1072 1260 1149 μνησίκακον.
1285 1069 1419 1136 Malim:
1446 1071 1597 1149 ἔνεςιν,
1622 1074 1717 1136 sicuti
1740 1079 1788 1136 est

589 1178 639 1242 111
666 1178 708 1241 14
741 1201 771 1263 p.
798 1177 881 1243 445:
914 1179 956 1243 τά
987 1179 1051 1254 νάρ
1082 1177 1171 1241 ἀλλα
1201 1179 1258 1240 κάν
1290 1176 1407 1247 τούτοις
1440 1177 1517 1245 ἔνεςι
1548 1186 1610 1250 τοῖς
1640 1175 1785 1256 ἀνθράσι,

587 1288 640 1349 uti
666 1289 699 1348 et
723 1282 767 1347 IV
791 1283 832 1348 61
858 1306 888 1368 p.
917 1282 999 1349 789:
1027 1285 1055 1347 ἐν
1082 1283 1107 1346 θ’
1131 1283 1214 1362 αὐτῷ
1238 1291 1318 1361 τρεῖς
1344 1281 1433 1348 ἔνεισι
1458 1285 1553 1355 σνκοί.

636 1514 685 1579 III
716 1514 737 1580 8
772 1539 804 1601 p.
837 1515 919 1580 426:
956 1516 1080 1595 γνώμην
1115 1517 1217 1582 θέσθαι
1254 1519 1320 1597 περὶ
1358 1518 1484 1595 μκθενθς
1521 1519 1601 1594 ιὶμάι
1635 1517 1783 1591 ἀλλήλοις

589 1631 880 1699 μνησικακεῖν.
911 1622 1095 1687 Plurimum
1121 1626 1237 1700 miror;
1263 1645 1366 1689 nonne
1388 1626 1602 1688 necessarium
1626 1629 1674 1687 est
1694 1647 1784 1701 μικ-

588 1727 855 1802 σικακιὶσεινί
885 1728 975 1793 Idem
1000 1731 1116 1793 vitium
1140 1730 1268 1794 videtur
1291 1730 1393 1795 redire
1416 1728 1463 1794 III
1488 1729 1530 1795 26
1556 1753 1586 1815 p.
1612 1728 1688 1794 489.

634 1959 685 2024 III
710 1960 730 2024 9
762 1983 792 2046 p.
820 1959 904 2026 427:
937 1963 994 2026 ὑιιθ
1025 1969 1084 2027 τῶν
1115 1962 1227 2039 ἱερῶν
1251 1963 1344 2029 θτθτε
1368 1966 1409 2030 τίν
1435 1961 1626 2041 προπολέμια
1651 1963 1780 2040 θύοιμεν,

589 2066 789 2140 ίκωλνθμεθα
823 2066 930 2146 ἀρχειν
961 2067 1083 2148 μάχνι.
1118 2067 1224 2132 Etiam
1257 2089 1371 2153 supra,
1402 2067 1501 2132 1163
1533 2091 1563 2153 p.
1589 2066 1664 2144 371,
1695 2068 1781 2132 idem

587 2171 747 2237 mendum
778 2173 817 2237 ab
848 2171 981 2238 Gelenio
1012 2173 1176 2238 sublatum
1208 2174 1289 2250 fuit,
1321 2194 1396 2239 nam
1425 2174 1599 2259 legendum
1632 2180 1696 2238 est:
1723 2175 1780 2239 θτθ

588 2285 650 2341 τῶν
676 2275 821 2356 ἱερέων.

633 2508 684 2573 III
712 2508 731 2573 9
762 2532 792 2594 p.
818 2508 901 2574 430:
926 2512 959 2575 οὐ
983 2510 1045 2588 γὰρ
1071 2510 1106 2583 δὴ
1132 2511 1278 2588 Σαβίνοις
1303 2512 1359 2587 μὲν
1378 2557 1453 2577 ....
1476 2517 1578 2583 καλῶς
1599 2508 1684 2590 εἶχεν

587 2614 781 2694 μεταθέσθαι
813 2614 882 2685 τοὺς
914 2615 999 2691 βίους
1030 2617 1069 2685 ἀς
1101 2617 1202 2694 ἀμοῖς,
1235 2616 1307 2688 ὑμῖν
1331 2615 1356 2678 θ’
1382 2616 1442 2694 ἀρα
1569 2615 1667 2680 ταθτθ
1690 2620 1780 2680 τοῦτο

585 2723 754 2799 γενόμενον
784 2722 844 2800 οὐχ
875 2716 935 2794 ἕξει
961 2726 1074 2792 καλῶς.
1105 2719 1194 2785 Ηειοο
1217 2723 1285 2784 eine
1309 2723 1390 2786 vitio
1415 2720 1495 2785 olim
1518 2720 1701 2797 edebantur,
1727 2718 1781 2785 sed

585 2826 729 2892 Smitiue
760 2847 790 2909 p.
815 2824 835 2888 9
866 2845 1031 2908 perperam
1063 2828 1194 2911 signum
1226 2828 1486 2912 interrogationis
1517 2829 1550 2889 in
1575 2826 1636 2890 fine
1659 2824 1782 2890 addidit

588 2951 693 3014 eaque
727 2933 761 2993 in
796 2950 844 3008 re,
884 2929 969 3013 quod
1005 2933 1114 3006 miror,
1150 2930 1316 2995 Iacobium
1350 2931 1465 2995 habuit
1500 2933 1614 2995 erroris
1648 2933 1781 2995 socium.

587 3036 734 3121 Uterque
759 3041 865 3100 tamen
888 3042 1037 3121 potuerat
1058 3035 1165 3122 legere
1189 3035 1274 3120 apud
1299 3033 1457 3102 Oobetum
1482 3057 1514 3121 p.
1541 3035 1621 3101 142:
1647 3033 1786 3102 Consue-

587 3142 671 3206 tudo
702 3140 850 3225 frequens
881 3140 966 3225 apud
986 3142 1127 3217 Atticos,
1153 3140 1348 3224 frequentior
1370 3144 1469 3205 etiam
1493 3140 1578 3225 apud
1601 3143 1785 3205 Atticorum

588 3250 772 3311 imitatores
803 3268 843 3310 ex
866 3246 1072 3330 praecedente
1097 3245 1129 3309 οὐ
1153 3245 1227 3325 γὰρ,
1252 3247 1285 3310 οὐ
1309 3246 1372 3324 νάρ
1396 3245 1450 3323 δή,
1475 3248 1507 3311 οὐ
1533 3249 1596 3325 γὰρ
1619 3245 1714 3320 tineo
1738 3249 1785 3310 ita

589 3351 760 3436 suspendit
783 3373 839 3436 per
861 3354 919 3424 μὲν
942 3356 974 3414 et
996 3350 1026 3413 a
1052 3350 1129 3415 duas
1152 3353 1383 3435 propositiones
1403 3354 1543 3415 aientem
1562 3357 1594 3415 et
1613 3356 1784 3437 negantem

588 3465 629 3523 ut
661 3464 811 3541 appareat
840 3455 908 3521 fieri
941 3477 1004 3520 non
1035 3476 1125 3541 posse
1154 3462 1191 3519 ut
1213 3454 1315 3520 altera
1338 3476 1414 3521 vera
1437 3459 1496 3533 sit,
1521 3456 1621 3521 altera
1644 3478 1707 3522 non
1731 3460 1783 3523 eit.

591 3561 740 3627 Multum
764 3563 841 3626 haec
864 3563 1102 3645 compositionis
1126 3560 1229 3624 forma
1250 3559 1406 3646 Dionysio
1429 3559 1583 3646 placuit.”
1609 3561 1712 3640 Quam
1734 3562 1784 3627 de

590 3671 694 3732 miror
719 3688 788 3731 rem
810 3668 945 3730 minime
969 3666 1137 3730 obscuram
1161 3665 1272 3751 fugere
1297 3668 1457 3748 potuisse,
1481 3686 1546 3729 non
1570 3665 1639 3730 dico
1663 3665 1785 3731 adules-

590 3778 736 3848 centem,
761 3771 816 3835 sed
840 3770 969 3835 doctum
993 3772 1117 3846 virum,
1143 3771 1199 3852 qui
1221 3770 1413 3853 suscepisset
1436 3769 1526 3833 edere
1549 3768 1751 3855 Dionysium.

638 4004 687 4069 111
716 4003 758 4067 10
790 4026 819 4089 p.
846 4002 930 4067 431:
963 4007 1055 4067 τάσα
1085 4002 1328 4079 ἀναιρείσθω
1360 4002 1497 4078 πολέμου
1528 4005 1694 4082 πρόφασις.
1727 4003 1786 4067 Est

587 4113 669 4176 haec
692 4108 787 4174 lectio
810 4105 935 4173 Codicis
959 4107 1141 4185 Urbinatis,
1166 4130 1268 4192 quum
1292 4107 1369 4173 olim
1393 4108 1554 4196 legeretur
1578 4109 1661 4194 quod
1685 4111 1783 4173 etiam

587 4220 625 4281 in
651 4213 801 4280 Chisiano
825 4218 889 4277 est:
915 4213 1135 4292 ἀννρθσθω,
1161 4215 1246 4298 quod
1270 4215 1419 4299 equidem
1443 4214 1544 4292 malo,
1569 4213 1642 4279 coll.
1663 4213 1742 4278 XIII
1764 4211 1784 4277 9

587 4345 621 4407 p.
652 4318 736 4384 428:
761 4318 899 4397 ἀφείσθω
921 4318 956 4392 ee
981 4322 1071 4382 τάσα
1099 4320 1299 4397 ἐγκλήματος
1324 4320 1490 4400 τρθφασις.

636 4553 692 4619 ΙΠ.
719 4552 759 4616 11
792 4550 933 4655 p.439:
968 4552 994 4616 εί
1026 4553 1071 4628 μθ
1103 4554 1138 4618 τθ
1169 4551 1301 4633 ἀνδρεῖον
1326 4552 1518 4632 ἐπερίττευεν
1546 4554 1659 4634 αὐτῇ.
1691 4550 1784 4615 Prae·

587 4661 707 4727 stabit:
733 4661 773 4722 ἓν
796 4660 887 4738 αὐτῇ.

639 4878 685 4943 ΠΙ
712 4876 753 4940 13
777 4898 807 4960 p.
833 4874 908 4941 444.
934 4875 971 4938 In
995 4873 1110 4941 Codice
1133 4875 1287 4940 Urbinate
1312 4883 1344 4939 et
1368 4876 1420 4941 hic
1444 4883 1477 4941 et
1499 4875 1543 4942 IV
1564 4875 1584 4939 4
1609 4898 1639 4961 p.
1663 4873 1729 4939 642
1754 4881 1788 4940 et
