5125 6150
820 792 862 859 36
1164 813 1205 861 nn
1227 812 1434 860 uuosuuorus
1457 810 1645 860 namucum.

819 986 850 1044 st
873 1000 947 1043 cum
970 999 1006 1043 eo
1025 978 1191 1043 historiam
1211 979 1353 1063 Augias,
1373 979 1510 1063 priorem
1527 980 1632 1063 igitur
1650 974 1838 1062 Telegoniae
1856 980 1996 1060 partem,

817 1106 874 1170 per
902 1083 1154 1169 Peloponnesum
1178 1084 1380 1170 divulgatam
1403 1104 1438 1149 ao
1461 1085 1629 1168 praecipue
1651 1081 1925 1146 Mantineensibus
1947 1103 1997 1146 no-

817 1196 885 1255 tam
907 1190 1038 1256 fuisse.''
1061 1190 1109 1255 Ex
1134 1190 1297 1255 Herodoto
1322 1196 1431 1255 autem
1452 1188 1518 1269 (IV,
1546 1188 1623 1266 161)
1647 1210 1720 1254 cum
1743 1197 1892 1273 appareat
1915 1209 1997 1252 com·

817 1299 971 1362 mercium
994 1295 1091 1361 fuisse
1114 1299 1197 1361 inter
1220 1294 1397 1382 Cyrenaeos
1416 1301 1448 1361 et
1468 1295 1717 1372 Mantineeuses,
1737 1294 1837 1359 credit
1855 1314 1888 1358 r.
1902 1294 1933 1358 d.
1953 1296 1997 1357 in-

817 1408 945 1467 ventam
969 1422 1036 1466 esse
1058 1404 1145 1467 viam
1168 1422 1231 1486 qua
1253 1401 1361 1466 fabula
1384 1401 1422 1467 de
1444 1421 1519 1487 rege
1542 1402 1648 1486 Argia
1666 1403 1701 1464 in
1719 1399 1830 1464 urbem
1851 1396 1995 1486 Cyrenen

816 1513 911 1593 atque
933 1507 1006 1573 inde
1027 1510 1060 1573 in
1085 1508 1272 1594 Aegyptum
1296 1506 1448 1572 translata
1470 1508 1577 1571 fuerit.

860 1613 922 1678 Sed
942 1612 1043 1678 multa
1064 1615 1190 1679 obstant
1202 1616 1373 1698 quominus
1384 1614 1459 1678 huic
1472 1614 1742 1699 argumentationi
1754 1610 1849 1676 fidem
1861 1612 1995 1677 habeam

815 1720 972 1805 equidem.
1008 1719 1090 1785 Nam
1125 1720 1208 1805 quod
1244 1719 1354 1785 Ulixes
1388 1721 1575 1805 perhibetur
1608 1718 1648 1783 ad
1681 1717 1901 1803 Trophonium
1936 1721 1995 1783 iter

815 1826 940 1903 fecisse,
964 1828 998 1889 in
1021 1825 1190 1891 Arcadiam
1208 1826 1355 1903 rediisse,
1376 1832 1588 1890 commoratus
1607 1845 1675 1890 esse
1694 1823 1777 1908 apud
1797 1824 1994 1910 Agamedem

816 1930 999 2017 Stymphali
1034 1952 1142 2017 regem
1178 1931 1324 2016 apudque
1356 1932 1496 2018 hugiam
1528 1930 1643 1995 Eleum
1667 1929 1855 1994 -dudum
1887 1932 1996 2015 opinor

815 2040 882 2103 vita
905 2038 1070 2115 functum,
1093 2041 1211 2123 quippe
1234 2040 1326 2102 cuius
1349 2058 1446 2123 gener
1470 2035 1590 2102 Melius
1613 2057 1631 2101 a
1652 2035 1786 2101 Nestore
1810 2036 1992 2099 adolescente

814 2143 997 2209 interfectus
1027 2150 1109 2208 esset
1140 2181 1182 2193 -
1213 2150 1427 2230 provenerunt
1461 2164 1498 2209 ea
1532 2146 1639 2208 omnia
1672 2163 1711 2207 ex
1747 2140 1866 2206 infelici
1902 2144 1995 2206 inter

815 2252 990 2334 pretatione
1024 2248 1129 2314 Procli
1163 2250 1332 2315 vorborum
1372 2249 1456 2315 male
1495 2249 1728 2314 distractorum.
1770 2246 1870 2312 Verba
1910 2250 1994 2312 enim

815 2355 867 2420 ani
891 2354 1041 2435 ξενίζεται
1064 2358 1149 2434 παρὰ
1174 2354 1331 2435 Πολυξένῳ
1355 2355 1441 2434 δῶρον
1463 2379 1498 2419 τε
1520 2355 1681 2434 λαμβάνει
1700 2361 1835 2432 κρατῆρα
1856 2356 1909 2417 καὶ
1930 2352 1992 2417 ἐπὶ

815 2461 942 2539 τούτῳ
966 2462 1015 2525 τὰ
1040 2462 1129 2540 περὶ
1153 2463 1379 2540 Τροφώνιον
1400 2461 1466 2527 καὶ
1487 2461 1723 2537 Ἀγαμήδην
1743 2461 1808 2524 sal
1829 2461 1992 2537 Αὐγέαν

814 2588 979 2651 perperam
1002 2571 1116 2632 vertit:
1142 2567 1274 2644 „Ulixes
1297 2568 1436 2652 hospitio
1459 2565 1615 2654 Polyxeni
1638 2569 1751 2642 utitur,
1776 2571 1930 2630 crateram
1954 2566 1991 2631 ab

814 2695 849 2739 eo
873 2673 953 2738 dono
977 2677 1109 2760 accipit,
1132 2674 1239 2737 oenoe
1262 2681 1438 2758 sequuntur
1462 2672 1541 2749 (scil.
1565 2676 1599 2736 in
1618 2671 1801 2756 Telegonia)
1821 2671 1934 2735 itinera
1953 2673 1993 2735 cd

817 2780 1028 2861 Prophoeions,
1061 2782 1102 2841 od
1135 2780 1338 2860 Apamedens.’'
1370 2778 1558 2865 Significant
1587 2784 1696 2842 autem
1728 2778 1825 2842 verba
1856 2777 1989 2843 tradita:

813 2885 940 2950 Ulixem
960 2888 1113 2969 accepisse
1133 2893 1287 2950 crateram
1307 2886 1339 2948 io
1359 2909 1418 2970 quo
1437 2884 1544 2949 fabula
1564 2884 1601 2949 de
1613 2883 1802 2970 Trophonio,
1815 2883 1989 2969 Agamede,

813 2992 918 3078 Augia
936 2999 1018 3055 esset
1035 2991 1185 3073 insculpto
1201 2989 1240 3070 ¹);
1261 3011 1362 3076 neque
1381 2989 1468 3055 aliud
1489 2989 1662 3076 quidquam
1680 2990 1831 3053 discimus
1849 3010 1867 3053 s
1886 2989 1992 3055 Procli

811 3098 932 3173 verbis,
969 3118 1064 3182 quam
1099 3100 1133 3160 in
1164 3100 1267 3183 priore
1299 3096 1489 3182 Telegoniae
1519 3103 1607 3181 parte
1637 3095 1732 3160 fixisse
1764 3097 1855 3160 haec:
1881 3097 1990 3181 „proci

811 3201 953 3286 sepulcro
985 3201 1173 3278 conduntur,
1205 3201 1359 3267 sacrificat
1382 3200 1492 3265 Ulixes
1514 3201 1691 3285 Nymphis,
1716 3204 1749 3264 in
1772 3198 1899 3265 Elidem
1922 3222 1991 3286 pro

812 3307 962 3372 ficiscitur
984 3308 1022 3372 ad
1044 3314 1186 3372 armenta
1209 3329 1265 3372 sua
1289 3307 1436 3384 visenda,
1457 3308 1594 3391 hospitio
1613 3310 1770 3392 excipitur
1789 3328 1807 3371 s
1825 3305 1988 3393 Polyaeno

809 3434 885 3498 rege
904 3416 958 3497 qui
976 3412 1127 3478 Eleorum
1146 3413 1184 3478 ad
1204 3413 1331 3478 Troiam
1351 3413 1415 3478 dux
1435 3413 1555 3489 fuerat,
1570 3412 1652 3478 dono
1664 3415 1778 3497 accipit
1789 3420 1944 3477 crateram
1956 3414 1989 3477 in

810 3539 872 3604 qua
891 3519 998 3583 fabula
1017 3519 1054 3584 de
1074 3522 1199 3606 Augias
1218 3520 1366 3584 thesauro
1386 3527 1454 3584 erat
1471 3519 1643 3605 insculpta;
1665 3519 1799 3603 denique
1815 3522 1989 3584 revertitur

809 3623 967 3703 Ithacam,
1003 3626 1059 3690 ubi
1092 3624 1231 3690 Tiresiae
1265 3625 1414 3690 mandata
1448 3633 1615 3690 exsecutus
1649 3626 1796 3690 omnibus
1829 3624 1988 3690 caelicolis

809 3730 994 3795 sacrificat.’'
1026 3730 1125 3796 Plura
1148 3731 1295 3816 equidem
1319 3753 1357 3796 ex
1381 3731 1486 3797 Procli
1509 3732 1614 3796 verbis
1637 3731 1757 3797 efficere
1780 3751 1917 3815 nequso;
1941 3731 1989 3797 nil

843 3951 868 4010 1)
893 3953 1012 4015 Nusquam
1035 3951 1059 3998 in
1083 3950 1161 3999 Procli
1184 3951 1299 4016 excerptis
1322 3967 1349 4000 aa
1372 3951 1431 4014 cycli
1448 3950 1508 4016 spici
1525 3951 1668 4000 carminibus
1684 3951 1790 4000 collectis
1808 3947 1862 3999 ieri
1879 3949 1985 4013 redu

806 4031 921 4095 significet
949 4030 1074 4090 .der'ade'';
1099 4030 1223 4089 vocabula,
1249 4031 1334 4096 quibus
1360 4033 1528 4096 grammaticus
1555 4034 1631 4081 utitur
1658 4037 1685 4082 ut
1710 4033 1797 4081 indicet
1821 4032 1985 4083 narrationem

805 4114 928 4179 progredi,
949 4119 1004 4162 aunt
1027 4112 1116 4162 ’ἔπειτα
1137 4114 1172 4162 rel
1197 4113 1239 4162 sai
1260 4116 1327 4174 μετὰ
1351 4118 1435 4163 ταῦτα
1452 4115 1555 4180 (Inspice
1574 4115 1712 4179 Apollodori
1730 4114 1897 4164 bibliothecam
1915 4115 1929 4164 Ι
1947 4115 1985 4167 ad.

806 4197 858 4245 Ric.
881 4197 1010 4259 Wagnerna
1033 4196 1086 4244 inda
1108 4212 1189 4262 apag.
1209 4197 1278 4260 888).
1301 4197 1390 4247 Nullus
1406 4198 1481 4261 igitur
1499 4197 1580 4247 dubito
1597 4198 1654 4261 quin
1671 4197 1703 4246 ait
1721 4197 1861 4246 vertendum
1880 4197 1921 4245 ,ἐι
1937 4215 1985 4262 qas

805 4277 852 4327 init
874 4278 990 4343 insculpta
1010 4276 1095 4326 labella
1111 4276 1180 4336 etc.''‚
1199 4279 1253 4327 licet
1271 4282 1295 4327 et
1311 4295 1354 4343 ego
1372 4295 1415 4345 pro
1433 4276 1475 4327 ieri
1492 4277 1574 4342 τούτῳ
1593 4280 1774 4344 exspectaverim
1793 4277 1825 4327 ir
1843 4277 1928 4341 τούτῳ
1947 4279 1985 4329 rel

806 4352 848 4406 ieri
864 4359 964 4407 τούτου
981 4360 1025 4423 (aie
1041 4359 1181 4417 Dirbnsrna‚
1198 4360 1260 4423 alii).

839 4441 873 4488 rb
891 4439 943 4501 περὶ
961 4439 1114 4503 moeones:
1137 4441 1211 4504 siquis
1230 4442 1292 4490 lorte
1307 4445 1376 4506 neget
1393 4442 1437 4490 tali
1454 4443 1524 4491 modo
1541 4458 1622 4506 graece
1639 4444 1740 4508 exprimi
1758 4460 1824 4508 possa
1844 4443 1985 4494 ‚historiam

805 4521 960 4586 Trophonii',
984 4523 1093 4588 inspiciat
1116 4522 1224 4582 Κυπρίας
1247 4528 1427 4587 argumentum,
1445 4523 1483 4573 nbi
1501 4524 1606 4573 inveniet
1622 4526 1656 4573 ris
1674 4524 1729 4585 περὶ
1745 4522 1861 4573 Οἰδίπουν
1878 4522 1923 4573 καὶ
1938 4523 1985 4582 τὴν

804 4601 952 4663 Ἡρακλέους
969 4604 1056 4662 μανίαν
1073 4602 1115 4652 nai
1131 4605 1165 4652 ris
1183 4603 1237 4664 περὶ
1254 4603 1340 4660 Θησέα
1358 4604 1400 4652 καὶ
1422 4603 1560 4665 Ἀριάδννν;
1579 4607 1595 4654 i.
1605 4622 1625 4655 s.
1645 4606 1760 4655 .hiatoria
1777 4606 1906 4670 Oedipodis
1921 4607 1986 4659 etc.”

837 4685 976 4750 Apollodori
994 4687 1125 4748 fragmenta
1142 4686 1273 4735 Sabbaitica
1291 4693 1315 4735 et
1334 4688 1448 4737 Vaticana
1464 4688 1522 4748 (rid.
1541 4689 1575 4736 sd.
1597 4689 1677 4752 Wagn.
1695 4689 1760 4738 lats
1774 4687 1985 4754 ap.'l'eubnarnm;

805 4766 922 4816 Bicheler
946 4768 1008 4816 idua.
1031 4767 1106 4818 Rheu.
1126 4768 1179 4818 Vol.
1201 4768 1276 4817 XLVI
1301 4786 1323 4834 p.
1344 4771 1482 4830 lot-tta)
1505 4770 1573 4819 annia
1597 4771 1660 4822 1887
1683 4775 1707 4819 et
1727 4772 1790 4821 1881
1807 4771 1912 4829 inventa,
1930 4787 1984 4821 cnm

802 4848 849 4896 iter
875 4850 899 4897 in
925 4849 1015 4898 Elidem
1039 4865 1084 4898 soa
1106 4851 1255 4910 contineant,
1279 4852 1322 4900 hac
1345 4852 1374 4900 ds
1396 4853 1533 4916 quaestione
1556 4852 1591 4901 nil
1609 4868 1651 4901 noa
1667 4854 1750 4901 docere
1766 4856 1875 4917 possunt.
1890 4851 1986 4904 Iniuria

769 4937 774 4948 ¹
803 4929 877 4993 igitur
893 4929 920 4979 E
939 4930 1022 4993 Mayar
1038 4928 1151 4994 <Hermas
1167 4930 1232 4980 XXX
1249 4947 1274 4996 p.
1289 4932 1350 4989 260)
1368 4932 1425 4982 haec
1442 4933 1575 4997 fragmenta
1592 4937 1664 4983 testas
1680 4934 1705 4983 in
1722 4933 1838 4984 indicium
1855 4933 1959 4985 vocarit.
