5125 6150
794 800 861 865 460
1175 818 1218 864 an
1241 817 1468 867 rmsrermms
1491 817 1583 866 aras.

975 983 1025 1049 ἐπὶ
1049 983 1080 1048 cl
1103 981 1164 1062 γάρ
1188 985 1223 1061 μ’
1247 984 1358 1050 ἐκεῖθεν
1383 978 1473 1064 ἦγες

794 1092 861 1158 Sub
884 1091 980 1157 finem
1003 1097 1112 1157 autem
1135 1089 1260 1157 fabulae
1284 1091 1438 1169 „exerere”
1462 1112 1525 1156 non
1548 1089 1723 1156 Salaminia
1741 1090 1876 1177 quidem
1902 1093 1979 1155 cica-

795 1198 904 1264 κύπεεν
928 1200 1086 1276 triremis,
1110 1196 1164 1263 sed
1186 1197 1283 1263 multi
1306 1200 1453 1264 rinitores
1472 1198 1636 1264 confluunt
1655 1201 1688 1263 in
1707 1218 1825 1264 noram
1846 1199 1978 1275 urbem,

796 1304 1063 1393 quemadmodum
1086 1304 1152 1370 fore
1176 1303 1299 1370 dixerat
1322 1326 1433 1391 praeco
1457 1312 1516 1386 (vs.
1542 1304 1659 1387 1305):

976 1408 1076 1489 iffcvc’
1100 1411 1210 1476 ἐκεῖθεν
1233 1410 1316 1490 δεῦρο
1341 1419 1432 1477 πλεῖν
1457 1410 1474 1486 ἢ
1500 1413 1607 1491 μυρίον.

840 1594 924 1660 Satis
946 1599 1032 1660 certa
1054 1593 1135 1658 mihi
1158 1593 1287 1659 ridetur
1310 1614 1390 1679 quae
1408 1594 1567 1679 praecedit
1586 1597 1753 1672 correctio;
1775 1594 1813 1659 de
1831 1597 1978 1680 proxime

796 1724 872 1768 vero
902 1703 1016 1767 vicinis
1038 1701 1181 1766 versibus
1204 1703 1330 1766 nonnisi
1355 1700 1535 1766 dubitanter
1557 1701 1710 1786 quaedam
1734 1700 1891 1787 proferam
1898 1721 1906 1779 ;
1933 1701 1980 1765 sa-

796 1808 890 1875 cilius
920 1809 1005 1873 enim
1036 1807 1153 1872 dixerit
1175 1809 1335 1893 quispiam
1359 1807 1435 1893 quid
1457 1829 1519 1872 non
1543 1811 1702 1894 scripserit
1724 1806 1792 1872 illic
1816 1810 1980 1885 comicus,

795 1936 892 2001 quam
914 1914 991 2000 quid
1014 1916 1184 1999 scripserit.
1209 1911 1325 1979 Versus
1349 1912 1421 1979 volo
1447 1912 1511 1978 149
1524 1934 1609 2000 sqq.:

1324 2029 1454 2086 ΕΠΟΨ.

975 2127 1007 2191 rt
1030 2127 1062 2192 οὐ
1087 2125 1138 2190 τὸν
1159 2127 1279 2192 Ἠλεῖον
1303 2125 1438 2206 Λέπρεον
1461 2123 1604 2206 οἰκίζετον

978 2232 1105 2313 ε’λθδνθ’;

1255 2348 1515 2405 araunium.

1171 2445 1235 2519 icch
1251 2444 1274 2527 ¹)
1298 2447 1331 2519 νὺ
1354 2446 1423 2517 τοὺς
1448 2445 1528 2518 θεοὺς
1553 2437 1583 2518 ὃς
1608 2447 1660 2511 οὐκ
1684 2446 1750 2511 ἰδὼν

976 2551 1189 2630 βδελύττομαι
1211 2553 1263 2617 τὸν
1287 2551 1420 2632 Λέπρεον
1443 2553 1504 2618 cirri
1528 2552 1709 2618 Μελανθίου.
1968 2640 1971 2644 ¹

796 2661 907 2744 Leprei
929 2659 1036 2745 oppidi
1058 2657 1129 2723 Elei
1149 2695 1189 2706 -
1208 2660 1299 2724 cuins
1323 2680 1437 2724 nomen
1459 2659 1525 2724 illis
1548 2661 1639 2725 annis
1663 2659 1796 2725 Athenis
1819 2680 1910 2744 saepe
1929 2666 1980 2725 est

796 2767 944 2832 auditum
968 2804 1010 2815 -
1030 2763 1154 2830 nullam
1176 2764 1273 2830 aliam
1296 2765 1334 2830 ab
1359 2785 1487 2830 causam
1510 2787 1593 2831 nnnc
1617 2765 1652 2830 fit
1675 2769 1794 2830 mentio
1818 2786 1915 2850 quam
1940 2772 1980 2831 nt

796 2872 993 2939 Melanthius
1015 2870 1145 2957 quidam
1168 2871 1258 2936 foedo
1282 2873 1366 2936 cutis
1390 2872 1499 2937 morbo
1522 2871 1669 2943 laborans
1692 2874 1791 2958 possit
1816 2870 1977 2948 vellicari;

795 3002 870 3047 nam
900 2979 1096 3047 scholiorum
1126 2985 1158 3044 et
1188 2978 1363 3043 Pausaniae
1385 3000 1488 3065 nugas
1511 2979 1573 3044 huc
1598 2982 1789 3065 pertinentes
1813 2977 1981 3065 negligere

795 3090 880 3155 licet.
904 3088 966 3154 Sed
989 3088 1160 3153 verborum
1183 3108 1293 3152 sensus
1317 3086 1452 3152 tralucet
1474 3089 1581 3173 potius
1605 3109 1700 3171 qnam
1724 3090 1873 3163 cernitur,
1894 3086 1981 3151 nihil

796 3199 882 3262 enim
909 3199 957 3260 est
979 3190 1019 3265 ὅό.
1046 3194 1243 3279 Quapropter
1264 3192 1446 3258 multorum
1470 3214 1634 3259 assensum
1657 3192 1734 3258 tulit
1758 3194 1865 3258 Bothii
1888 3195 1982 3279 inge-

796 3305 886 3368 niosa
912 3323 985 3367 sane
1009 3304 1188 3366 coniectura
1211 3297 1316 3381 ἕν’(οι),
1340 3321 1419 3385 quae
1442 3301 1515 3365 ferri
1541 3306 1647 3365 tamen
1669 3303 1794 3385 nequit,
1826 3302 1981 3385 quoniam

798 3406 856 3474 ὅσοι
887 3410 918 3473 οὐ
950 3407 1016 3489 (rel
1039 3408 1096 3488 μή)
1119 3406 1277 3493 significat
1299 3406 1360 3470 cici
1383 3408 1462 3492 quod
1483 3429 1541 3470 coa
1567 3406 1663 3485 ...²),
1688 3406 1868 3471 cuiusmodi
1891 3409 1980 3472 notio

797 3516 975 3581 restrictiva
996 3515 1069 3578 hinc
1088 3523 1134 3578 est
1152 3512 1263 3577 aliena.
1288 3511 1461 3577 Infeliciter
1479 3515 1576 3577 etiam
1588 3512 1772 3589 Detracta,
1791 3533 1847 3577 nec
1860 3513 1981 3577 melius

797 3620 946 3686 Meineke
966 3616 1028 3696 ὅτε,
1049 3619 1181 3705 Berghii
1205 3624 1313 3683 autem
1338 3620 1551 3683 coniecturam
1574 3617 1634 3695 ὄρος
1659 3622 1712 3683 οὐκ
1736 3620 1800 3683 ἰδὼν
1822 3621 1827 3700 Ι
1847 3617 1981 3695 βδελύτ-

797 3750 891 3804 τομαι
915 3727 950 3790 τὸ
973 3725 1105 3804 Λέπρεον
1129 3728 1185 3789 vix
1208 3726 1288 3789 serio
1311 3744 1329 3788 a
1355 3722 1412 3787 tali
1434 3727 1502 3789 viro
1526 3726 1721 3810 propositam
1740 3745 1805 3788 esse
1825 3723 1954 3788 dixeris.

842 3831 939 3897 Hisce
961 3833 1064 3917 igitur
1085 3833 1209 3896 reiectis
1232 3829 1368 3895 aliorum
1389 3832 1636 3907 tentaminihus,
1655 3838 1797 3915 superest
1815 3834 1852 3895 ut
1871 3850 1981 3894 meam

798 3938 1048 4024 qualemcunque
1071 3939 1252 4022 opinionem
1274 3938 1441 4022 proferam.
1466 3936 1655 4023 Intellegam
1678 3937 1840 4022 equidem:

977 4042 1009 4107 cl
1031 4044 1063 4107 οὐ
1086 4041 1137 4105 τὸν
1162 4044 1280 4107 Ἠλεῖον
1300 4043 1434 4123 Λέπρεον
1458 4042 1609 4123 οἱκίζετε

978 4147 1146 4227 taddeam
1172 4184 1212 4197 -
1238 4146 1303 4224 ὅτνῆ
1327 4149 1422 4214 κούκ
1446 4147 1533 4213 ἰδὼν
1557 4151 1596 4224 νὴ
1620 4148 1713 4220 τοὺς
1738 4148 1848 4219 θεοὺς

976 4254 1192 4334 βδελύττομαι
1216 4254 1279 4320 xri.

798 4361 860 4448 cni
889 4362 1084 4427 coniecturae
1115 4361 1345 4447 quadamtenus
1376 4361 1463 4426 favet
1492 4360 1575 4446 quod
1605 4363 1638 4423 in
1662 4360 1765 4425 codice
1789 4359 1817 4424 R
1840 4358 1979 4446 aliisque

798 4469 834 4533 ia
856 4467 984 4549 πλήρους
1009 4469 1220 4554 perscriptum
1241 4465 1363 4553 legitur
1387 4465 1517 4531 latiare.

1242 4602 1535 4685 (miscebuntur).

833 4806 859 4864 l)
876 4799 916 4849 tter
934 4801 978 4849 VR
994 4800 1043 4850 alii.
1209 4800 1236 4861 Β)
1253 4797 1307 4848 vid.
1323 4798 1381 4848 Eur.
1398 4796 1451 4864 Iph.
1470 4797 1496 4847 Τ.
1515 4798 1562 4847 ola
1580 4797 1683 4861 Thucyd.
1701 4798 1713 4846 I
1732 4800 1777 4848 111
1796 4799 1828 4847 1v
1849 4800 1879 4848 lu
1896 4803 1940 4849 etc.

1297 4958 1489 4968 ——n—-——
