5125 6150
1134 863 1255 911 ursus.
1722 843 1788 909 379

648 1029 766 1092 Statim
790 1036 861 1112 post
880 1027 1034 1114 leguntur
1054 1032 1202 1111 corrupta
1220 1033 1252 1090 et
1271 1025 1374 1090 lacera
1392 1025 1520 1091 haecce:
1542 1025 1629 1090 daed
1651 1031 1789 1090 πλουτῶν

600 1135 664 1213 γὰρ
696 1134 747 1197 κοέ
779 1132 945 1210 δυνάμενος
976 1140 1039 1204 τοῖς
1070 1133 1212 1211 χρήμασι
1245 1130 1295 1195 xci
1326 1132 1510 1210 βασιλεῦσιν
1534 1129 1711 1209 έξενονμένος
1737 1131 1790 1197 καὶ

599 1240 752 1318 τυράννοις
779 1275 821 1288 -
847 1231 868 1302 t
900 1238 959 1301 νυνὶ
992 1236 1166 1314 κομπάσει,
1200 1236 1404 1312 ἐπιστάμενος
1437 1236 1506 1308 τοὺς
1539 1236 1700 1316 ὑμετέρους
1729 1236 1793 1316 τρέ-

601 1369 678 1415 neoc
710 1383 752 1392 -
786 1346 877 1407 τοέοιν
914 1345 1059 1423 elemosina
1083 1343 1164 1383 *m
1195 1342 1292 1421 τούτῳ
1328 1342 1446 1420 οὶγοιέέν
1482 1343 1687 1420 γένοιντο,
1724 1344 1790 1407 καὶ

603 1450 807 1526 έκιοτοέμενος
843 1451 873 1511 ἐν
908 1451 1011 1527 πολλῷ
1043 1449 1128 1526 σιέλῳ
1164 1447 1216 1510 καὶ
1253 1446 1374 1526 κινδύνῳ
1409 1448 1463 1522 ries
1496 1447 1585 1512 πόλιν
1616 1449 1792 1528 γενομένην,

602 1563 774 1636 ναυκληρῶν
804 1557 856 1619 οὐκ
891 1555 1060 1629 ἐτόλμησεν
1092 1552 1285 1629 tanaceta
1317 1559 1399 1616 σῖτον
1429 1553 1606 1629 electeus
1631 1556 1792 1630 ὦΦελῆοοιι

602 1664 659 1733 τὴν
690 1661 835 1739 ranaldo.
872 1660 988 1725 Multis
1023 1659 1201 1724 multorum
1237 1660 1428 1723 coniecturis
1461 1658 1609 1736 adiutus,
1645 1662 1794 1745 inprimis

602 1767 816 1844 Thalheimii,
849 1769 904 1851 qui
934 1786 1018 1830 unus
1049 1764 1208 1829 intellexit
1238 1764 1291 1828 hic
1324 1786 1407 1841 „non
1441 1764 1478 1829 de
1510 1768 1655 1849 pristinis
1678 1766 1731 1831 sed
1755 1766 1792 1830 de

601 1875 722 1938 futuris
754 1873 883 1937 tributis
914 1870 1063 1957 qnaeri,”
1096 1876 1202 1934 totum
1233 1868 1343 1934 locum
1370 1873 1415 1934 sic
1439 1873 1679 1936 constituerim:
1704 1873 1792 1936 ἄλλοι

600 1981 741 2043 πλουτῶν
757 1978 820 2057 γὰρ
835 2015 867 2026 -
881 2015 912 2025 -
926 2015 960 2025 -
974 1977 1025 2040 nal
1043 1976 1228 2053 βασιλεῦσιν
1240 1973 1418 2051 ἐξενωμένος
1433 1976 1484 2039 κιο)
1499 1977 1649 2055 τυράννοις
1664 2015 1698 2025 -
1709 2015 1743 2025 -
1755 2015 1786 2026 -

602 2084 694 2148 τοέοον
718 2082 864 2162 εἰσφορὰν
886 2081 1090 2162 <nicolaos
1114 2083 1192 2145 aaa·
1219 2078 1258 2155 ἧς
1283 2080 1328 2145 ἂν
1349 2086 1563 2163 τοιοῦτον)
1587 2085 1692 2163 οιύτῷ
1714 2087 1795 2163 dya-

602 2191 650 2254 etv
680 2188 821 2265 γένοιτο;
859 2185 937 2269 34¹)
966 2185 1173 2263 έτιοτοέμενος
1205 2187 1234 2249 έν
1266 2187 1373 2266 πολλῷ
1406 2187 1492 2265 σιέλῳ
1525 2189 1576 2252 κοιὶ
1609 2187 1732 2268 κινδύνῳ
1762 2214 1792 2253 τ.

603 2294 692 2359 πόλιν
720 2295 896 2372 γενομένην,
929 2299 1103 2372 νοιυκλκρῶν
1134 2292 1187 2356 οὐκ
1220 2291 1390 2368 έτέλμκοεν
1421 2294 1478 2364 εἷς
1511 2298 1684 2369 narraret
1711 2302 1794 2357 σῖτον
1892 2316 1895 2324 ·

603 2403 846 2478 streperas
872 2403 1032 2478 ὠφελῆσαι
1056 2399 1111 2470 τὴν
1135 2397 1281 2476 ποοτρέδοι.
1307 2397 1518 2483 Singulorum
1539 2401 1706 2464 conamina
1725 2421 1794 2484 per·

606 2510 735 2592 scripsit
766 2507 878 2583 editor,
909 2527 926 2570 e
957 2506 1074 2590 quibus
1104 2505 1285 2580 εέοοογονὼν
1314 2506 1348 2567 in
1372 2501 1397 2569 Ο
1421 2510 1487 2580 est,
1511 2499 1542 2575 ές
1565 2525 1622 2589 pro
1647 2496 1700 2568 sal
1723 2510 1795 2589 post

604 2612 775 2677 Reiskium
798 2610 994 2676 Franckenio
1017 2610 1159 2685 debetur,
1183 2609 1237 2673 sed
1261 2615 1436 2692 utrumque
1456 2605 1502 2687 (ta
1523 2609 1590 2690 καὶ)
1609 2612 1793 2695 requirenti.

603 2719 692 2803 Ipse,
724 2724 947 2802 praeterquam
975 2714 1059 2800 quod
1081 2716 1178 2779 verba
1201 2713 1378 2799 supplenda
1401 2713 1510 2798 paullo
1534 2714 1628 2779 aliter
1651 2715 1795 2780 ordinavi

605 2843 702 2907 quam
734 2828 876 2886 suaserat
907 2821 1019 2898 editor,
1052 2841 1107 2904 pro
1138 2840 1215 2885 voce
1245 2818 1384 2897 ἐπαρθεὶς
1417 2822 1485 2883 sine
1508 2819 1604 2885 dubio
1628 2826 1793 2906 corrupta,

604 2949 700 3012 quam
737 2927 795 2992 alii
829 2926 923 2991 aliter
957 2925 1009 2991 vel
1044 2931 1253 2990 mutaverunt
1288 2925 1340 2991 vel
1371 2924 1619 3011 suppleverunt,
1654 2926 1726 2990 dedi
1751 2963 1793 2973 -

606 3032 758 3097 audacius
789 3053 864 3097 saue
890 3069 928 3080 -
956 3033 1000 3104 εἷς
1031 3035 1177 3110 Πειραιᾶ,
1207 3053 1268 3096 non
1301 3030 1433 3096 daturus
1464 3031 1527 3095 nisi
1557 3034 1590 3096 in
1615 3037 1793 3097 ceterorum

603 3141 764 3223 participii
787 3140 855 3203 aive
878 3138 1111 3223 supplementis
1134 3141 1201 3203 sive
1224 3138 1459 3202 mutationibus
1484 3145 1539 3202 aut
1563 3158 1795 3223 supervacanea

603 3250 654 3323 (ut
677 3243 913 3308 Westermanni
936 3246 1092 3324 οὶτοροῦοι)
1115 3249 1172 3307 aut
1195 3263 1213 3307 a
1236 3243 1299 3307 loci
1322 3246 1479 3307 sententia
1503 3242 1605 3308 aliena
1625 3249 1677 3321 (nt
1696 3244 1792 3319 <ectr

603 3348 730 3428 κέρδει)
755 3350 893 3427 ἐπαρθεὶς
928 3349 1051 3413 Reiskii
1082 3356 1114 3413 et
1138 3349 1358 3428 Herwerdeni)
1382 3348 1669 3433 deprehendissem.
1704 3350 1794 3415 Unus

602 3455 770 3520 Scheibius
792 3458 825 3518 in
848 3455 985 3533 έτοροεις
1005 3455 1244 3519 substantivum
1265 3454 1328 3534 (ἐπὶ
1351 3455 1476 3534 προέσει)
1494 3454 1594 3519 latere
1613 3458 1794 3540 suspicatus

603 3566 669 3636 est,
702 3558 756 3623 sed
788 3560 871 3643 qnod
902 3562 1068 3645 proposuit
1098 3565 1130 3624 et
1157 3562 1264 3644 ipsum
1290 3559 1329 3623 ad
1352 3542 1545 3625 sententiam
1568 3561 1650 3625 nihil
1674 3563 1794 3626 confert

603 3666 734 3750 proprii.
759 3662 878 3730 Contra
901 3665 986 3749 quod
1010 3665 1127 3730 suadeo
1147 3666 1188 3737 εἷς
1210 3672 1340 3744 Πειραιοῖ
1363 3667 1496 3730 minime
1516 3672 1564 3731 est
1582 3667 1791 3752 superfluum,

603 3791 677 3834 cum
698 3769 735 3833 de
754 3770 916 3835 frumento
937 3769 1071 3835 Samum
1090 3772 1334 3835 subministrato
1353 3770 1443 3835 nulla
1462 3775 1677 3837 controversia
1695 3777 1793 3848 esset,

604 3879 637 3939 in
675 3875 825 3939 Piraeum
860 3897 985 3961 quoque
1020 3882 1057 3940 ut
1091 3898 1109 3940 a
1142 3875 1250 3963 Cypro
1281 3880 1406 3942 venirat
1436 3899 1468 3943 se
1500 3884 1663 3942 auctorem
1694 3879 1793 3942 fuisse

605 3983 673 4065 ipse
705 3980 877 4045 affirmaret
908 3981 974 4058 (Or.
1000 3981 1020 4045 2
1052 3981 1132 4064 §20
1152 3987 1262 4067 seqq),
1296 3985 1421 4048 inimici
1452 4003 1582 4068 negasse
1615 3982 1792 4048 videantur.

604 4085 745 4150 Tandem
770 4086 829 4150 hoc
853 4108 977 4171 quoque
1001 4088 1237 4152 observandum
1260 4088 1399 4166 videtur,
1420 4090 1527 4152 minus
1547 4094 1631 4153 recte
1651 4090 1795 4154 Herwer

603 4192 722 4255 denum
743 4189 947 4257 Halbertsma
965 4198 1093 4256 auctore
1112 4196 1305 4277 expunxisse
1324 4199 1396 4278 post
1416 4195 1445 4256 ἐν
1466 4195 1571 4274 πολλῷ
1591 4193 1677 4274 σιέλῳ
1696 4195 1794 4260 verba

604 4297 670 4379 [κοῒ
702 4295 847 4380 arettae}
880 4296 989 4375 credo,
1022 4318 1061 4362 ne
1092 4319 1155 4363 rox
1184 4299 1323 4384 figurata
1352 4306 1385 4364 et
1408 4301 1535 4384 propria
1558 4299 1793 4385 copularentur.

638 4557 665 4619 1)
688 4556 737 4612 Ὃς
760 4571 820 4604 nnus
843 4556 1001 4604 recentiorum
1024 4554 1143 4603 editorum
1168 4554 1344 4603 Herwardenns
1360 4555 1433 4604 dedit.
1450 4556 1598 4605 Franckcnio
1614 4554 1642 4613 tc
1658 4556 1701 4605 κοιῐ
1717 4556 1794 4620 requi·

602 4620 665 4687 renti
691 4637 857 4702 apposuerim,
884 4637 926 4685 sat
951 4652 995 4701 pro
1022 4637 1108 4696 καίπερ
1134 4651 1218 4699 prosae
1244 4636 1338 4684 Atticae
1362 4652 1409 4685 non
1433 4637 1518 4686 videri.
1535 4636 1582 4695 “Oc
1605 4637 1630 4687 in
1649 4637 1670 4686 X
1687 4638 1793 4702 elapsum

601 4719 824 4784 lexicographornm
842 4735 913 4783 opere
933 4720 1071 4767 restitutum
1089 4733 1138 4766 esse
1155 4721 1198 4766 Or.
1216 4717 1263 4765 Vll
1281 4720 1343 4779 510,
1359 4734 1430 4783 snpra
1448 4717 1597 4769 observatum
1615 4724 1657 4769 est.
1674 4720 1795 4769 Similiter

603 4801 669 4849 deest
687 4804 731 4850 Or.
750 4800 806 4849 xlv
824 4803 889 4864 §³0;
909 4802 952 4851 XX
970 4803 1015 4859 2&
1034 4799 1113 4850 XXVI
1128 4801 1193 4861 912,
1210 4800 1314 4849 conferri
1329 4800 1400 4850 etism
1415 4805 1494 4866 potest
1508 4804 1549 4850 Or.
1566 4801 1638 4851 xvu
1652 4804 1696 4864 52,
1714 4802 1754 4853 ubi
1768 4805 1793 4854 in

607 4879 720 4931 δανεῖσαι
743 4883 797 4931 nai
819 4877 851 4930 ὂν
873 4893 930 4931 κτλ.
948 4884 991 4942 (sic
1006 4883 1037 4943 ll)
1055 4883 1172 4931 sententia
1189 4881 1310 4945 flagitante
1327 4883 1438 4947 copulam
1456 4900 1468 4932 c
1483 4884 1646 4948 dittngrnplria
1663 4891 1740 4934 ortam
1758 4902 1795 4935 cr·

604 4969 741 5029 punxerunt
758 4966 867 5013 certatim
884 4966 996 5013 editore.
