5125 6150
1062 843 1205 890 1111111111
1229 841 1345 889 noane.
1755 821 1797 886 67

604 1007 725 1072 multas
755 1007 898 1086 fabulas,
931 1028 1011 1093 quae
1042 1028 1060 1072 a
1092 1010 1199 1072 nautis
1229 1010 1263 1071 in
1296 1010 1400 1092 patria
1423 1006 1606 1071 venditatae
1630 1005 1800 1070 effecerunt

604 1119 641 1177 ut
673 1112 801 1179 Oolcbis
832 1135 906 1178 mox
940 1112 1052 1177 Oriens
1084 1116 1152 1197 ipse
1176 1115 1412 1177 aestimaretur.
1436 1112 1560 1176 Nomen
1584 1109 1801 1196 1100118111-

604 1218 720 1282 dorum
737 1220 769 1281 in
789 1215 923 1283 Caucasi
941 1217 1034 1282 litore
1052 1218 1268 1281 habitantium
1288 1239 1362 1282 curn
1382 1215 1536 1280 Indorum
1555 1215 1612 1280 illo
1632 1216 1799 1280 confusum

604 1324 664 1387 hac
687 1325 721 1386 in
746 1344 779 1387 re
802 1344 863 1388 non
888 1345 945 1408 pro
969 1322 1072 1387 nihilo
1096 1324 1195 1388 fuisse
1219 1325 1372 1408 suspicor.

648 1429 766 1493 Ae'e'tae
797 1435 906 1493 autem
937 1428 1066 1494 sedibus
1094 1428 1134 1493 ad
1158 1428 1330 1494 Phasidem
1356 1427 1537 1504 translatis,
1562 1426 1668 1493 vellus
1690 1429 1800 1513 ipsum

604 1556 740 1600 aureum
771 1536 904 1620 posthac
934 1539 967 1600 in
999 1534 1126 1601 Colchis
1150 1542 1219 1600 erat
1242 1534 1469 1620 quaerendum.
1494 1534 1572 1600 8111
1595 1556 1671 1600 vero
1696 1540 1800 1610 aetas,

605 1648 644 1705 ut
674 1640 841 1718 hodierna,
874 1641 999 1707 fabulae
1031 1644 1189 1728 originem
1221 1663 1410 1728 cognoscere
1441 1645 1572 1727 cupiens
1604 1662 1740 1717 necnon,
1764 1645 1802 1703 nt

605 1746 751 1811 hodierni
786 1747 948 1825 homines,
985 1746 1024 1810 ad
1059 1745 1288 1833 explicationes
1322 1746 1491 1812 rationales
1526 1767 1697 1833 propensa,
1733 1742 1803 1810 Col·

604 1853 708 1917 chidis
739 1855 880 1938 regionis
912 1853 1039 1916 divitiae
1071 1853 1225 1939 mythnm
1249 1855 1410 1938 peperisse
1434 1853 1580 1937 putabat.
1604 1850 1681 1916 lude
1705 1849 1803 1914 verba

605 1957 770 2022 Strabonis
793 1958 851 2034 XI,
877 1958 938 2022 45:
966 1959 1016 2022 καὶ
1043 1959 1057 2022 ό
1083 1963 1216 2030 πλοῦτος
1236 1966 1292 2032 τῆς
1314 1961 1378 2022 ἐκεῖ
1394 1959 1496 2037 χώρας
1520 1958 1632 2022 ἐκτῶν
1652 1957 1802 2037 χρυσείων

606 2063 659 2126 καί
685 2065 850 2141 οὶργυρείων
875 2064 926 2127 καὶ
953 2064 1104 2142 σιδηρείων
1128 2063 1250 2128 δικαίαν
1273 2063 1343 2127 τινὰ
1365 2063 1549 2141 ὑπαγορεύει
1571 2063 1727 2143 τρόΦασιν
1746 2069 1801 2136 τῆς

607 2169 775 2246 στρατείας
807 2175 862 2248 (11.
887 2168 1036 2248 Iasonis);
1067 2169 1141 2234 inde
1164 2168 1220 2234 illa
1244 2170 1384 2254 Appiani
1408 2167 1570 2247 (Mithrid.
1597 2168 1694 2249 103):
1728 2191 1802 2248 χρυ·

607 2280 767 2354 σοφσροῖισι
793 2273 818 2338 δ’
843 2277 877 2338 ἐκ
902 2280 955 2338 τοῦ
979 2276 1145 2339 Καυκάσου
1169 2277 1286 2338 πολλαὶ
1312 2275 1413 2352 σκγα1
1437 2282 1558 2354 ψῆγμα
1583 2273 1723 2352 ἀφανές·
1749 2273 1801 2336 καί

607 2382 633 2445 el
666 2381 807 2459 περίοικοι
817 2430 825 2459 ,
858 2379 951 2463 κῴδια
981 2383 1112 2453 τιόέντες
1146 2382 1176 2452 ε’ς
1210 2384 1243 2445 τὸ
1273 2385 1375 2461 ῥεῦμα
1398 2380 1598 2459 βαθύμαλλον
1622 2383 1656 2446 τὸ
1680 2386 1802 2457 ψῆγμα

609 2487 802 2566 ἐνισχόμενον
834 2489 939 2555 αὐτοῖς
964 2487 1135 2564 ἐκλέγουσι.
1167 2487 1220 2551 καί
1245 2491 1378 2552 τοιοῦτον
1404 2484 1436 2560 ἦν
1461 2487 1531 2556 ίσως
1556 2485 1608 2550 καὶ
1632 2488 1667 2550 τδ
1691 2484 1803 2565 χρυσό-

608 2607 731 2669 μαλλον
764 2594 876 2666 Αἰήτου
909 2592 1005 2670 δέρας.
1044 2593 1167 2678 Nempe
1197 2595 1381 2659 nesciebant
1410 2594 1486 2658 boni
1517 2595 1598 2668 viri,
1630 2589 1682 2656 vel
1713 2595 1804 2654 erant

607 2697 719 2775 obliti,
750 2697 854 2764 vellus
885 2719 1019 2763 aureum
1049 2701 1143 2765 initio
1171 2721 1234 2763 non
1265 2699 1351 2784 apud
1384 2697 1564 2765 Caucasum
1587 2699 1725 2762 iacuisse
1748 2695 1802 2760 sed

606 2827 670 2889 quo
694 2805 763 2870 loco
784 2826 859 2891 prae
882 2808 995 2870 ceteris
1017 2804 1092 2871 solis
1116 2826 1232 2870 aurum
1256 2808 1339 2869 mari
1361 2807 1544 2890 inspersum
1569 2811 1656 2881 erat,
1678 2805 1748 2887 ipso
1767 2803 1803 2865 111

608 2908 754 2989 Oriente,
780 2910 809 2972 ἕν
834 2910 964 2991 όαλόμιρ
990 2912 1131 2977 Ἠελίοιο.

1060 3426 1103 3472 ΔΙ)
1126 3424 1352 3474 Pharnaceon.

652 3620 730 3706 Lyc.
763 3619 805 3683 12
836 3619 957 3699 (81111).
989 3619 1024 3684 81
1054 3622 1126 3705 quis
1150 3619 1189 3684 ad
1214 3619 1354 3704 phiditia
1377 3618 1507 3682 admitti
1532 3617 1623 3695 vult,
1649 3617 1801 3682 convivae

607 3727 645 3791 de
666 3729 766 3791 00111
787 3729 977 3790 sententiam
999 3727 1105 3790 ferunt
1124 3731 1162 3789 nt
1182 3724 1432 3801 ἀπομαγδαλιὰς
1453 3726 1487 3787 in
1505 3744 1618 3788 urnam
1633 3725 1801 3788 coniciant.

607 3832 695 3897 Haec
727 3835 909 3917 perspicua,
942 3831 996 3896 aed
1028 3853 1085 3896 cur
1115 3852 1218 3894 cerum
1248 3822 1342 3893 ι’όόαια
1364 3852 1470 3893 arnam
1493 3831 1592 3911 010111
1608 3834 1711 3909 portet
1735 3830 1800 3905 (τοῦ

607 3938 743 4002 διακόνου
762 3942 906 4016 Φέροντος
926 3940 1057 4016 ἀγγεῖον
1065 3938 1114 4001 ἐπὶ
1129 3944 1186 4009 τῆς
1199 3943 1359 4015 κεφαλῆς)
1371 3957 1433 4000 non
1444 3935 1603 4021 intelligo.
1625 3934 1801 4017 Scripsitne

607 4042 817 4108 Plutarchus:
851 4043 959 4121 λαβὼν
989 4049 1047 4107 τῶν
1074 4044 1223 4108 συσσίτων
1248 4038 1381 4112 ἕκαστος
1403 4040 1655 4120 ότομαγδαλιιὶν
1679 4041 1720 4108 cic
1746 4040 1802 4110 rire

607 4156 719 4227 χεῖρα,
743 4154 796 4211 τοῦ
821 4148 959 4212 διακόνου
982 4147 1123 4225 Φέροντσς
1149 4152 1293 4226 ἀγγεῖον,
1319 4147 1413 4224 ὑπὲρ
1438 4155 1492 4222 τῆς
1515 4152 1658 4225 κεφαλῆς
1678 4142 1801 4219 ἔβαλλε

608 4264 707 4333 σιυτῇ
732 4255 869 4332 καόοὶτερ
893 4251 1021 4334 dimovi
1044 4256 1115 4320 Non
1135 4254 1241 4320 solum
1262 4252 1409 4331 silentio,
1429 4255 1564 4318 verbum
1583 4275 1645 4317 non
1665 4250 1801 4328 addens,

606 4380 697 4423 suam
723 4363 857 4445 quisque
880 4359 1131 4437 ἀτοααγδαλιόιν
1154 4364 1189 4425 11
1213 4381 1328 4425 urnam
1350 4360 1540 4435 conioiebat,
1562 4357 1734 4422 sedetiam
1756 4358 1801 4417 sic

605 4473 644 4529 ut
674 4469 770 4530 ceteri
802 4466 911 4532 videre
943 4490 1005 4531 non
1027 4472 1158 4553 possent
1182 4473 1304 4532 essetne
1328 4465 1519 4540 σετιεσαίνκ
1544 4469 1597 4543 (=
1619 4461 1802 4539 τετρημένα)

606 4592 646 4635 an
665 4592 737 4635 non.
762 4571 961 4657 Praepositio
982 4574 1055 4650 ὑτόρ
1075 4578 1108 4637 01
1126 4572 1204 4638 alibi
1223 4575 1269 4637 sic
1290 4571 1460 4637 adhibetur
1482 4575 1514 4634 et
1537 4572 1571 4633 in
1594 4568 1801 4651 inscriptione

606 4675 692 4760 apud
723 4675 896 4742 Roehlium
927 4676 1014 4744 IGA.
1048 4676 1134 4744 370:
1167 4678 1274 4756 Βύβυν
1305 4676 1413 4757 striga
1444 4676 1523 4755 χειρὶ
1556 4673 1628 4751 ὑπὲρ
1652 4674 1800 4746 κεφαλᾶς

607 4781 795 4860 ὑπερέβαλε.
1580 4777 1610 4845 J.
1634 4778 1663 4845 J.
1688 4777 1731 4843 H.
