<?xml version="1.0" encoding="UTF-8"?>
<!DOCTYPE html PUBLIC "-//W3C//DTD XHTML 1.0 Transitional//EN"
    "http://www.w3.org/TR/xhtml1/DTD/xhtml1-transitional.dtd">
<html xmlns="http://www.w3.org/1999/xhtml" xml:lang="en" lang="en">
 <head>
  <title>
</title>
<meta http-equiv="Content-Type" content="text/html;charset=utf-8" />
  <meta name='ocr-system' content='tesseract 3.04.00' />
  <meta name='ocr-capabilities' content='ocr_page ocr_carea ocr_par ocr_line ocrx_word'/>
</head>
<body>
  <div class='ocr_page' id='page_1' title='image "./mnemosyne04verdgoog_0008.png"; bbox 0 0 5125 6150; ppageno 0'>
   <div class='ocr_carea' id='block_1_1' title="bbox 939 1392 1640 1484">
    <p class='ocr_par' dir='ltr' id='par_1_1' title="bbox 939 1392 1640 1484">
     <span class='ocr_line' id='line_1_1' title="bbox 939 1392 1640 1484; baseline 0 -3"><span class='ocrx_word' id='word_1_1' title='bbox 939 1392 1365 1484; x_wconf 75' lang='lat' dir='ltr'>oasaavlrloaas</span> <span class='ocrx_word' id='word_1_2' title='bbox 1395 1393 1640 1484; x_wconf 73' lang='lat' dir='ltr'>cardicas</span> 
     </span>
    </p>
   </div>
   <div class='ocr_carea' id='block_1_2' title="bbox 1261 1587 1302 1633">
    <p class='ocr_par' dir='ltr' id='par_1_2' title="bbox 1261 1587 1302 1633">
     <span class='ocr_line' id='line_1_2' title="bbox 1261 1587 1302 1633; baseline -0.024 0"><span class='ocrx_word' id='word_1_3' title='bbox 1261 1587 1302 1633; x_wconf 76' lang='lat' dir='ltr'>An</span> 
     </span>
    </p>
   </div>
   <div class='ocr_carea' id='block_1_3' title="bbox 1099 1741 1463 1833">
    <p class='ocr_par' dir='ltr' id='par_1_3' title="bbox 1099 1741 1463 1833">
     <span class='ocr_line' id='line_1_3' title="bbox 1099 1741 1463 1833; baseline -0.005 -2"><span class='ocrx_word' id='word_1_4' title='bbox 1099 1741 1463 1833; x_wconf 83' lang='lat' dir='ltr'><strong>LUOIANUM.</strong></span> 
     </span>
    </p>
   </div>
   <div class='ocr_carea' id='block_1_4' title="bbox 1224 1963 1347 2005">
    <p class='ocr_par' dir='ltr' id='par_1_4' title="bbox 1224 1963 1347 2005">
     <span class='ocr_line' id='line_1_4' title="bbox 1224 1963 1347 2005; baseline -0.016 0"><span class='ocrx_word' id='word_1_5' title='bbox 1224 1963 1347 2005; x_wconf 67' lang='lat' dir='ltr'>sompsrr</span> 
     </span>
    </p>
   </div>
   <div class='ocr_carea' id='block_1_5' title="bbox 1145 2133 1417 2198">
    <p class='ocr_par' dir='ltr' id='par_1_5' title="bbox 1145 2133 1417 2198">
     <span class='ocr_line' id='line_1_5' title="bbox 1145 2133 1417 2198; baseline 0 0"><span class='ocrx_word' id='word_1_6' title='bbox 1145 2134 1176 2198; x_wconf 85' lang='lat' dir='ltr'>S.</span> <span class='ocrx_word' id='word_1_7' title='bbox 1202 2135 1239 2198; x_wconf 78' lang='lat' dir='ltr'>A.</span> <span class='ocrx_word' id='word_1_8' title='bbox 1264 2133 1417 2198; x_wconf 79' lang='lat' dir='ltr'>Naana.</span> 
     </span>
    </p>
   </div>
   <div class='ocr_carea' id='block_1_6' title="bbox 1207 2406 1364 2447">
    <p class='ocr_par' dir='ltr' id='par_1_6' title="bbox 1207 2406 1364 2447">
     <span class='ocr_line' id='line_1_6' title="bbox 1207 2406 1364 2447; baseline 0 0"><span class='ocrx_word' id='word_1_9' title='bbox 1207 2406 1364 2447; x_wconf 40' lang='lat'>*4*-</span> 
     </span>
    </p>
   </div>
   <div class='ocr_carea' id='block_1_7' title="bbox 682 2651 1877 3059">
    <p class='ocr_par' dir='ltr' id='par_1_7' title="bbox 682 2651 1877 3059">
     <span class='ocr_line' id='line_1_7' title="bbox 735 2651 1874 2740; baseline 0.002 -22"><span class='ocrx_word' id='word_1_10' title='bbox 735 2651 851 2719; x_wconf 84' lang='lat' dir='ltr'>Studia</span> <span class='ocrx_word' id='word_1_11' title='bbox 875 2673 946 2717; x_wconf 91' lang='lat' dir='ltr'>mea</span> <span class='ocrx_word' id='word_1_12' title='bbox 971 2652 1126 2717; x_wconf 87' lang='lat' dir='ltr'>Lucisnea</span> <span class='ocrx_word' id='word_1_13' title='bbox 1146 2673 1200 2737; x_wconf 92' lang='lat' dir='ltr'>per</span> <span class='ocrx_word' id='word_1_14' title='bbox 1220 2651 1399 2718; x_wconf 89' lang='lat' dir='ltr'>multorum</span> <span class='ocrx_word' id='word_1_15' title='bbox 1420 2673 1574 2719; x_wconf 89' lang='lat' dir='ltr'>annorum</span> <span class='ocrx_word' id='word_1_16' title='bbox 1595 2653 1764 2719; x_wconf 89' lang='lat' dir='ltr'>decursum</span> <span class='ocrx_word' id='word_1_17' title='bbox 1783 2675 1874 2740; x_wconf 89' lang='lat' dir='ltr'>saepe</span> 
     </span>
     <span class='ocr_line' id='line_1_8' title="bbox 682 2758 1876 2847; baseline 0.002 -22"><span class='ocrx_word' id='word_1_18' title='bbox 682 2761 889 2836; x_wconf 79' lang='lat' dir='ltr'>intermissa,</span> <span class='ocrx_word' id='word_1_19' title='bbox 920 2779 976 2823; x_wconf 90' lang='lat' dir='ltr'>nec</span> <span class='ocrx_word' id='word_1_20' title='bbox 1000 2765 1107 2824; x_wconf 80' lang='lat' dir='ltr'>tamen</span> <span class='ocrx_word' id='word_1_21' title='bbox 1130 2779 1282 2843; x_wconf 89' lang='lat' dir='ltr'>nmquam</span> <span class='ocrx_word' id='word_1_22' title='bbox 1308 2779 1434 2844; x_wconf 90' lang='lat' dir='ltr'>prorsus</span> <span class='ocrx_word' id='word_1_23' title='bbox 1459 2758 1620 2847; x_wconf 87' lang='lat' dir='ltr'>neglecte,</span> <span class='ocrx_word' id='word_1_24' title='bbox 1645 2782 1727 2826; x_wconf 91' lang='lat' dir='ltr'>nunc</span> <span class='ocrx_word' id='word_1_25' title='bbox 1750 2782 1876 2828; x_wconf 88' lang='lat' dir='ltr'>resumo</span> 
     </span>
     <span class='ocr_line' id='line_1_9' title="bbox 685 2864 1877 2953; baseline -0.001 -20"><span class='ocrx_word' id='word_1_26' title='bbox 685 2874 723 2933; x_wconf 88' lang='grc'>11</span> <span class='ocrx_word' id='word_1_27' title='bbox 756 2865 870 2932; x_wconf 84' lang='lat' dir='ltr'>videbo</span> <span class='ocrx_word' id='word_1_28' title='bbox 901 2866 1058 2951; x_wconf 90' lang='lat' dir='ltr'>numquid</span> <span class='ocrx_word' id='word_1_29' title='bbox 1081 2867 1115 2929; x_wconf 92' lang='lat' dir='ltr'>in</span> <span class='ocrx_word' id='word_1_30' title='bbox 1138 2868 1218 2930; x_wconf 93' lang='lat' dir='ltr'>meis</span> <span class='ocrx_word' id='word_1_31' title='bbox 1242 2864 1509 2931; x_wconf 79' lang='lat' dir='ltr'>commentariolis</span> <span class='ocrx_word' id='word_1_32' title='bbox 1531 2868 1609 2931; x_wconf 86' lang='lat' dir='ltr'>insit</span> <span class='ocrx_word' id='word_1_33' title='bbox 1631 2889 1692 2933; x_wconf 93' lang='lat' dir='ltr'>non</span> <span class='ocrx_word' id='word_1_34' title='bbox 1716 2867 1808 2953; x_wconf 91' lang='lat' dir='ltr'>plane</span> <span class='ocrx_word' id='word_1_35' title='bbox 1831 2871 1877 2933; x_wconf 92' lang='lat' dir='ltr'>in-</span> 
     </span>
     <span class='ocr_line' id='line_1_10' title="bbox 688 2971 1566 3059; baseline 0 -23"><span class='ocrx_word' id='word_1_36' title='bbox 688 2973 830 3058; x_wconf 87' lang='lat' dir='ltr'>dignum</span> <span class='ocrx_word' id='word_1_37' title='bbox 855 2973 940 3057; x_wconf 90' lang='lat' dir='ltr'>qnod</span> <span class='ocrx_word' id='word_1_38' title='bbox 962 2971 1188 3058; x_wconf 86' lang='lat' dir='ltr'>Mnemosynes</span> <span class='ocrx_word' id='word_1_39' title='bbox 1212 2971 1343 3037; x_wconf 89' lang='lat' dir='ltr'>lectores</span> <span class='ocrx_word' id='word_1_40' title='bbox 1366 2979 1566 3059; x_wconf 81' lang='lat' dir='ltr'>cognoscant.</span> 
     </span>
    </p>
   </div>
   <div class='ocr_carea' id='block_1_8' title="bbox 737 3077 1875 3168">
    <p class='ocr_par' dir='ltr' id='par_1_8' title="bbox 737 3077 1875 3168">
     <span class='ocr_line' id='line_1_11' title="bbox 737 3077 1875 3168; baseline 0.003 -24"><span class='ocrx_word' id='word_1_41' title='bbox 737 3077 800 3144; x_wconf 89' lang='lat' dir='ltr'>Hic</span> <span class='ocrx_word' id='word_1_42' title='bbox 834 3081 980 3144; x_wconf 90' lang='lat' dir='ltr'>omnium</span> <span class='ocrx_word' id='word_1_43' title='bbox 1014 3082 1155 3163; x_wconf 89' lang='lat' dir='ltr'>primum</span> <span class='ocrx_word' id='word_1_44' title='bbox 1191 3085 1262 3144; x_wconf 87' lang='lat' dir='ltr'>ante</span> <span class='ocrx_word' id='word_1_45' title='bbox 1295 3078 1402 3145; x_wconf 89' lang='lat' dir='ltr'>oculos</span> <span class='ocrx_word' id='word_1_46' title='bbox 1433 3100 1520 3146; x_wconf 91' lang='lat' dir='ltr'>meos</span> <span class='ocrx_word' id='word_1_47' title='bbox 1552 3080 1736 3145; x_wconf 90' lang='lat' dir='ltr'>obversatur</span> <span class='ocrx_word' id='word_1_48' title='bbox 1766 3084 1875 3168; x_wconf 81' lang='lat' dir='ltr'>imago</span> 
     </span>
    </p>
   </div>
   <div class='ocr_carea' id='block_1_9' title="bbox 687 3185 1881 5047">
    <p class='ocr_par' dir='ltr' id='par_1_9' title="bbox 687 3185 1881 5047">
     <span class='ocr_line' id='line_1_12' title="bbox 688 3185 1877 3272; baseline 0.002 -20"><span class='ocrx_word' id='word_1_49' title='bbox 688 3186 832 3272; x_wconf 77' lang='lat' dir='ltr'>Eugenii</span> <span class='ocrx_word' id='word_1_50' title='bbox 862 3185 1010 3251; x_wconf 90' lang='lat' dir='ltr'>Mehleri.</span> <span class='ocrx_word' id='word_1_51' title='bbox 1043 3185 1186 3264; x_wconf 78' lang='lat' dir='ltr'>Quorum</span> <span class='ocrx_word' id='word_1_52' title='bbox 1217 3189 1250 3249; x_wconf 91' lang='lat' dir='ltr'>in</span> <span class='ocrx_word' id='word_1_53' title='bbox 1281 3189 1396 3251; x_wconf 87' lang='lat' dir='ltr'>nostris</span> <span class='ocrx_word' id='word_1_54' title='bbox 1427 3186 1529 3251; x_wconf 91' lang='lat' dir='ltr'>literis</span> <span class='ocrx_word' id='word_1_55' title='bbox 1552 3185 1680 3271; x_wconf 80' lang='lat' dir='ltr'>aliquod</span> <span class='ocrx_word' id='word_1_56' title='bbox 1703 3209 1816 3253; x_wconf 90' lang='lat' dir='ltr'>nomen</span> <span class='ocrx_word' id='word_1_57' title='bbox 1841 3209 1877 3254; x_wconf 86' lang='lat' dir='ltr'>ac</span> 
     </span>
     <span class='ocr_line' id='line_1_13' title="bbox 689 3290 1876 3380; baseline 0.003 -23"><span class='ocrx_word' id='word_1_58' title='bbox 689 3294 779 3358; x_wconf 84' lang='lat' dir='ltr'>fama</span> <span class='ocrx_word' id='word_1_59' title='bbox 803 3292 884 3368; x_wconf 85' lang='lat' dir='ltr'>fnit,</span> <span class='ocrx_word' id='word_1_60' title='bbox 909 3313 1018 3357; x_wconf 88' lang='lat' dir='ltr'>eorum</span> <span class='ocrx_word' id='word_1_61' title='bbox 1041 3294 1196 3357; x_wconf 86' lang='lat' dir='ltr'>memoria</span> <span class='ocrx_word' id='word_1_62' title='bbox 1220 3290 1319 3357; x_wconf 89' lang='lat' dir='ltr'>doctis</span> <span class='ocrx_word' id='word_1_63' title='bbox 1337 3295 1415 3356; x_wconf 87' lang='lat' dir='ltr'>viris</span> <span class='ocrx_word' id='word_1_64' title='bbox 1436 3291 1517 3357; x_wconf 91' lang='lat' dir='ltr'>solet</span> <span class='ocrx_word' id='word_1_65' title='bbox 1536 3296 1680 3358; x_wconf 85' lang='lat' dir='ltr'>renovari</span> <span class='ocrx_word' id='word_1_66' title='bbox 1698 3296 1876 3380; x_wconf 86' lang='lat' dir='ltr'>scriptione,</span> 
     </span>
     <span class='ocr_line' id='line_1_14' title="bbox 687 3396 1878 3482; baseline 0.003 -18"><span class='ocrx_word' id='word_1_67' title='bbox 687 3402 726 3464; x_wconf 89' lang='lat' dir='ltr'>in</span> <span class='ocrx_word' id='word_1_68' title='bbox 760 3418 824 3482; x_wconf 87' lang='lat' dir='ltr'>qua</span> <span class='ocrx_word' id='word_1_69' title='bbox 858 3418 941 3461; x_wconf 92' lang='lat' dir='ltr'>unns</span> <span class='ocrx_word' id='word_1_70' title='bbox 973 3396 1094 3462; x_wconf 79' lang='lat' dir='ltr'>alterve</span> <span class='ocrx_word' id='word_1_71' title='bbox 1126 3418 1164 3462; x_wconf 85' lang='lat' dir='ltr'>ex</span> <span class='ocrx_word' id='word_1_72' title='bbox 1196 3397 1375 3462; x_wconf 87' lang='lat' dir='ltr'>studiorum</span> <span class='ocrx_word' id='word_1_73' title='bbox 1406 3400 1516 3474; x_wconf 89' lang='lat' dir='ltr'>sociis,</span> <span class='ocrx_word' id='word_1_74' title='bbox 1549 3401 1616 3463; x_wconf 86' lang='lat' dir='ltr'>sive</span> <span class='ocrx_word' id='word_1_75' title='bbox 1640 3399 1786 3478; x_wconf 84' lang='lat' dir='ltr'>brevius,</span> <span class='ocrx_word' id='word_1_76' title='bbox 1810 3404 1878 3467; x_wconf 88' lang='lat' dir='ltr'>sive</span> 
     </span>
     <span class='ocr_line' id='line_1_15' title="bbox 690 3502 1878 3589; baseline 0.003 -20"><span class='ocrx_word' id='word_1_77' title='bbox 690 3506 850 3589; x_wconf 79' lang='lat' dir='ltr'>copiosius</span> <span class='ocrx_word' id='word_1_78' title='bbox 880 3507 908 3568; x_wconf 89' lang='lat' dir='ltr'>si</span> <span class='ocrx_word' id='word_1_79' title='bbox 940 3504 1003 3568; x_wconf 84' lang='lat' dir='ltr'>fors</span> <span class='ocrx_word' id='word_1_80' title='bbox 1034 3506 1081 3568; x_wconf 87' lang='lat' dir='ltr'>ita</span> <span class='ocrx_word' id='word_1_81' title='bbox 1104 3502 1230 3581; x_wconf 85' lang='lat' dir='ltr'>tulerit,</span> <span class='ocrx_word' id='word_1_82' title='bbox 1256 3509 1381 3568; x_wconf 91' lang='lat' dir='ltr'>enarrat</span> <span class='ocrx_word' id='word_1_83' title='bbox 1404 3523 1466 3587; x_wconf 91' lang='lat' dir='ltr'>qna</span> <span class='ocrx_word' id='word_1_84' title='bbox 1490 3506 1611 3570; x_wconf 89' lang='lat' dir='ltr'>ratione</span> <span class='ocrx_word' id='word_1_85' title='bbox 1635 3526 1737 3589; x_wconf 84' lang='lat' dir='ltr'>quove</span> <span class='ocrx_word' id='word_1_86' title='bbox 1761 3512 1878 3573; x_wconf 81' lang='lat' dir='ltr'>eventu</span> 
     </span>
     <span class='ocr_line' id='line_1_16' title="bbox 689 3608 1879 3698; baseline 0.002 -22"><span class='ocrx_word' id='word_1_87' title='bbox 689 3612 815 3677; x_wconf 72' lang='lat' dir='ltr'>amicus</span> <span class='ocrx_word' id='word_1_88' title='bbox 849 3609 960 3674; x_wconf 88' lang='lat' dir='ltr'>Musas</span> <span class='ocrx_word' id='word_1_89' title='bbox 994 3608 1138 3674; x_wconf 91' lang='lat' dir='ltr'>coluerit.</span> <span class='ocrx_word' id='word_1_90' title='bbox 1173 3608 1229 3673; x_wconf 90' lang='lat' dir='ltr'>Nil</span> <span class='ocrx_word' id='word_1_91' title='bbox 1265 3608 1328 3674; x_wconf 87' lang='lat' dir='ltr'>tals</span> <span class='ocrx_word' id='word_1_92' title='bbox 1360 3610 1495 3694; x_wconf 86' lang='lat' dir='ltr'>contigit</span> <span class='ocrx_word' id='word_1_93' title='bbox 1525 3609 1687 3690; x_wconf 90' lang='lat' dir='ltr'>Mehler0,</span> <span class='ocrx_word' id='word_1_94' title='bbox 1720 3616 1775 3698; x_wconf 86' lang='lat' dir='ltr'>qui</span> <span class='ocrx_word' id='word_1_95' title='bbox 1806 3618 1879 3679; x_wconf 86' lang='lat' dir='ltr'>ante</span> 
     </span>
     <span class='ocr_line' id='line_1_17' title="bbox 691 3715 1878 3804; baseline 0.002 -23"><span class='ocrx_word' id='word_1_96' title='bbox 691 3719 947 3804; x_wconf 86' lang='lat' dir='ltr'>quinquennium</span> <span class='ocrx_word' id='word_1_97' title='bbox 979 3717 1075 3793; x_wconf 88' lang='lat' dir='ltr'>obiit,</span> <span class='ocrx_word' id='word_1_98' title='bbox 1108 3715 1214 3793; x_wconf 91' lang='lat' dir='ltr'>credo,</span> <span class='ocrx_word' id='word_1_99' title='bbox 1245 3719 1319 3801; x_wconf 90' lang='lat' dir='ltr'>qnia</span> <span class='ocrx_word' id='word_1_100' title='bbox 1349 3716 1476 3781; x_wconf 86' lang='lat' dir='ltr'>duriore</span> <span class='ocrx_word' id='word_1_101' title='bbox 1505 3716 1632 3782; x_wconf 89' lang='lat' dir='ltr'>fortuna</span> <span class='ocrx_word' id='word_1_102' title='bbox 1664 3719 1878 3797; x_wconf 89' lang='lat' dir='ltr'>conflictatus,</span> 
     </span>
     <span class='ocr_line' id='line_1_18' title="bbox 691 3820 1879 3909; baseline 0.001 -21"><span class='ocrx_word' id='word_1_103' title='bbox 691 3824 865 3909; x_wconf 88' lang='lat' dir='ltr'>postremis</span> <span class='ocrx_word' id='word_1_104' title='bbox 900 3825 986 3888; x_wconf 80' lang='lat' dir='ltr'>vitae</span> <span class='ocrx_word' id='word_1_105' title='bbox 1016 3824 1106 3887; x_wconf 90' lang='lat' dir='ltr'>annis</span> <span class='ocrx_word' id='word_1_106' title='bbox 1136 3821 1261 3886; x_wconf 89' lang='lat' dir='ltr'>latitare</span> <span class='ocrx_word' id='word_1_107' title='bbox 1293 3820 1410 3886; x_wconf 88' lang='lat' dir='ltr'>maluit</span> <span class='ocrx_word' id='word_1_108' title='bbox 1436 3824 1470 3885; x_wconf 91' lang='lat' dir='ltr'>in</span> <span class='ocrx_word' id='word_1_109' title='bbox 1500 3822 1618 3909; x_wconf 87' lang='lat' dir='ltr'>angulo</span> <span class='ocrx_word' id='word_1_110' title='bbox 1649 3844 1746 3908; x_wconf 90' lang='lat' dir='ltr'>quem</span> <span class='ocrx_word' id='word_1_111' title='bbox 1777 3825 1879 3889; x_wconf 87' lang='lat' dir='ltr'>samse</span> 
     </span>
     <span class='ocr_line' id='line_1_19' title="bbox 692 3926 1878 4016; baseline 0 -22"><span class='ocrx_word' id='word_1_112' title='bbox 692 3928 856 3994; x_wconf 84' lang='lat' dir='ltr'>consulere</span> <span class='ocrx_word' id='word_1_113' title='bbox 880 3934 912 3994; x_wconf 91' lang='grc'>11</span> <span class='ocrx_word' id='word_1_114' title='bbox 935 3928 1115 3994; x_wconf 89' lang='lat' dir='ltr'>studiorum</span> <span class='ocrx_word' id='word_1_115' title='bbox 1139 3928 1261 3992; x_wconf 87' lang='lat' dir='ltr'>fructus</span> <span class='ocrx_word' id='word_1_116' title='bbox 1280 3929 1315 3990; x_wconf 88' lang='lat' dir='ltr'>iu</span> <span class='ocrx_word' id='word_1_117' title='bbox 1335 3926 1478 3991; x_wconf 90' lang='lat' dir='ltr'>medinm</span> <span class='ocrx_word' id='word_1_118' title='bbox 1498 3928 1646 4013; x_wconf 89' lang='lat' dir='ltr'>proferre.</span> <span class='ocrx_word' id='word_1_119' title='bbox 1671 3929 1741 4016; x_wconf 72' lang='lat' dir='ltr'>Ego</span> <span class='ocrx_word' id='word_1_120' title='bbox 1760 3936 1878 4008; x_wconf 89' lang='lat' dir='ltr'>autem,</span> 
     </span>
     <span class='ocr_line' id='line_1_20' title="bbox 692 4031 1880 4119; baseline 0.001 -20"><span class='ocrx_word' id='word_1_121' title='bbox 692 4033 772 4099; x_wconf 89' lang='lat' dir='ltr'>dum</span> <span class='ocrx_word' id='word_1_122' title='bbox 789 4035 946 4099; x_wconf 89' lang='lat' dir='ltr'>memoria</span> <span class='ocrx_word' id='word_1_123' title='bbox 958 4040 1066 4119; x_wconf 88' lang='lat' dir='ltr'>repeto</span> <span class='ocrx_word' id='word_1_124' title='bbox 1078 4054 1198 4098; x_wconf 89' lang='lat' dir='ltr'>annum</span> <span class='ocrx_word' id='word_1_125' title='bbox 1213 4031 1310 4109; x_wconf 82' lang='grc'><strong>1852,</strong></span> <span class='ocrx_word' id='word_1_126' title='bbox 1324 4053 1386 4118; x_wconf 89' lang='lat' dir='ltr'>qno</span> <span class='ocrx_word' id='word_1_127' title='bbox 1398 4032 1547 4099; x_wconf 88' lang='lat' dir='ltr'>Kishlius</span> <span class='ocrx_word' id='word_1_128' title='bbox 1559 4055 1687 4100; x_wconf 89' lang='lat' dir='ltr'>mecum</span> <span class='ocrx_word' id='word_1_129' title='bbox 1698 4033 1880 4100; x_wconf 87' lang='lat' dir='ltr'>Mehlerum</span> 
     </span>
     <span class='ocr_line' id='line_1_21' title="bbox 692 4137 1879 4225; baseline -0.003 -20"><span class='ocrx_word' id='word_1_130' title='bbox 692 4142 729 4205; x_wconf 91' lang='lat' dir='ltr'>iu</span> <span class='ocrx_word' id='word_1_131' title='bbox 759 4140 945 4204; x_wconf 89' lang='lat' dir='ltr'>societatem</span> <span class='ocrx_word' id='word_1_132' title='bbox 977 4138 1112 4204; x_wconf 84' lang='lat' dir='ltr'>adscivit</span> <span class='ocrx_word' id='word_1_133' title='bbox 1143 4145 1174 4204; x_wconf 91' lang='grc'>11</span> <span class='ocrx_word' id='word_1_134' title='bbox 1205 4137 1439 4223; x_wconf 86' lang='lat' dir='ltr'>Mnemosynen</span> <span class='ocrx_word' id='word_1_135' title='bbox 1468 4141 1502 4202; x_wconf 92' lang='lat' dir='ltr'>in</span> <span class='ocrx_word' id='word_1_136' title='bbox 1524 4137 1630 4204; x_wconf 92' lang='lat' dir='ltr'>lucem</span> <span class='ocrx_word' id='word_1_137' title='bbox 1653 4139 1879 4225; x_wconf 84' lang='lat' dir='ltr'>produximus.</span> 
     </span>
     <span class='ocr_line' id='line_1_22' title="bbox 693 4244 1881 4331; baseline -0.002 -21"><span class='ocrx_word' id='word_1_138' title='bbox 693 4267 758 4311; x_wconf 91' lang='lat' dir='ltr'>non</span> <span class='ocrx_word' id='word_1_139' title='bbox 787 4244 1055 4311; x_wconf 86' lang='lat' dir='ltr'>committendum</span> <span class='ocrx_word' id='word_1_140' title='bbox 1086 4251 1165 4330; x_wconf 90' lang='lat' dir='ltr'>puto</span> <span class='ocrx_word' id='word_1_141' title='bbox 1197 4250 1233 4308; x_wconf 91' lang='lat' dir='ltr'>ut</span> <span class='ocrx_word' id='word_1_142' title='bbox 1256 4245 1457 4309; x_wconf 88' lang='lat' dir='ltr'>meritissimi</span> <span class='ocrx_word' id='word_1_143' title='bbox 1479 4247 1543 4309; x_wconf 79' lang='lat' dir='ltr'>riri</span> <span class='ocrx_word' id='word_1_144' title='bbox 1564 4245 1740 4331; x_wconf 87' lang='lat' dir='ltr'>parentalia</span> <span class='ocrx_word' id='word_1_145' title='bbox 1762 4244 1881 4309; x_wconf 83' lang='lat' dir='ltr'>frustra</span> 
     </span>
     <span class='ocr_line' id='line_1_23' title="bbox 694 4349 1880 4436; baseline -0.003 -20"><span class='ocrx_word' id='word_1_146' title='bbox 694 4353 923 4436; x_wconf 85' lang='lat' dir='ltr'>anquirantur;</span> <span class='ocrx_word' id='word_1_147' title='bbox 950 4370 1049 4436; x_wconf 85' lang='lat' dir='ltr'>eoque</span> <span class='ocrx_word' id='word_1_148' title='bbox 1073 4352 1178 4436; x_wconf 89' lang='lat' dir='ltr'>magis</span> <span class='ocrx_word' id='word_1_149' title='bbox 1201 4350 1260 4415; x_wconf 92' lang='lat' dir='ltr'>hoc</span> <span class='ocrx_word' id='word_1_150' title='bbox 1285 4370 1303 4413; x_wconf 90' lang='lat' dir='ltr'>a</span> <span class='ocrx_word' id='word_1_151' title='bbox 1326 4371 1378 4414; x_wconf 87' lang='lat' dir='ltr'>me</span> <span class='ocrx_word' id='word_1_152' title='bbox 1403 4349 1541 4414; x_wconf 89' lang='lat' dir='ltr'>officinm</span> <span class='ocrx_word' id='word_1_153' title='bbox 1564 4350 1719 4436; x_wconf 86' lang='lat' dir='ltr'>postulari</span> <span class='ocrx_word' id='word_1_154' title='bbox 1742 4350 1880 4426; x_wconf 84' lang='lat' dir='ltr'>videtur,</span> 
     </span>
     <span class='ocr_line' id='line_1_24' title="bbox 694 4453 1880 4543; baseline -0.003 -22"><span class='ocrx_word' id='word_1_155' title='bbox 694 4477 797 4543; x_wconf 92' lang='lat' dir='ltr'>quum</span> <span class='ocrx_word' id='word_1_156' title='bbox 820 4456 858 4521; x_wconf 92' lang='lat' dir='ltr'>de</span> <span class='ocrx_word' id='word_1_157' title='bbox 881 4455 1012 4522; x_wconf 81' lang='lat' dir='ltr'>Kiehlio</span> <span class='ocrx_word' id='word_1_158' title='bbox 1036 4463 1068 4521; x_wconf 92' lang='lat' dir='ltr'>et</span> <span class='ocrx_word' id='word_1_159' title='bbox 1092 4456 1232 4520; x_wconf 87' lang='lat' dir='ltr'>breviter</span> <span class='ocrx_word' id='word_1_160' title='bbox 1256 4454 1323 4519; x_wconf 86' lang='lat' dir='ltr'>dixi</span> <span class='ocrx_word' id='word_1_161' title='bbox 1346 4455 1457 4518; x_wconf 71' lang='lat' dir='ltr'>Marem.</span> <span class='ocrx_word' id='word_1_162' title='bbox 1483 4453 1570 4520; x_wconf 84' lang='grc'><strong>1874</strong></span> <span class='ocrx_word' id='word_1_163' title='bbox 1590 4477 1620 4539; x_wconf 91' lang='lat' dir='ltr'>p.</span> <span class='ocrx_word' id='word_1_164' title='bbox 1642 4454 1707 4519; x_wconf 79' lang='lat'>223</span> <span class='ocrx_word' id='word_1_165' title='bbox 1728 4461 1760 4520; x_wconf 91' lang='grc'>11</span> <span class='ocrx_word' id='word_1_166' title='bbox 1779 4458 1880 4520; x_wconf 86' lang='lat' dir='ltr'>vitam</span> 
     </span>
     <span class='ocr_line' id='line_1_25' title="bbox 694 4559 1880 4649; baseline -0.001 -22"><span class='ocrx_word' id='word_1_167' title='bbox 694 4561 821 4649; x_wconf 87' lang='lat' dir='ltr'>plenius</span> <span class='ocrx_word' id='word_1_168' title='bbox 853 4565 999 4628; x_wconf 89' lang='lat' dir='ltr'>enarravi</span> <span class='ocrx_word' id='word_1_169' title='bbox 1022 4560 1191 4628; x_wconf 88' lang='lat' dir='ltr'>vernaculo</span> <span class='ocrx_word' id='word_1_170' title='bbox 1216 4582 1358 4626; x_wconf 88' lang='lat' dir='ltr'>sermone</span> <span class='ocrx_word' id='word_1_171' title='bbox 1381 4564 1414 4625; x_wconf 91' lang='lat' dir='ltr'>in</span> <span class='ocrx_word' id='word_1_172' title='bbox 1439 4559 1590 4646; x_wconf 88' lang='lat' dir='ltr'>peculiari</span> <span class='ocrx_word' id='word_1_173' title='bbox 1613 4559 1737 4638; x_wconf 91' lang='lat' dir='ltr'>libello,</span> <span class='ocrx_word' id='word_1_174' title='bbox 1761 4564 1794 4625; x_wconf 93' lang='lat' dir='ltr'>in</span> <span class='ocrx_word' id='word_1_175' title='bbox 1819 4582 1880 4646; x_wconf 90' lang='lat' dir='ltr'>qno</span> 
     </span>
     <span class='ocr_line' id='line_1_26' title="bbox 695 4665 1880 4756; baseline -0.003 -22"><span class='ocrx_word' id='word_1_176' title='bbox 695 4670 755 4736; x_wconf 83' lang='lat' dir='ltr'>feci</span> <span class='ocrx_word' id='word_1_177' title='bbox 779 4670 864 4755; x_wconf 87' lang='lat' dir='ltr'>quod</span> <span class='ocrx_word' id='word_1_178' title='bbox 886 4672 979 4756; x_wconf 90' lang='lat' dir='ltr'>potui</span> <span class='ocrx_word' id='word_1_179' title='bbox 1001 4675 1039 4734; x_wconf 91' lang='lat' dir='ltr'>ut</span> <span class='ocrx_word' id='word_1_180' title='bbox 1058 4675 1130 4733; x_wconf 85' lang='lat' dir='ltr'>turn</span> <span class='ocrx_word' id='word_1_181' title='bbox 1150 4666 1262 4735; x_wconf 80' lang='lat' dir='ltr'>(lebeti</span> <span class='ocrx_word' id='word_1_182' title='bbox 1282 4675 1314 4731; x_wconf 92' lang='grc'>11</span> <span class='ocrx_word' id='word_1_183' title='bbox 1334 4667 1469 4731; x_wconf 90' lang='lat' dir='ltr'>duorum</span> <span class='ocrx_word' id='word_1_184' title='bbox 1489 4665 1625 4730; x_wconf 89' lang='lat' dir='ltr'>aliorum</span> <span class='ocrx_word' id='word_1_185' title='bbox 1644 4669 1880 4732; x_wconf 89' lang='lat' dir='ltr'>carissimorum</span> 
     </span>
     <span class='ocr_line' id='line_1_27' title="bbox 697 4771 1879 4861; baseline -0.003 -20"><span class='ocrx_word' id='word_1_186' title='bbox 697 4779 856 4861; x_wconf 88' lang='lat' dir='ltr'>capitum,</span> <span class='ocrx_word' id='word_1_187' title='bbox 889 4782 960 4842; x_wconf 89' lang='lat' dir='ltr'>tum</span> <span class='ocrx_word' id='word_1_188' title='bbox 991 4775 1115 4842; x_wconf 88' lang='lat' dir='ltr'>Kiehlii</span> <span class='ocrx_word' id='word_1_189' title='bbox 1145 4778 1322 4860; x_wconf 83' lang='lat' dir='ltr'>imaginem</span> <span class='ocrx_word' id='word_1_190' title='bbox 1353 4794 1427 4837; x_wconf 88' lang='lat' dir='ltr'>vere</span> <span class='ocrx_word' id='word_1_191' title='bbox 1451 4793 1486 4837; x_wconf 89' lang='lat' dir='ltr'>ac</span> <span class='ocrx_word' id='word_1_192' title='bbox 1509 4771 1644 4837; x_wconf 87' lang='lat' dir='ltr'>fideliter</span> <span class='ocrx_word' id='word_1_193' title='bbox 1666 4771 1879 4859; x_wconf 91' lang='lat' dir='ltr'>depingerem.</span> 
     </span>
     <span class='ocr_line' id='line_1_28' title="bbox 697 4881 1319 4949; baseline -0.008 -1"><span class='ocrx_word' id='word_1_194' title='bbox 697 4881 807 4948; x_wconf 84' lang='lat' dir='ltr'>Restat</span> <span class='ocrx_word' id='word_1_195' title='bbox 829 4885 896 4948; x_wconf 89' lang='lat' dir='ltr'>iam</span> <span class='ocrx_word' id='word_1_196' title='bbox 918 4890 955 4949; x_wconf 91' lang='lat' dir='ltr'>ut</span> <span class='ocrx_word' id='word_1_197' title='bbox 979 4883 1017 4949; x_wconf 87' lang='lat' dir='ltr'>de</span> <span class='ocrx_word' id='word_1_198' title='bbox 1039 4882 1184 4949; x_wconf 88' lang='lat' dir='ltr'>Mehlero</span> <span class='ocrx_word' id='word_1_199' title='bbox 1208 4881 1319 4945; x_wconf 90' lang='lat' dir='ltr'>dicam.</span> 
     </span>
     <span class='ocr_line' id='line_1_29' title="bbox 1722 4999 1734 5047; baseline 0 0"><span class='ocrx_word' id='word_1_200' title='bbox 1722 4999 1734 5047; x_wconf 93' lang='lat'>1</span> 
     </span>
    </p>
   </div>
   <div class='ocr_carea' id='block_1_10' title="bbox 0 0 2595 6148">
    <p class='ocr_par' dir='ltr' id='par_1_10' title="bbox 0 0 2595 6148">
     <span class='ocr_line' id='line_1_30' title="bbox 0 0 2595 6148; baseline 0 0"><span class='ocrx_word' id='word_1_201' title='bbox 0 0 2595 6148; x_wconf 95' lang='lat' dir='ltr'> </span> 
     </span>
    </p>
   </div>
  </div>
 </body>
</html>
