5125 6150
1222 811 1364 859 13311113.
1843 793 1884 858 93

692 977 886 1041 Plutarchus
910 977 1041 1061 reliquit
1065 981 1238 1055 intactam,
1263 984 1296 1042 at
1320 977 1450 1043 Tacitus
1475 976 1703 1044 vocabulorum
1728 981 1885 1043 maiorem

693 1085 803 1147 omisit
826 1090 949 1166 partem
973 1090 1005 1147 31
1028 1086 1073 1147 313
1097 1085 1202 1148 brevis
1225 1082 1285 1147 illa
1308 1089 1382 1148 nata
1405 1091 1453 1148 est
1476 1082 1683 1160 sententiola,
1708 1105 1804 1168 quam
1827 1105 1886 1149 133

690 1210 775 1252 nunc
812 1196 977 1273 tamquam
1015 1210 1086 1253 1313
1122 1188 1285 1253 Taciteam
1322 1189 1421 1254 313113
1456 1191 1638 1254 miramini:
1679 1212 1741 1255 non
1781 1192 1883 1267 enim,

693 1297 846 1378 quoniam
878 1297 923 1358 sic
954 1294 1083 1358 Tacitus
1107 1292 1212 1359 voluit
1236 1307 1311 1359 nata
1335 1315 1372 1359 ea
1395 1303 1460 1372 est,
1485 1296 1540 1360 sed
1564 1299 1638 1380 quia
1661 1296 1711 1360 lex
1734 1297 1883 1374 iubebat,

692 1421 791 1485 quam
822 1407 893 1486 post
924 1399 1028 1464 multa
1051 1398 1177 1465 saecula
1200 1400 1368 1465 Nissenius
1392 1408 1477 1466 certa
1500 1408 1567 1466 erat
1590 1408 1800 1486 concapturus
1824 1403 1884 1467 for-

692 1505 793 1572 mula.
825 1508 909 1582 Aut,
943 1508 970 1569 si
1000 1506 1057 1571 hoc
1081 1504 1253 1583 mavultis,
1278 1507 1465 1591 imprudens
1487 1529 1588 1592 neque
1613 1508 1788 1592 quidquam
1810 1508 1885 1572 inde

692 1618 862 1696 expectans
886 1610 1007 1687 laudis,
1032 1632 1103 1675 eam
1128 1614 1174 1676 ita
1196 1611 1327 1676 Tacitus
1351 1612 1564 1677 enuntiavit.’'

737 1717 877 1781 Boissior
908 1722 1035 1793 autem,
1067 1737 1261 1801 quamquam
1293 1739 1332 1783 ne
1365 1721 1434 1802 ipse
1466 1718 1596 1802 quidem
1627 1717 1801 1803 quidquam
1825 1741 1882 1804 pro

690 1829 776 1887 certo
800 1822 957 1886 affirmare
980 1843 1076 1885 ausus
1100 1828 1148 1886 331
1172 1858 1214 1870 -
1239 1825 1284 1886 313
1308 1826 1395 1886 enim
1418 1823 1483 1888 lere
1507 1826 1770 1888 venustissimam
1790 1844 1883 1887 suam

691 1929 972 2013 doctissimamque
1007 1927 1169 1992 concludit
1204 1928 1470 2012 disputationem:
1508 1931 1672 2012 „quaestio
1708 1929 1745 1993 de
1780 1928 1883 1993 Taciti

690 2035 833 2098 fontibus
853 2055 953 2118 neque
973 2034 1079 2098 soluta
1099 2040 1147 2098 331
1166 2054 1283 2117 neque,
1305 2040 1342 2097 ut
1362 2036 1483 2117 opinor,
1504 2034 1648 2098 solvetur
1660 2035 1824 2118 unquam’'
1838 2073 1880 2082 -

691 2148 797 2204 tamen
827 2142 951 2224 primus
982 2140 1061 2216 fuit,
1094 2142 1150 2223 qui
1178 2139 1305 2204 doceret
1336 2139 1481 2204 homines
1505 2139 1544 2203 ad
1568 2159 1646 2223 quas
1670 2140 1881 2206 absurditates

691 2246 873 2310 detruderet
896 2246 947 2310 1311
971 2245 1028 2309 1113
1051 2248 1137 2310 31133
1161 2248 1258 2309 nimis
1281 2245 1452 2310 modestos.
1479 2245 1539 2309 Illo
1563 2249 1647 2310 anim
1670 2254 1796 2311 auctore
1814 2251 1882 2312 iam

690 2351 882 2416 confidenter
912 2351 969 2414 hoc
1001 2350 1157 2415 declarare
1182 2351 1352 2415 audemus:
1378 2353 1420 2414 sit
1445 2354 1625 2435 ceteroquin
1651 2351 1881 2436 qualiscunque

689 2457 836 2533 Tacitus,
869 2459 911 2521 sit
942 2459 975 2520 in
1006 2456 1194 2541 inquirendo
1227 2456 1366 2542 diligens
1389 2455 1440 2521 131
1464 2459 1626 2533 13333133,
1651 2459 1682 2520 13
1707 2458 1880 2522 enarrando

688 2565 794 2626 133133
818 2561 867 2626 131
891 2561 1042 2646 cupidus,
1067 2569 1100 2626 at
1124 2563 1219 2626 habet
1242 2565 1411 2648 ingenium
1431 2564 1598 2646 proprium
1618 2583 1792 2646 suumque,
1812 2584 1880 2647 pro

689 2671 856 2752 priamque
887 2670 956 2732 eius
988 2667 1128 2732 indolem
1160 2668 1256 2732 refert
1288 2670 1400 2732 oratio.
1438 2668 1615 2751 Postquam
1647 2689 1723 2732 vero
1755 2670 1880 2732 exstitit

689 2771 917 2848 Woelfflinius,
939 2775 994 2857 qui
1018 2776 1149 2858 egregio
1171 2775 1296 2858 ingenii
1319 2775 1467 2837 acumine
1491 2772 1571 2836 hanc
1595 2778 1812 2857 perscrutatus
1832 2779 1881 2838 331

689 2880 925 2962 quaestionem,
959 2880 1064 2941 omnia
1091 2876 1147 2941 1113
1171 2876 1353 2953 131313133,
1379 2897 1459 2960 quae
1482 2878 1588 2961 longis
1611 2876 1754 2942 locorum
1778 2877 1880 2962 paral-

688 2982 825 3048 lelorum
848 2983 968 3047 tabulis
992 2982 1102 3046 Tacito
1126 2983 1266 3046 adimere
1291 2982 1421 3046 student
1445 2982 1600 3066 quidquid
1623 2981 1717 3046 illum
1738 2985 1879 3047 maxime

688 3110 706 3153 a
736 3094 913 3153 ceterorum
938 3090 1130 3172 scriptorum
1153 3088 1327 3172 distinguit
1350 3093 1461 3164 coetu,
1486 3086 1650 3151 volumina
1673 3086 1732 3152 illa
1755 3109 1879 3172 compo·

688 3199 749 3259 sita
779 3215 797 3259 a
828 3198 907 3258 viris
938 3197 1010 3278 qui,
1043 3200 1080 3257 ut
1110 3197 1211 3278 ipsius
1243 3193 1428 3257 Woelfflinii
1453 3200 1524 3258 utar
1547 3194 1630 3258 dicto
1653 3214 1763 3271 33133,
1790 3201 1877 3270 „tam

689 3302 784 3365 densa
822 3322 854 3364 33
889 3300 1087 3364 circumdant
1123 3300 1282 3364 doctrinae
1318 3300 1402 3364 nubs
1437 3305 1474 3363 ut
1508 3302 1654 3384 persequi
1689 3320 1741 3363 eos
1779 3302 1879 3384 possit

689 3406 802 3469 nemo”
818 3404 855 3481 ¹),
889 3405 964 3481 1113,
1000 3408 1149 3489 inquam,
1186 3408 1293 3470 omnia
1329 3404 1501 3490 eleganter,
1535 3407 1562 3468 si
1592 3407 1639 3468 ita
1669 3404 1807 3478 videtur,
1840 3406 1878 3470 ab

691 3511 802 3596 opifice
834 3518 983 3575 exornata
1016 3519 1180 3593 tamquam
1203 3512 1392 3573 scriniorum
1417 3515 1597 3575 nostrorum
1623 3508 1734 3574 decora
1758 3514 1879 3594 seponi-

690 3638 781 3693 mus,
806 3636 971 3699 nunqnam
996 3616 1126 3699 posthac
1150 3615 1223 3679 inde
1247 3618 1382 3679 exitura.

734 3713 908 3805 Exsequias
922 3720 1084 3788 Chremeti
1097 3722 1211 3806 quibus
1224 3727 1271 3785 est
1285 3722 1488 3786 commodum
1502 3724 1561 3798 ira,
1575 3721 1664 3799 ham,
1679 3728 1806 3807 tempus
1819 3727 1877 3786 est.

1264 4065 1304 4130 ΙΙ.

733 4246 784 4311 Ad
817 4269 885 4311 rem
918 4268 1014 4331 quam
1038 4247 1222 4312 felicissimo
1244 4250 1390 4312 acumine
1413 4250 1574 4332 perspexit
1599 4247 1875 4313 demonstrandam

690 4374 753 4416 uno
778 4358 904 4417 tantum
929 4353 1138 4417 Woelfflinius
1160 4353 1219 4418 hoc
1242 4356 1346 4418 utitur
1369 4359 1573 4439 argumento:

720 4581 746 4640 l)
764 4582 841 4627 Stosst
860 4596 914 4628 man
932 4580 956 4628 in
974 4581 1017 4628 (131
1037 4580 1171 4644 1111111331
1188 4582 1229 4629 (131
1247 4581 1387 4630 31113113333
1403 4582 1525 4629 litaretur
1540 4582 1583 4629 331
1594 4581 1803 4643 Schuierigkeiten
1819 4583 1876 4644 (und

684 4677 719 4708 113
743 4666 804 4709 wire
827 4662 888 4709 dieas
914 4662 979 4709 nicht
1004 4663 1046 4709 (131
1071 4662 1156 4722 Falli),
1181 4678 1207 4710 3ο
1231 4663 1348 4711 1313131111
1369 4679 1422 4712 man
1441 4662 1558 4711 (1133311133
1577 4662 1804 4720 33113133,13(1313
1821 4680 1876 4713 man

682 4747 740 4790 31311
766 4745 807 4790 dar
830 4742 980 4791 bestimmten
1006 4743 1184 4791 Zahlenwerthe
1206 4759 1234 4790 33
1258 4758 1280 4792 x.
1297 4760 1346 4807 y.z
1379 4744 1484 4801 llfichtet,
1505 4745 1551 4792 und
1570 4760 1623 4792 111311
1642 4744 1739 4793 reclinet
1756 4746 1817 4794 (11333
1834 4762 1877 4795 311

682 4825 926 4874 wissenschnltiichen
952 4826 1101 4889 Forschung‚
1125 4825 1205 4875 sobald
1230 4841 1285 4874 man
1308 4841 1387 4891 weges
1411 4826 1450 4876 des
1476 4825 1581 4875 lluolrela
1604 4826 1670 4876 nicht
1687 4827 1756 4876 mehr
1775 4828 1876 4894 verlolgt

684 4907 777 4955 werden
795 4907 867 4956 kann.
