5125 6150
805 811 870 877 394
1263 832 1305 879 nn
1328 831 1519 880 nuncnoaou

803 997 978 1081 Antiquam
994 995 1026 1076 ¹).
1052 996 1159 1061 Huius
1182 1000 1228 1063 rei
1253 1017 1328 1062 cura
1350 1003 1407 1063 ant
1429 999 1523 1062 certis
1546 998 1789 1084 magistratibus
1813 997 1986 1063 extraordi-

802 1105 899 1167 nariis
934 1105 1195 1169 committebatur
1230 1104 1505 1190 nomographis2),
1547 1110 1603 1169 aut
1636 1107 1774 1189 praetori
1809 1106 1986 1190 ceterisque

803 1210 1045 1296 magistratibus
1058 1208 1092 1284 ³).

1082 1597 1139 1663 III.
1170 1615 1212 1662 nn
1235 1615 1387 1664 concinne
1409 1613 1707 1663 nrrnaoanruanns.

847 1780 1087 1846 Panaetolicum
1119 1782 1333 1858 ordinarium,
1365 1786 1403 1845 ut
1433 1801 1530 1865 supra
1560 1780 1771 1857 dictumest,
1795 1802 1857 1844 non
1881 1781 1989 1845 coibat

802 1890 863 1952 nisi
894 1887 993 1952 semel
1024 1891 1200 1972 quotannis.
1233 1887 1268 1952 Si
1298 1908 1374 1952 vero
1398 1909 1447 1951 res
1471 1888 1631 1952 societatis
1653 1885 1841 1973 flagitabant
1864 1891 1902 1951 ut
1926 1893 1988 1951 sta

802 1996 862 2057 tim
893 1991 947 2059 vel
975 1996 1060 2058 intra
1090 1993 1175 2058 baud
1206 1996 1253 2058 ita
1282 1991 1419 2079 longum
1447 1995 1588 2077 spatium
1613 1992 1738 2057 decret-a
1759 1991 1887 2069 fierent,
1910 2013 1987 2057 cum

801 2120 851 2165 res
874 2120 940 2164 sese
964 2099 1110 2165 offerrent
1128 2120 1208 2185 quae
1227 2120 1328 2184 usque
1347 2099 1386 2163 ad
1404 2101 1588 2184 proximum
1607 2097 1847 2163 Panaetolicum
1868 2098 1988 2164 dillerri

802 2226 865 2270 non
884 2212 1025 2290 possent,
1045 2204 1217 2270 concilium
1237 2205 1523 2270 extraordinarium
1543 2205 1776 2270 convocabatur
1794 2225 1812 2269 a
1829 2210 1986 2289 praetore,

802 2310 983 2376 auctoribus
1012 2313 1080 2375 sive
1110 2309 1260 2396 apocletis
1273 2309 1310 2390 ⁴),
1342 2313 1409 2375 sive
1440 2314 1509 2394 ipso
1539 2308 1673 2395 populo,
1705 2312 1733 2374 si
1756 2311 1837 2375 forte
1859 2330 1990 2396 congre

802 2422 897 2503 gatus
932 2422 1001 2481 erat
1034 2423 1066 2481 et
1095 2437 1146 2482 res
1176 2415 1343 2502 flagitabat
1373 2422 1410 2480 ut
1440 2416 1531 2481 brevi
1560 2423 1632 2501 post
1661 2418 1782 2480 iterum
1813 2415 1987 2481 concilium

801 2520 1019 2601 haberetur5).

848 2628 990 2708 Quorum
1020 2627 1226 2695 conciliorum
1256 2629 1531 2694 convocandorum
1561 2650 1635 2693 cum
1666 2628 1731 2694 fere
1756 2649 1880 2712 semper
1903 2626 1989 2693 bella

802 2741 894 2822 gesta
922 2735 974 2801 vel
1004 2736 1142 2822 gerenda
1169 2757 1279 2802 causae
1302 2742 1423 2812 essent,
1447 2738 1517 2821 ipsa
1540 2756 1589 2799 res
1613 2735 1732 2799 ferebat
1754 2741 1792 2800 ut
1813 2756 1877 2800 non
1898 2734 1987 2801 idem

803 2862 927 2927 semper
949 2849 1031 2906 esset
1051 2862 1161 2907 eorum
1179 2841 1284 2919 locus,
1306 2841 1360 2907 sed
1380 2840 1468 2926 plebs
1487 2843 1520 2905 in
1541 2863 1616 2907 eum
1635 2840 1741 2906 locum
1762 2848 1989 2907 convocaretur

802 2949 859 3013 ubi
882 2950 1043 3013 maximus
1066 2970 1219 3014 numerus
1240 2951 1325 3014 intra
1347 2949 1441 3013 breve
1464 2954 1592 3033 tempus
1615 2946 1722 3013 adesse
1744 2952 1858 3034 posset,
1882 2947 1916 3012 id
1940 2956 1988 3013 est

802 3056 835 3120 in
870 3054 982 3120 urbem
1017 3053 1158 3142 aliquam
1193 3077 1212 3121 a
1243 3077 1306 3140 qua
1337 3060 1460 3140 praetor
1491 3077 1565 3120 cum
1595 3057 1736 3120 exercitu
1758 3076 1819 3120 non
1843 3053 1987 3120 multum

805 3166 946 3225 remotus
976 3168 1075 3238 esset,
1107 3161 1158 3227 vel
1189 3183 1269 3248 quae
1301 3169 1478 3248 opportune
1508 3164 1570 3226 sita
1593 3168 1675 3227 esset
1696 3161 1812 3247 legatis
1836 3165 1986 3227 externis.

805 3267 857 3332 Sic
888 3290 968 3333 anno
1001 3267 1062 3332 191
1097 3268 1246 3354 Hypatae
1268 3267 1439 3333 concilium
1463 3267 1749 3334 extraordinarium
1773 3268 1889 3332 habere
1913 3273 1989 3332 sunt

804 3375 908 3438 conati
920 3374 957 3450 1),
994 3376 1082 3439 annis
1117 3374 1182 3441 217
1214 3379 1246 3439 et
1279 3373 1343 3438 193
1375 3373 1533 3459 Naupacti
1545 3371 1581 3452 ⁷),
1614 3373 1783 3439 ann0197
1817 3373 1987 3439 Heracleae

806 3487 997 3545 conventum
1021 3481 1307 3546 extraordinarium
1331 3481 1558 3560 habuerunt8).

850 3583 953 3652 (lausa
976 3590 1211 3652 convocationis
1235 3585 1334 3651 simul
1357 3608 1430 3651 curn
1454 3586 1521 3651 loco
1545 3591 1577 3651 et
1596 3593 1737 3670 tempore
1756 3584 1988 3672 promulganda

805 3699 889 3770 erat-3
926 3692 963 3757 de
998 3691 1088 3757 nulla
1122 3705 1231 3759 autem
1262 3713 1295 3757 re
1325 3692 1493 3757 deliberari
1523 3690 1639 3756 licebat
1670 3694 1731 3755 nisi
1762 3691 1800 3756 de
1831 3713 1867 3756 ea
1897 3695 1990 3756 cuius

775 3849 777 3853 .
806 3819 899 3862 causa
933 3805 1106 3864 conventus
1140 3804 1330 3864 convocatus
1364 3804 1478 3879 erat⁸).
1516 3797 1589 3863 Iura
1624 3797 1810 3862 huiusmodi
1845 3797 1989 3862 conciliis

806 3904 916 3969 eadem
947 3904 1010 3970 fere
1042 3913 1130 3971 erant
1160 3927 1240 3990 quae
1264 3905 1397 3971 concilio
1421 3905 1639 3983 Panaetolicc;
1664 3926 1737 3970 nam
1761 3904 1799 3969 de
1821 3907 1890 3989 ipsa
1913 3926 1990 3990 paee

842 4137 869 4199 l)
887 4136 1036 4184 Wocdbcnse
1053 4152 1076 4199 p.
1095 4135 1150 4183 101.

840 4219 868 4279 2)
888 4216 991 4267 Uittenb.
1010 4218 1059 4265 280
1078 4217 1093 4265 i.
1103 4218 1134 4274 f.;
1152 4216 1200 4264 vid.
1217 4216 1277 4264 infra
1297 4231 1348 4280 pag.
1367 4217 1424 4265 402.

841 4302 869 4364 3)
888 4299 991 4348 Distenb.
1010 4299 1115 4348 29926.
1381 4299 1408 4357 4)
1426 4297 1477 4346 Liv.
1496 4296 1595 4346 XXXVI
1613 4296 1645 4345 28
1663 4299 1706 4359 98.

842 4385 868 4447 5)
886 4382 936 4431 Liv.
961 4380 1039 4430 XXXI
1064 4383 1095 4430 32
1119 4384 1172 4442 94ε
1200 4380 1366 4428 „decernerent
1388 4379 1519 4445 extemplo,
1544 4385 1569 4428 ut
1592 4384 1687 4443 praetor
1709 4380 1759 4428 eine
1776 4380 1871 4437 fraude,
1890 4397 1945 4430 cnm
1961 4383 1992 4431 de

808 4465 884 4514 obello
906 4469 931 4514 et
949 4481 1005 4530 paee
1024 4480 1093 4527 agere
1112 4463 1183 4521 velit,
1201 4463 1299 4511 advocet
1316 4463 1457 4518 concilium.
1475 4469 1499 4512 et
1516 4465 1578 4528 quod
1597 4468 1649 4512 tum
1667 4464 1785 4512 referatur
1801 4465 1992 4529 decernaturque

807 4552 849 4596 sut
866 4548 962 4612 perinde
979 4547 1016 4596 ine
1034 4551 1159 4610 ratumque
1175 4546 1207 4594 eit
1225 4562 1251 4594 ac
1267 4546 1287 4593 ai
1305 4546 1330 4594 in
1348 4547 1498 4595 Panaetolico
1516 4550 1557 4595 aut
1574 4546 1671 4609 Pylaico
1687 4546 1788 4594 concilio
1806 4551 1884 4595 amum
1903 4547 1991 4597 easet''.

840 4632 866 4691 6)
885 4630 966 4694 Polyb.
984 4630 1026 4678 XX
1045 4630 1076 4677 10
1093 4630 1152 4690 914,
1171 4627 1222 4676 Lis.
1240 4627 1339 4676 XXXVI
1357 4629 1388 4676 28
1406 4629 1449 4689 99.

840 4712 868 4775 7)
886 4710 967 4774 Polyb.
988 4713 1006 4758 V
1027 4713 1074 4760 108
1092 4711 1135 4772 52,
1154 4710 1204 4758 niv.
1224 4709 1311 4758 XXXV
1332 4712 1362 4759 12
1380 4712 1424 4771 93.

841 4796 866 4855 8)
883 4794 934 4842 Liv.
953 4795 1061 4843 XXXIII
1078 4795 1093 4842 8
1110 4792 1152 4853 91.

841 4878 868 4940 9)
888 4874 967 4939 Polyb.
986 4875 1026 4924 XX
1046 4876 1085 4934 10,
1109 4873 1267 4925 xxxviiia
1286 4876 1330 4936 91,
1353 4874 1404 4925 niv.
1422 4872 1527 4924 XXVIII
1546 4876 1559 4922 b
1577 4876 1639 4935 913,
1658 4873 1782 4924 XXXVIII
1802 4877 1818 4922 4
1836 4876 1879 4935 96,
1898 4876 1992 4927 Duboia

805 4974 828 5024 p.
849 4959 903 5008 leo.
