5125 6150
1032 842 1147 890 ennom
1169 841 1340 892 nonnosus.
1700 823 1765 892 375

579 1007 711 1070 tissimo
735 1003 930 1070 adulescenti
948 1010 981 1070 et
999 1006 1125 1071 emendi
1143 1007 1258 1092 cupido
1276 1006 1418 1093 puellam
1437 1008 1562 1073 assidue
1582 1007 1717 1093 deneget
1733 1007 1766 1088 ¹).

579 1111 678 1177 Hanc
709 1113 913 1177 omissionem
941 1112 1208 1198 reprehenderunt
1237 1115 1304 1178 iem
1333 1113 1535 1180 Franckenus
1565 1121 1607 1199 (p.
1636 1113 1712 1191 158)
1736 1118 1768 1179 et

580 1219 757 1305 Langenus
788 1225 832 1304 (p.
859 1218 946 1300 192),
978 1220 1032 1284 sed
1060 1221 1156 1284 huius
1179 1219 1395 1306 negligentiae
1419 1220 1547 1307 culpam
1571 1224 1769 1305 imputarent

580 1333 697 1413 poetae
720 1346 850 1411 graeco,
874 1329 930 1411 qui
954 1326 1136 1391 credidisset
1157 1328 1242 1412 ipsos
1265 1332 1456 1413 spectatores
1478 1327 1570 1393 facile
1593 1326 1770 1393 intellectu·

581 1454 638 1498 ros
670 1452 754 1509 esse,
786 1431 911 1519 Lycum
937 1431 1110 1497 insatiabili
1133 1434 1267 1497 avaritie
1291 1435 1396 1497 maius
1419 1454 1544 1518 semper
1567 1436 1707 1517 pretium
1730 1432 1768 1498 eb

582 1538 784 1604 adolescente
817 1543 1003 1622 extorquere
1035 1537 1190 1615 voluisse,
1222 1544 1259 1602 ut
1290 1546 1338 1603 est
1365 1541 1399 1603 in
1431 1537 1620 1605 Curculione
1651 1561 1681 1603 v.
1708 1538 1767 1602 61:

584 1646 670 1710 aliae
690 1668 733 1708 me
749 1646 848 1727 poerit
868 1667 923 1726 pro
946 1645 1005 1707 illo
1028 1645 1119 1708 XXX
1138 1644 1243 1720 minos,
1264 1645 1344 1707 ollae
1363 1644 1506 1708 talentum
1526 1667 1659 1728 magnam
1678 1665 1770 1729 neque

585 1753 743 1839 quiequam
773 1774 844 1836 queo
874 1752 962 1836 ecqui
985 1750 1109 1836 bonique
1130 1752 1166 1813 ab
1190 1773 1221 1814 eo
1244 1751 1413 1832 impetrare.
1437 1751 1594 1836 Equidem
1617 1753 1771 1816 assentior

584 1858 704 1936 Leoni,
737 1859 818 1923 hene
852 1857 1094 1943 explicationem
1128 1860 1162 1921 in
1196 1856 1337 1922 Poenulo
1374 1879 1437 1923 non
1471 1860 1576 1944 magis
1608 1878 1704 1944 qnam
1736 1859 1770 1920 in

585 1964 780 2033 Curculione
810 1967 918 2029 omitti
941 1964 1102 2040 debuisse,
1127 1984 1228 2049 neque
1251 1963 1387 2029 defuisse
1410 1966 1443 2027 in
1466 1963 1613 2048 exemplo
1637 1984 1769 2050 graeco,

585 2072 643 2139 sed
666 2071 846 2157 neglectam
870 2091 936 2135 esse
960 2091 977 2134 e
1000 2070 1115 2134 Plauto
1138 2078 1211 2154 post
1234 2093 1264 2135 v.
1292 2069 1365 2135 158.

632 2176 782 2243 Alterum
816 2178 932 2242 vitium
957 2178 1099 2262 primum
1123 2175 1236 2240 Leonis
1259 2176 1401 2241 doctrine
1423 2178 1632 2253 monstravit,
1656 2196 1770 2260 nempe

584 2287 775 2351 intricatum
794 2282 904 2347 dolum
925 2281 1115 2367 Milphionis
1134 2282 1173 2346 ad
1193 2283 1388 2368 perdendum
1405 2282 1551 2349 lenonem
1564 2303 1770 2368 praepropere

588 2393 679 2476 sequi
697 2392 730 2454 in
751 2391 905 2474 proximis
925 2409 987 2453 vss.
1003 2387 1189 2475 159-189.
1210 2387 1412 2455 Consuetudo
1432 2393 1625 2456 comicorum
1644 2395 1677 2454 et
1696 2409 1771 2454 sena
1874 2458 1877 2463 ⁴

587 2500 670 2563 ratio
707 2495 863 2581 postulet,
899 2501 936 2560 ut
967 2494 1105 2579 Milphio
1135 2498 1170 2559 in
1200 2496 1358 2561 auxilium
1389 2503 1521 2563 vocatus
1544 2495 1771 2581 aliquantisper

587 2602 714 2670 secedet
737 2608 769 2667 et
792 2602 878 2667 domi
901 2605 1019 2667 otiosus
1044 2602 1155 2667 dolum
1179 2610 1342 2687 excoquet.
1366 2603 1415 2668 Ite
1438 2625 1487 2668 res
1506 2606 1631 2690 geritur
1650 2606 1683 2666 in
1704 2624 1770 2669 om·

587 2712 683 2776 nibus
706 2707 824 2774 fabulis
843 2710 899 2773 ubi
923 2710 1023 2774 nodus
1050 2712 1188 2774 nectitur
1206 2729 1262 2796 per
1281 2709 1406 2788 dolum,
1428 2713 1483 2796 qui
1503 2712 1619 2796 aperiri
1639 2709 1770 2775 demum

589 2822 696 2902 potest
718 2823 791 2902 post
814 2836 939 2881 scenam
962 2816 1132 2881 secundem
1145 2815 1180 2897 ⁹).

634 2924 781 2989 Tertium
802 2925 922 2988 vitium
944 2923 1003 2988 hoo
1027 2930 1091 2987 est:

637 3031 810 3117 Postquam
840 3029 1060 3118 Agorastocles
1090 3031 1173 3097 servi
1202 3029 1373 3095 consilium
1396 3031 1546 3116 cognovit
1569 3034 1601 3095 et
1624 3031 1771 3116 probavit

591 3140 702 3204 statim
726 3141 770 3203 sic
792 3141 899 3224 pergit
922 3160 954 3203 v.
982 3134 1064 3201 190:

727 3244 796 3330 Ego
819 3247 853 3308 in
877 3244 986 3310 aedom
1008 3242 1139 3309 Veneris
1162 3264 1213 3320 eo,
1236 3244 1298 3306 nisi
1321 3242 1396 3326 quid
1420 3243 1487 3318 vis,
1511 3240 1668 3327 Milphio:

727 3350 917 3436 Aphrodisia
940 3350 1033 3416 hodie
1056 3355 1140 3415 sunt.
1172 3349 1230 3414 Μι.
1254 3348 1336 3413 Scio.
1367 3350 1426 3414 Ao.
1451 3347 1567 3413 Oculos
1590 3346 1664 3415 volo

726 3458 815 3524 Meos
838 3457 993 3523 delectare
1015 3457 1182 3522 munditiis
1204 3457 1402 3521 meretriciis.
1653 3446 1655 3451 ’

726 3564 784 3630 Μι.
808 3564 878 3630 Hoc
900 3567 1043 3650 primum
1067 3584 1201 3650 agamus
1223 3563 1307 3647 quod
1329 3561 1496 3626 consilium
1521 3563 1679 3647 cepimus:

728 3672 888 3737 Abeamus
909 3674 1007 3748 intro,
1028 3675 1066 3734 ut
1089 3668 1303 3737 Collebisoum
1325 3668 1459 3733 vilicum

637 3777 704 3843 195
727 3777 818 3844 Hanc
841 3777 1065 3863 perdoceamus
1088 3782 1125 3841 ut
1148 3776 1228 3842 ferat
1251 3773 1421 3839 fallaciam.

728 3886 786 3951 Ao.
812 3885 1012 3970 Quemquam
1036 3881 1159 3969 Cupido
1182 3886 1215 3946 in
1238 3881 1330 3947 corde
1353 3887 1510 3960 vorsetur,
1534 3887 1641 3947 tamen

727 3991 799 4058 'l'ibi
822 3990 1015 4057 auscultabo.
1047 3990 1106 4055 Μι.
1130 3989 1258 4054 Faciem
1281 3994 1320 4052 ut
1342 3988 1424 4054 fecto
1446 3986 1595 4074 gaudeas.

1289 4095 1398 4165 (latrat
1419 4094 1624 4176 Agorastocles
1645 4095 1771 4172 domam)

728 4203 815 4270 Inest
837 4206 952 4269 amoris
975 4201 1099 4269 macula
1122 4203 1197 4268 huic
1220 4203 1344 4268 homini
1366 4204 1400 4266 in
1423 4208 1567 4287 pectore,

639 4303 641 4307 ’
728 4309 803 4376 Sine
826 4311 940 4376 damno
962 4330 1080 4395 magno
1105 4330 1184 4394 quae
1209 4307 1274 4373 elui
1297 4328 1336 4372 ne
1359 4309 1505 4392 utiquam
1530 4310 1644 4391 potest.

638 4417 706 4482 200
729 4416 840 4502 Itaque
863 4417 916 4482 hic
938 4416 1087 4482 scelestus
1111 4421 1159 4481 est
1182 4416 1278 4480 homo
1301 4413 1373 4480 leno
1397 4413 1522 4501 Lycus:

728 4523 808 4605 Quoi
831 4526 898 4590 iam
920 4524 1074 4589 infortuni
1097 4525 1220 4587 intenta
1242 4520 1400 4586 ballistast
1423 4520 1537 4606 probe,

627 4821 651 4880 l)
667 4818 755 4867 Faciem
773 4815 868 4866 omissio
885 4818 921 4864 est
936 4814 962 4863 in
978 4830 1000 4863 r.
1017 4814 1073 4871 ³64,
1091 4811 1131 4862 nbi
1147 4811 1310 4875 Agorastocles
1323 4809 1369 4875 ipsi
1383 4809 1476 4874 puellae
1490 4808 1593 4858 eiusdem
1608 4806 1773 4857 mirationem

587 4901 722 4971 postulanti
742 4899 868 4965 respondet
885 4900 993 4947 uotum:
1013 4897 1086 4946 Perii.

626 4981 886 5047 QOEMpM
