5125 6150
1096 815 1288 865 mosmos.
1463 880 1466 885 Ι
1745 798 1788 864 83

597 987 631 1045 et
655 983 866 1046 metricorum
890 981 1032 1046 doctrina
1054 1003 1181 1067 prorsus
1204 985 1339 1059 omissa,
1363 985 1440 1049 artis
1462 984 1602 1049 musicae
1620 983 1789 1049 hodiernae

598 1108 660 1173 ope
684 1091 771 1153 notis
793 1109 942 1154 numeros
965 1109 1096 1174 graecos
1119 1094 1152 1154 st
1174 1109 1322 1154 romanos
1346 1089 1568 1175 exprimendos
1591 1111 1657 1156 esse
1681 1089 1789 1168 docet;

599 1197 799 1281 nequiquam
822 1198 909 1261 enim
932 1194 1129 1260 Schmidtius
1152 1195 1367 1261 demonstrare
1390 1196 1574 1274 studuerat,
1597 1196 1703 1281 edique
1725 1195 1792 1260 soci·

600 1309 692 1365 rotem
723 1303 917 1386 rhythmicam
947 1303 980 1366 s'a
1011 1302 1140 1365 οοοιοοτίο
1165 1325 1225 1384 per
1253 1325 1286 1367 se
1314 1302 1524 1367 diversissimas
1554 1303 1674 1367 restitui
1694 1325 1790 1385 posse.

599 1407 712 1473 Nihilo
745 1415 854 1473 tamen
883 1411 992 1473 minus
1023 1429 1262 1494 nonnumquam
1292 1414 1375 1474 recte
1399 1411 1578 1494 perspexit,
1603 1429 1680 1494 quas
1702 1408 1791 1495 leges

600 1514 784 1601 Aeschylus
814 1518 848 1579 in
876 1516 1022 1580 versibus
1050 1518 1245 1581 canticorum
1276 1514 1432 1601 fingendis
1455 1521 1487 1581 et
1510 1517 1648 1602 strophis
1671 1518 1791 1582 concin-

601 1621 716 1685 nandis
736 1626 864 1686 secutus
882 1623 940 1699 sit,
959 1620 993 1686 id
1012 1622 1097 1706 quod
1117 1621 1277 1687 nonnullis
1295 1621 1453 1708 exemplis
1471 1620 1633 1688 illustrare
1645 1623 1790 1688 conabor.

648 1838 767 1922 agam.
793 1834 1005 1901 eus-1034.

648 1942 776 2020 Vereor,
809 1949 846 2006 ut
876 1942 1001 2007 ordines
1023 1941 1114 2006 τίπτε
1139 1965 1190 2019 μοι
1215 1940 1277 2006 τόδ’
1303 1940 1550 2020 fortissisime
1573 1943 1791 2023 προστατήριον
1919 1968 1921 1973 ⁴

602 2052 757 2134 coniungi
789 2054 924 2133 queant,
957 2069 1031 2113 cum
1059 2048 1251 2134 rhythmum
1275 2048 1360 2114 finiri
1384 2057 1454 2134 post
1478 2048 1608 2125 ἔμπεδον
1632 2071 1671 2115 ex
1694 2070 1791 2136 pausa

602 2157 723 2240 absque
751 2154 849 2220 dubio
880 2161 1039 2239 appareat.
1070 2155 1170 2220 Porro
1201 2154 1325 2221 ordines
1356 2156 1526 2233 trochaici,
1549 2156 1696 2233 iambici,
1721 2176 1793 2221 ana

603 2263 737 2348 paestici
761 2282 825 2325 nno
848 2262 939 2345 qnasi
961 2267 1069 2325 tenore
1091 2260 1254 2327 decurrere
1279 2283 1354 2327 cum
1377 2261 1515 2339 soleant,
1540 2261 1686 2348 dipodica
1705 2283 1792 2328 men·

604 2389 678 2434 sura
697 2371 733 2432 in
755 2369 796 2432 iis
820 2373 981 2431 statuatur
1004 2387 1129 2432 necesse
1151 2374 1209 2432 est.

649 2476 778 2550 scotiae
801 2473 990 2552 resarcires
1014 2478 1151 2538 τοτοῖτοιο
1178 2505 1393 2529 --------
1406 2489 1446 2542 lu
1460 2487 1525 2541 Ι-Λ
1549 2482 1633 2541 recte
1655 2477 1792 2540 mat'tur

604 2581 819 2658 Schmidtius;
856 2602 919 2644 non
951 2585 1048 2666 puto,
1084 2580 1192 2666 legem
1226 2603 1245 2646 a
1277 2604 1329 2646 me
1363 2582 1459 2648 modo
1494 2586 1701 2648 constitutam
1732 2583 1790 2647 hac

604 2706 754 2753 mensura
784 2688 937 2773 migrari,
968 2707 1042 2751 cnm
1066 2708 1180 2771 pausas
1203 2690 1236 2751 in
1259 2687 1412 2753 clausulis
1435 2688 1595 2754 eiusmodi
1618 2709 1788 2765 versuum,

606 2795 662 2859 ubi
698 2792 893 2857 diminuitur
927 2795 1079 2859 orationis
1114 2796 1323 2879 praestantia,
1360 2795 1573 2882 agnoscendas
1607 2816 1675 2861 esse
1708 2795 1790 2860 mihi

604 2921 793 2987 persuasum
816 2902 868 2964 sit.

649 3007 784 3072 Prorsus
807 3004 940 3070 eandem
961 3007 1116 3071 rationem
1139 3008 1174 3070 in
1197 3009 1343 3092 sequenti
1366 3028 1462 3073 versu
1486 3007 1687 3073 diiudicando
1707 3006 1789 3071 mihi

603 3113 844 3201 ingrediendam
868 3133 934 3178 esse
957 3118 1094 3190 constat,
1118 3134 1192 3178 cum
1216 3135 1333 3199 pausae
1356 3117 1390 3179 in
1413 3114 1474 3181 fine
1497 3115 1615 3180 ordinis
1638 3113 1788 3202 dactylici

604 3223 784 3307 propositae
807 3220 889 3285 mihi
911 3220 1080 3285 arrideant.

648 3325 740 3407 Quod
770 3331 878 3391 contra
906 3329 1046 3413 priorem
1075 3346 1182 3391 meam
1212 3328 1403 3392 sententiam
1434 3328 1571 3392 retinens
1601 3349 1663 3393 non
1686 3348 1789 3392 unum

604 3434 750 3500 ordinem
780 3431 840 3498 οὐδ’
870 3434 1057 3504 ἆτοττύοοις
1088 3433 1174 3498 δίκον
1205 3431 1367 3511 δυσκρίτων
1397 3432 1553 3508 δοεοροὶτοον
1583 3437 1789 3500 coniunctum

603 3546 745 3606 statuere
775 3561 879 3617 conor,
910 3539 965 3605 sed
992 3540 1070 3605 bene
1094 3545 1219 3617 tenens,
1245 3560 1344 3625 pausa
1366 3538 1542 3605 clausulam
1566 3540 1719 3606 trochaici
1742 3561 1790 3606 or·

603 3647 687 3712 dinis
720 3646 869 3724 indicari,
901 3667 975 3711 cum
1006 3650 1076 3732 ipsa
1106 3649 1149 3711 sit
1178 3649 1213 3711 in
1241 3646 1303 3712 fine
1327 3649 1395 3712 eius
1417 3649 1536 3733 posita,
1561 3647 1640 3713 duos
1664 3647 1789 3713 ordines

603 3760 765 3840 separatos
795 3774 832 3818 ac
861 3774 900 3818 ne
927 3755 1101 3818 minimum
1129 3753 1258 3838 quidem
1281 3757 1366 3820 inter
1388 3776 1421 3819 se
1445 3775 1614 3821 commune
1638 3756 1789 3820 habentes

601 3864 636 3925 in
670 3860 817 3925 medium
851 3861 1052 3946 proferendos
1083 3881 1150 3926 asse
1181 3882 1301 3927 censeo.
1339 3860 1407 3941 Qua
1437 3864 1471 3926 in
1499 3884 1533 3927 re
1564 3869 1692 3929 secutus
1715 3883 1789 3927 sum

603 3967 830 4054 plerorumque
849 3967 1008 4033 sditomm
1029 3970 1238 4046 sententiam,
1259 3970 1408 4054 inprimis
1427 3965 1789 4035 GodoiradiHarmauni

603 4081 635 4139 et
660 4072 820 4139 Guilelmi
842 4073 1009 4139 Dindorfii.

648 4179 744 4245 Falso
776 4179 975 4246 Schmidtins
1005 4202 1079 4247 eum
1110 4201 1236 4266 semper
1266 4180 1392 4246 studeat
1416 4185 1523 4247 omnia
1546 4182 1586 4247 ad
1609 4202 1710 4246 unum
1733 4199 1790 4243 nu·

603 4307 733 4351 merum
766 4287 900 4366 referre,
935 4287 1111 4353 trochaicus
1143 4287 1268 4353 ordines
1300 4291 1468 4353 restituere
1500 4294 1640 4353 conatur.
1677 4284 1788 4370 Itaque

603 4393 712 4471 θάρσος
748 4394 883 4467 sicutte
917 4415 979 4459 non
1015 4393 1216 4459 scribendum
1250 4399 1316 4471 est,
1351 4394 1406 4458 sed
1437 4415 1510 4459 cum
1541 4393 1726 4456 Hermanno
1756 4393 1789 4454 et

603 4498 767 4566 Ilindorfio
791 4501 985 4567 restituenda
1007 4500 1103 4567 lectio
1126 4500 1263 4578 stridis,
1287 4507 1396 4585 postea
1420 4503 1518 4565 etiam
1542 4497 1788 4572 aRossbachio,

604 4605 734 4673 Grisch.
758 4606 854 4674 Metr.
880 4607 910 4673 3.
934 4607 1018 4673 Aufl.
1045 4606 1142 4686 1889,
1166 4607 1198 4672 S.
1224 4606 1347 4672 210111
1371 4607 1442 4671 adn.
1467 4604 1696 4671 commendata.
1727 4599 1789 4668 Oui

604 4735 694 4780 meae
714 4717 888 4780 sententiae
907 4715 995 4781 favet
1013 4717 1113 4781 etiam
1134 4713 1231 4791 illud,
1252 4713 1336 4799 quod
1356 4712 1493 4798 duplicis
1513 4714 1638 4778 numeri
1657 4729 1788 4796 pausam

603 4824 636 4885 in
662 4845 695 4886 εο
720 4820 926 4887 nullomodo
951 4842 1031 4907 queo
1057 4835 1236 4908 agnoscere.
1260 4819 1376 4884 Versus
1394 4838 1467 4883 mea
1485 4820 1614 4904 quidem
1633 4818 1789 4883 sententia

602 4937 651 4993 ast
674 4927 896 5013 pherecrateus
919 4930 976 5013 qui
1000 4927 1118 4993 dicitur
1143 4958 1330 4981 -------
1356 4927 1508 5011 primaria
1532 4925 1632 4991 forma
1654 4927 1788 4989 servata.
