5125 6150
793 783 836 849 84
1291 800 1484 850 anscarius.

836 965 965 1031 Rectius
996 965 1107 1032 deinde
1136 965 1340 1031 Hermannus
1369 987 1466 1051 qnam
1490 963 1670 1030 Dindorfius
1693 967 1834 1028 metrum
1857 964 1971 1027 consti-

790 1077 871 1152 tuit,
904 1095 978 1140 oum
1007 1077 1116 1152 Φρενὸς
1146 1076 1238 1151 olan
1268 1073 1361 1150 θρόνον
1389 1076 1439 1138 sni
1462 1075 1542 1137 iuris
1565 1074 1606 1137 sit
1630 1071 1714 1137 ordo.
1739 1068 1844 1150 χρόνος
1868 1067 1899 1133 δέ
1923 1091 1968 1132 πον

790 1180 917 1266 dipodia
947 1182 1083 1247 iambica
1112 1186 1161 1247 est
1190 1202 1246 1246 nec
1276 1180 1493 1247 confundenda
1521 1201 1596 1245 oum
1626 1179 1830 1264 sequentibus
1853 1176 1968 1241 iambis

790 1288 982 1365 πρυμνησίων
1015 1286 1069 1364 ξὺν
1104 1287 1274 1365 ἐμβολαῖς,
1311 1309 1383 1353 cum
1416 1289 1557 1352 senarius
1587 1288 1622 1350 in
1652 1285 1746 1351 choro
1775 1287 1877 1350 inesse
1907 1305 1970 1347 non

789 1393 897 1459 soleat.
921 1393 1011 1474 Quod
1034 1396 1095 1459 sibi
1117 1393 1210 1459 finxit
1229 1394 1362 1460 Ioannes
1381 1394 1539 1459 Henricus
1557 1392 1754 1457 Schmidtins
1773 1391 1969 1457 trochaicum

789 1504 950 1567 senarium
979 1499 1216 1579 catalecticum,
1242 1504 1312 1567 viro
1336 1501 1427 1566 docto
1451 1499 1617 1586 suffragari
1639 1519 1702 1564 non
1725 1519 1864 1584 possum.
1888 1498 1967 1562 Ana

788 1612 872 1674 erusi
908 1611 994 1674 enim
1028 1610 1202 1695 praemissa
1236 1628 1334 1694 eaque
1371 1608 1410 1673 ab
1445 1606 1554 1671 ordine
1587 1609 1656 1691 ipso
1692 1612 1836 1691 separata
1869 1606 1970 1669 totins

788 1716 933 1801 strophae
964 1715 1156 1801 rhythmum
1188 1717 1352 1800 pervertit.
1383 1712 1508 1798 Ubique
1539 1715 1624 1778 enim
1655 1712 1715 1776 hoc
1744 1732 1807 1776 nno
1829 1709 1896 1776 loco
1920 1731 1969 1773 ex-

788 1830 878 1907 cepto
909 1823 1023 1887 statuit
1054 1820 1178 1887 ordines
1210 1821 1404 1898 trochaicus,
1434 1823 1467 1884 in
1491 1820 1606 1905 quibus
1629 1840 1648 1883 a
1671 1818 1817 1883 trochaeo
1840 1820 1910 1903 ipso
1934 1815 1970 1880 fit

787 1931 929 1993 initium.
961 1927 1071 1993 Solent
1099 1927 1230 2012 quidem
1253 1928 1383 1993 iambici
1406 1926 1530 1992 ordines
1552 1927 1763 1991 intermisceri
1785 1924 1969 1999 trochaicis,

787 2056 851 2100 non
886 2040 992 2100 tamen
1025 2037 1183 2112 senarius,
1215 2036 1271 2119 qni
1301 2034 1341 2099 ad
1372 2032 1510 2120 dialogi,
1543 2054 1605 2098 non
1636 2032 1724 2098 chori
1754 2028 1893 2096 indolem
1921 2036 1971 2094 est

787 2148 890 2229 aptus.
909 2141 1030 2207 Deinde
1050 2140 1247 2207 Schmidtins
1266 2142 1409 2207 ordinem
1429 2143 1583 2207 construit
1598 2142 1658 2205 hoc
1669 2139 1764 2205 modo
1778 2139 1968 2204 formatum:

787 2249 940 2329 ψαμμίνις
974 2245 1007 2324 ἐξ
1038 2252 1141 2321 ἀκτὶς
1171 2248 1319 2328 βέβηκεν,
1352 2243 1410 2313 εὖθ’
1445 2247 1496 2312 ὑπ’
1516 2251 1611 2312 Ἴλιον
1633 2266 1876 2332 mensuramque
1899 2247 1968 2310 eius

787 2356 867 2422 hanc
890 2376 957 2422 esse
980 2360 1102 2421 censet:

1081 2472 1684 2528 .uq,.q.oq.utt-oq-o1-vq-a.

832 2564 870 2629 ln
901 2586 963 2650 quo
994 2566 1080 2628 insta
1108 2563 1351 2648 reprehensione
1377 2565 1444 2627 sine
1467 2567 1682 2628 controversia
1705 2562 1823 2649 dignus
1848 2567 1894 2627 est
1917 2565 1969 2627 vir

788 2671 908 2737 doctus.
940 2671 1087 2735 Primum
1118 2671 1205 2734 enim
1228 2690 1389 2735 caesuram
1413 2691 1524 2735 versus
1547 2673 1638 2755 ponit
1661 2692 1740 2748 non,
1765 2677 1802 2734 ut
1825 2676 1967 2755 oportet,

785 2786 858 2865 post
879 2799 1006 2854 vocem,
1031 2777 1085 2842 sed
1109 2782 1182 2863 post
1203 2775 1363 2862 syllabam
1387 2777 1516 2842 brevem
1538 2779 1573 2842 in
1595 2776 1636 2853 βέ
1650 2775 1685 2856 ΙΙ,
1711 2798 1772 2862 quo
1792 2776 1867 2862 qnid
1888 2775 1968 2862 fingi

784 2888 883 2972 possit
922 2884 1088 2950 absurdius
1129 2882 1215 2947 haud
1257 2881 1349 2947 facile
1383 2883 1529 2948 dixerim.
1569 2883 1735 2970 Vituperat
1769 2881 1966 2948 Schmidtins

783 2992 989 3058 vehementer
999 2990 1170 3056 lectionem
1182 2989 1334 3068 ψιμμίνς
1348 2989 1472 3061 ἀνιάτως
1486 2990 1666 3068 παρήβησεν
1682 3020 1965 3067 -----------

783 3100 920 3177 deputa
952 3100 1039 3164 enim
1069 3097 1177 3162 ἀκοίταν
1208 3099 1461 3162 coniunctionem
1494 3099 1688 3164 substantivi
1710 3120 1785 3163 cnm
1808 3097 1966 3163 adiectivo

782 3227 849 3271 esse
883 3211 1012 3291 propter
1046 3225 1173 3270 sensnm
1209 3202 1302 3289 plane
1332 3203 1575 3269 intolerabilem.
1606 3204 1764 3291 Equidem
1793 3204 1896 3269 lenius
1927 3204 1966 3268 de

782 3313 938 3378 eiusmodi
970 3312 1095 3377 dicendi
1117 3331 1232 3397 genere
1254 3311 1378 3389 iudioo;
1403 3331 1538 3397 agnosco
1562 3314 1647 3377 enim
1671 3312 1847 3399 imaginem
1871 3331 1889 3375 a
1912 3331 1966 3374 na-

782 3418 920 3506 vigando
940 3418 1078 3483 ductam.
1099 3415 1303 3502 Comparatio
1321 3420 1504 3483 instituitur
1521 3421 1605 3483 inter
1623 3418 1702 3483 litus
1722 3425 1754 3483 et
1766 3416 1962 3495 naviculam

781 3524 928 3591 navicula
959 3525 998 3589 ad
1019 3524 1099 3589 litus
1122 3530 1169 3590 est
1192 3523 1334 3610 appulsa.
1360 3524 1539 3602 παρήβησεν
1564 3548 1627 3591 νον
1650 3548 1711 3591 νον
1734 3547 1770 3591 ea
1793 3529 1859 3603 est,
1883 3545 1964 3610 qnae

780 3639 910 3717 propter
943 3633 1172 3695 sententiarum
1207 3652 1384 3695 connexum
1422 3631 1567 3696 videatur
1599 3632 1777 3697 reiicienda.
1815 3629 1962 3708 παρηβῖιν

779 3740 866 3801 enim
889 3736 926 3801 de
950 3743 1091 3822 tempore
1115 3736 1177 3801 dici
1201 3742 1320 3822 potest;
1347 3736 1505 3824 significat
1529 3739 1588 3804 hoo
1606 3739 1740 3804 verbum
1761 3760 1835 3804 enm
1853 3741 1964 3803 iuven-

779 3846 859 3909 tutis
890 3848 1028 3921 statum,
1061 3865 1124 3929 qno
1155 3842 1332 3927 puerilibus
1359 3847 1448 3909 annis
1471 3848 1629 3929 superatis
1651 3848 1777 3910 iuvenis
1800 3848 1961 3931 propriam

779 3970 814 4015 ac
844 3949 1036 4035 peculiarem
1070 3951 1131 4014 sibi
1161 3954 1357 4036 comparavit
1389 3953 1475 4016 vitae
1502 3952 1728 4017 condicionem.
1754 3952 1874 4017 Deinde
1897 3973 1958 4017 nou

778 4059 855 4121 satis
886 4057 964 4120 bene
992 4056 1187 4120 demonstrat
1210 4055 1425 4134 Schmidtius,
1451 4078 1507 4122 cur
1529 4057 1675 4136 παρηβᾶν
1699 4058 1777 4124 falsa
1798 4058 1893 4125 lectio
1917 4062 1960 4123 sit

777 4162 934 4240 habenda;
966 4183 1005 4227 ne
1036 4165 1181 4227 minimis
1213 4161 1341 4247 quidem
1366 4168 1565 4250 argumentis
1590 4166 1712 4230 stabilit
1735 4186 1770 4232 ac
1793 4166 1959 4231 confirmat

777 4272 966 4335 sententiam
990 4290 1095 4347 snam,
1121 4289 1183 4354 qua
1205 4268 1356 4334 traditam
1378 4269 1546 4337 lectionem
1571 4278 1663 4357 putat
1685 4280 1878 4359 corruptam.

821 4481 954 4547 Sextum
986 4487 1146 4549 canticum
1178 4489 1301 4548 constat
1331 4505 1370 4550 en
1400 4487 1544 4552 versibus
1577 4485 1808 4558 1407-1411.
1841 4491 1957 4575 quibus

775 4610 830 4674 per
853 4591 1084 4675 antistropham
1107 4590 1295 4675 respondent
1320 4592 1551 4658 1426-1430.

819 4695 922 4761 Miror
944 4695 1159 4762 Schmidtium
1182 4719 1243 4763 non
1267 4698 1402 4777 vidisse,
1427 4707 1568 4766 metrum
1588 4703 1684 4767 huius
1704 4705 1817 4768 cantici
1836 4703 1957 4789 simpli-

775 4804 901 4867 cissimo
933 4802 1028 4867 modo
1058 4806 1105 4867 ita
1127 4825 1218 4888 posse
1241 4808 1408 4883 constitui,
1433 4813 1470 4870 ut
1490 4807 1607 4892 ubique
1631 4817 1842 4896 agnoscantur
1865 4811 1957 4875 doch-

773 4910 868 4973 miaci
897 4929 1008 4973 versus
1039 4909 1091 4987 (cf.
1115 4909 1292 4989 Rossbach,
1317 4909 1347 4976 3.
1373 4911 1455 4977 Aul.
1480 4913 1511 4978 S.
1539 4911 1603 4993 78).
1639 4914 1716 4982 Inde
1738 4920 1876 5003 emergit
1897 4918 1956 4982 hoc
