5125 6150
689 799 732 865 64
1118 818 1160 865 nn
1182 817 1444 866 ιιιαοοιλοτιιιιιιι

686 981 835 1047 litoribus
859 981 1029 1047 condendis
1052 980 1178 1061 (Strabo
1202 981 1217 1045 1
1242 981 1298 1055 45)
1328 983 1425 1047 deum
1455 985 1618 1047 marinum
1649 985 1884 1049 transferebant

687 1087 819 1152 ultimas
849 1090 884 1152 in
914 1090 1078 1172 regiones,
1111 1108 1189 1173 quas
1214 1089 1400 1174 negotiandi
1423 1110 1516 1153 causa
1539 1090 1687 1173 petebant
1709 1092 1784 1174 ipsi.
1809 1090 1883 1156 Non

688 1193 750 1259 alio
784 1193 879 1259 modo
914 1194 1039 1258 Aeneae
1070 1193 1178 1258 cultus
1209 1215 1227 1258 a
1259 1196 1366 1258 nentis
1397 1202 1591 1279 propagatus
1622 1194 1661 1259 ad
1684 1194 1885 1260 occidentem

688 1302 844 1384 pervenit.
1776 1359 1779 1362 ς

732 1405 865 1489 Iamque
895 1404 998 1470 denuo
1026 1404 1183 1470 Herodoti
1204 1404 1312 1470 locum
1335 1404 1535 1483 evolventes,
1559 1406 1616 1469 ubi
1639 1407 1748 1470 virum
1771 1409 1886 1473 immo-

687 1509 822 1574 landum
843 1509 950 1573 σαντα
976 1509 1174 1574 τνκαοίίντα
1198 1509 1360 1587 στέμμασι
1383 1509 1556 1595 Laphystii
1579 1509 1618 1575 ed
1638 1531 1727 1575 aram
1748 1513 1884 1577 ductum

687 1617 785 1680 fuisse
816 1615 930 1691 refert,
956 1618 1054 1680 moris
1078 1616 1176 1680 huius
1200 1617 1359 1700 originem
1383 1617 1606 1700 perspicimus.
1638 1617 1885 1701 Antiquissimis

686 1725 774 1787 enim
793 1721 991 1805 temporibus
1011 1721 1154 1785 Phrixus
1175 1719 1247 1797 ille,
1271 1723 1327 1805 qui
1350 1723 1479 1805 aequori
1503 1728 1663 1787 commoto
1689 1722 1879 1787 mactandae

687 1832 773 1904 erat,
808 1826 1037 1891 involvebatur
1070 1826 1177 1888 arietis
1206 1825 1332 1902 vellere,
1367 1826 1506 1910 quoniam
1535 1826 1656 1890 velleris
1684 1827 1758 1891 ίοιια
1781 1828 1883 1909 wiopa

687 1933 839 2018 referebat
859 1931 953 1995 marie
974 1938 1060 1994 vento
1083 1932 1210 2012 criepute'
1232 1931 1399 2011 ιἰααροαοιιι.

737 2038 766 2100 V
763 2037 840 2100 οίίιιι
870 2045 935 2100 οσαί
966 2060 1076 2121 oeqecor
1106 2037 1254 2116 epitetum
1283 2044 1372 2121 etque
1402 2045 1579 2114 commotum,
1610 2061 1717 2120 οροιινιοα
1749 2041 1880 2103 candido

686 2165 881 2224 σοοιιροονικοο.
902 2141 985 2221 Quid
1005 2149 1115 2207 autem
1133 2140 1237 2206 vellus
1257 2165 1388 2219 οιινοαιοο,
1410 2143 1579 2207 thesaurus
1601 2164 1619 2207 a
1638 2149 1685 2208 tot
1698 2143 1879 2210 Thessaliae

687 2251 851 2332 imprimis
881 2248 1031 2312 heroibus
1062 2245 1203 2332 petitus?
1234 2247 1379 2313 Dubium
1410 2270 1477 2313 esse
1501 2254 1597 2332 atque
1621 2250 1794 2314 obscurum
1818 2271 1879 2315 arn·

688 2353 774 2438 plius
805 2375 867 2417 non
901 2360 1015 2436 potest.
1048 2351 1126 2417 Fuit
1150 2355 1235 2417 enim
1259 2356 1357 2417 maris
1381 2352 1563 2437 superficies
1586 2357 1691 2438 crispa
1714 2375 1811 2421 aureo
1834 2354 1879 2420 lu-

687 2460 775 2522 mine
817 2457 894 2523 eolis
939 2460 1070 2521 orientis
1103 2456 1281 2542 refulgens3
1318 2456 1536 2541 spectaculum
1571 2458 1783 2544 magnifieum
1817 2481 1877 2544 quo

687 2562 818 2627 cottidie
849 2561 982 2647 Minyae
1013 2565 1081 2625 sive
1111 2564 1144 2626 in
1175 2562 1242 2627 alto
1272 2565 1340 2627 eive
1363 2565 1396 2625 in
1419 2565 1540 2647 patriae
1563 2561 1657 2627 litore
1679 2563 1876 2640 fruebantur,

687 2667 773 2751 quod
806 2667 992 2732 hominibus
1028 2671 1094 2731 tam
1129 2666 1228 2731 fertili
1265 2667 1417 2751 praeditis
1447 2669 1577 2753 ingenio
1609 2668 1780 2733 videbatur
1810 2690 1875 2734 esse

686 2792 764 2857 gaza
793 2791 889 2836 aurea
918 2770 1032 2856 procul
1061 2773 1096 2834 in
1125 2773 1246 2836 oriente
1277 2772 1421 2856 deposita
1451 2777 1483 2838 et
1514 2772 1721 2858 dignissime,
1755 2794 1876 2859 quasa

686 2877 871 2941 fortissimis
894 2876 1042 2940 heroibus
1067 2882 1239 2960 peteretur.
1356 2896 1362 2917 ι

732 2980 822 3060 Quod
845 2978 962 3045 melius
985 2983 1083 3044 etiam
1105 2981 1195 3046 nobie
1217 2980 1354 3067 liquebit
1373 2985 1399 3046 si
1420 2981 1681 3066 perpenderimus
1699 2985 1794 3050 initio
1812 3006 1875 3050 non

685 3089 719 3150 in
742 3084 869 3158 Oolchis
892 3086 926 3149 τὸ
953 3091 1081 3166 χρυσοῦν
1101 3092 1182 3159 κῶας
1203 3090 1386 3171 quaesitum
1406 3108 1484 3153 esse.
1508 3088 1664 3174 Legimus
1685 3092 1770 3154 enim
1792 3090 1876 3176 apud

685 3192 920 3258 Mimnermum
945 3193 984 3256 fr.
1015 3191 1052 3255 11
1079 3192 1231 3279 (Bergk):

822 3297 889 3362 etet
912 3298 976 3362 κοτ’
1001 3295 1040 3361 ἂν
1063 3298 1151 3374 μέγα
1176 3304 1255 3370 κῶας
1281 3298 1443 3375 ἀνήγαγεν
1465 3298 1559 3371 αὐτὸς
1585 3300 1689 3375 Ἰήσων

867 3403 902 3481 ἐξ
926 3402 1019 3482 Λίνος,
1044 3401 1177 3473 τελέσας
1202 3402 1409 3480 ἀλγινόεσσαν
1434 3402 1508 3482 ttae,

823 3509 951 3588 ὑβριστῇ
976 3508 1072 3587 Πελίῃ
1096 3506 1207 3572 σαλίων
1231 3509 1410 3589 χαλετκρὲι
1435 3506 1553 3586 οίείλον,

865 3614 926 3680 ott’
952 3613 989 3679 ἂν
1014 3615 1063 3679 ἐτ’
1090 3615 1245 3680 Ὠκεανοῦ
1270 3614 1366 3680 καλὸν
1389 3611 1485 3679 ίκοντο
1508 3615 1572 3696 ρ’ίον

823 3823 939 3897 Αίιίταο
964 3823 1063 3906 τίλιν,
1087 3824 1150 3888 etei
1174 3830 1203 3888 τ’
1230 3825 1317 3895 ὤκίος
1343 3823 1472 3888 Ἠελίοιο

866 3929 990 3999 duriose
1014 3928 1132 4008 χρυσίῳ
1156 3931 1280 3993 κείαται
1305 3930 1336 3993 δν
1359 3929 1492 4008 acidae

822 4032 978 4098 Ὠκεανοῦ
1002 4036 1088 4112 ταροὶ
1113 4043 1241 4116 χεῖλος,
1265 4031 1301 4100 ἵν’
1327 4033 1427 4116 ᾤχετο
1451 4035 1525 4103 θεῖοι
1551 4034 1663 4107 Ἰνίσαν.

683 4138 801 4203 Aeetae
832 4140 935 4224 igitur
957 4138 995 4203 ad
1019 4140 1149 4216 urbem,
1174 4161 1256 4224 quae
1279 4142 1341 4204 sita
1364 4144 1432 4204 erat
1455 4139 1495 4204 ad
1518 4139 1636 4205 flumen
1660 4140 1794 4220 Oceani,
1821 4146 1876 4209 nbi

685 4244 761 4310 solis
791 4242 872 4308 redii
898 4247 986 4309 aurei
1008 4247 1042 4309 in
1066 4245 1213 4310 eubiculo
1237 4249 1359 4322 iacent,
1384 4243 1476 4309 lason
1500 4249 1588 4309 venit
1612 4244 1716 4311 vellus
1739 4269 1875 4314 aureum

683 4357 900 4434 surrepturus.
930 4349 965 4414 Si
988 4353 1060 4434 quis
1083 4357 1192 4415 autem
1215 4357 1309 4437 rogat
1331 4351 1467 4415 fueritne
1489 4351 1567 4415 urbs
1589 4350 1647 4415 illa
1669 4356 1774 4436 posita
1797 4360 1876 4421 occi·

684 4453 806 4520 dentali
838 4458 872 4519 in
907 4460 997 4540 perte
1028 4476 1068 4520 en
1097 4458 1130 4520 in
1162 4458 1303 4533 oriente,
1334 4455 1502 4540 respondet
1533 4455 1647 4522 Strabo
1677 4457 1702 4534 l,
1724 4458 1768 4522 46
1789 4481 1873 4546 sqq.:

684 4558 698 4621 ί
730 4560 867 4638 Σκήψιίς
899 4560 1106 4640 (Demetrius
1132 4561 1198 4627 200
1221 4583 1239 4626 a
1263 4559 1298 4628 Ο.
1323 4567 1369 4640 n.)
1400 4567 1478 4639 Φοσι
1510 4563 1706 4639 παραλαβὼν
1728 4566 1874 4645 μοίρτιιρα

684 4665 873 4745 Μίμνερμον,
904 4661 935 4739 ὃς
969 4666 999 4730 ίν
1030 4670 1072 4746 τῷ
1103 4668 1249 4746 Ὠκεανῷ
1282 4668 1412 4741 ποιήσας
1445 4667 1499 4740 τὴν
1530 4666 1642 4740 οίκνσιν
1673 4673 1727 4734 τοῦ
1759 4671 1875 4747 Λίοίτον

683 4770 777 4851 τρίς
801 4778 893 4842 ταῖς
919 4772 1146 4843 ἀνατολαῖς
1173 4786 1265 4837 κ.τ.λ.

727 4876 793 4942 Νοο
815 4878 953 4954 mirum,
977 4897 1053 4942 nam
1076 4881 1173 4942 Αοοοα
1197 4897 1323 4963 quoque
1346 4874 1452 4941 insula
1473 4878 1535 4943 site
1557 4881 1625 4941 erat
