5125 6150
799 801 869 866 258
1308 817 1475 865 nominoe.

848 979 947 1064 §23:
980 979 1024 1053 μή
1056 977 1196 1058 αίδεσίήσ
1224 979 1248 1042 εί
1274 979 1326 1043 καὶ
1352 979 1424 1057 πρὸς
1451 977 1562 1058 ἀνδρῶν
1586 978 1635 1043 ἐπὶ
1660 980 1702 1058 τῷ
1726 978 1844 1058 ἐτίρῳ
1868 979 1995 1059 ἐρᾶσίαι

805 1085 930 1158 δοκοίης.
972 1085 1044 1150 Non
1079 1083 1245 1169 intollig03
1286 1086 1383 1147 nimis
1417 1086 1516 1148 etiam
1550 1086 1628 1150 bene
1661 1084 1825 1170 intelligo:
1865 1085 1915 1150 ἐπί
1952 1087 1995 1166 τῷ

804 1188 871 1271 ἔον
884 1216 915 1271 υ·

849 1391 948 1476 §231
979 1390 1098 1460 ἐςυσαν
1120 1393 1145 1457 οί
1171 1390 1223 1455 καί
1248 1392 1299 1456 ἐπὶ
1325 1391 1420 1474 τούτῳ
1445 1393 1652 1464 συνίντερ·
1678 1395 1713 1467 ήν
1736 1391 1767 1456 δέ
1791 1393 1837 1469 μή
1860 1389 1940 1470 ὦσιν,
1967 1394 1994 1456 σί

805 1496 920 1562 οίκέται
945 1500 1050 1563 ίνιανοί.
1075 1498 1235 1563 Emendo:
1260 1498 1287 1562 σί
1310 1496 1361 1562 καί
1388 1498 1437 1562 ἐπί
1462 1498 1558 1578 τούτῳ
1582 1497 1810 1575 ίμνιίοντες.

1086 1663 1149 1743 (Ad
1175 1664 1370 1745 Ρίίίορεουοί.
1394 1663 1467 1729 vide
1490 1685 1585 1749 snpra
1607 1687 1639 1749 p.
1663 1664 1709 1744 8.)

1327 1769 1473 1850 Hippiae.

850 1921 926 2006 §22
960 1921 1122 2002 ἐπινοία
1153 1920 1283 1985 κατίπιν
1315 1924 1367 1985 τοῦ
1400 1907 1587 1999 ςρατοπίδου
1617 1927 1677 2003 μιρῖ
1708 1921 1791 1985 νυκτί
1821 1921 1873 1984 τὸν
1894 1919 1997 1986 Ἀλυν

806 2029 1008 2109 περιήγαγεν.
1032 2026 1159 2091 Dicitur
1181 2026 1241 2091 hoo
1264 2028 1370 2112 magio
1395 2029 1598 2110 περιννίρι,
1623 2026 1660 2091 of.
1686 2028 1703 2110 ᾗ
1724 2025 1744 2090 4
1769 2031 1802 2091 et
1824 2025 1855 2091 8.

851 2246 868 2329 ξ
889 2243 927 2310 3:
960 2244 1062 2322 ἀνδρὸς
1092 2242 1195 2320 λίγοις
1219 2243 1276 2321 μέν
1301 2249 1372 2323 παρ’
1397 2239 1497 2308 ίντινα
1520 2244 1628 2321 βούλει
1652 2249 1712 2308 τῶν
1735 2244 1790 2321 πρὸ
1814 2244 1910 2308 αὐτοῦ
1933 2268 1997 2320 γε·

805 2352 1113 2430 γυμνασμένου.
1140 2350 1251 2435 Longe
1275 2350 1432 2434 praefero:
1459 2347 1871 2427 ἐγγεγυμνασμένου.

851 2568 925 2653 54:
958 2569 1000 2632 τὰ
1031 2567 1056 2632 δ’
1081 2567 1351 2645 ἐποικοδομηθέντα
1377 2602 1420 2616 -
1444 2567 1497 2631 τὸν
1526 2573 1585 2632 τῶν
1615 2569 1724 2647 Φοίτνιν
1755 2565 1848 2646 λίγον
1870 2566 1995 2648 Φυλιίτ·

805 2697 909 2739 ποντα.
941 2673 1061 2741 Melius
1091 2673 1274 2760 intelligam
1298 2673 1349 2737 τὸν
1372 2679 1430 2738 τῶν
1453 2678 1735 2754 φωταγωγῶν,
1759 2675 1798 2739 of.
1823 2672 1874 2759 §7
1898 2680 1930 2739 et
1955 2676 1994 2740 de

805 2778 908 2845 Domo
932 2779 962 2843 6.

852 2983 921 3068 §8.
957 2982 1116 3048 Memorat
1147 2982 1308 3047 Lucienus
1342 2985 1419 3061 ὡρῶν
1450 2980 1558 3053 διττὸς
1589 2982 1750 3060 δηλώσεις,
1782 2985 1838 3057 τήν
1866 2983 1923 3061 μέν
1956 2982 1994 3047 δι’

807 3088 917 3163 ὕδατος
949 3090 1000 3155 καί
1024 3092 1285 3167 μυκήματος,
1309 3092 1364 3164 τήν
1387 3088 1418 3153 δέ
1443 3088 1480 3152 δι’
1504 3089 1588 3162 ήλίου
1614 3087 1864 3164 ἐπιδεικνύμενον.
1897 3088 1993 3154 Hune

807 3194 967 3280 horologii
998 3194 1138 3275 εαυρίίυκν
1167 3192 1327 3260 Gesnerne
1358 3199 1391 3258 et
1420 3194 1563 3258 Reitziue
1593 3196 1697 3258 conati
1727 3200 1802 3258 sunt
1828 3194 1993 3280 expedire,

807 3302 862 3366 sed
895 3300 989 3365 hodie
1025 3302 1081 3365 vix
1116 3302 1266 3385 cuiquem
1300 3299 1553 3385 persuadebunt;
1588 3320 1664 3364 nam
1695 3303 1823 3365 etiamsi
1853 3303 1994 3377 sonitus,

807 3406 924 3485 ψόφοι,
949 3408 1105 3470 excitatus
1128 3406 1227 3470 fuerit
1249 3426 1267 3470 a
1290 3403 1412 3470 calculo
1434 3403 1573 3490 singulis
1596 3405 1682 3470 horis
1704 3408 1737 3469 in
1765 3406 1886 3491 pelvim
1914 3406 1998 3471 deoi-

807 3512 921 3589 dento,'
949 3534 1010 3577 non
1039 3511 1168 3593 ναορνῗίνε
1198 3513 1226 3575 is
1257 3511 1409 3575 dicendus
1438 3511 1510 3575 fuit.
1547 3511 1630 3575 Ante
1657 3510 1751 3595 pedes
1779 3514 1921 3597 positum
1946 3520 1995 3576 est

807 3618 1081 3695 τρυπήματος.

853 3818 928 3902 §82
962 3820 987 3882 εί
1021 3819 1051 3882 δέ
1076 3818 1138 3891 telo
1162 3817 1322 3899 παράσχοι
1348 3818 1399 3882 καί
1425 3817 1655 3884 λούσασίαί
1678 3841 1763 3884 ποτε.
1788 3817 1921 3883 Prorsus
1944 3841 1998 3884 ne·

807 3924 980 3989 cessarium
1003 3928 1051 3987 est
1074 3924 1362 3989 ἐλλυείσασίαι.

1326 4092 1473 4154 Baccheo.

853 4257 929 4341 §52
961 4256 1030 4320 σἰντί
1062 4260 1115 4320 τοῦ
1149 4261 1252 4321 κιττοῦ
1275 4254 1391 4336 σίδήρον
1416 4252 1547 4334 εὖρίντις
1573 4254 1634 4319 οὐδ’
1659 4253 1780 4328 οὕτως
1810 4259 1999 4326 ἐπαινεῖν

809 4367 955 4438 τολμῶσι.
979 4361 1048 4426 Iam
1073 4359 1235 4427 Gesnerus
1257 4361 1311 4426 hie
1334 4362 1454 4439 haesit,
1479 4360 1534 4425 sed
1557 4360 1639 4425 nihil
1663 4361 1799 4446 protulit
1820 4365 1904 4447 quod
1928 4386 2002 4450 pro-

808 4468 878 4532 bari
901 4470 1011 4552 possit.
1034 4465 1198 4531 Sententia
1221 4466 1379 4551 postulat:
1404 4465 1464 4530 οὐδ’
1488 4462 1595 4530 οὗτοι
1620 4467 1779 4531 ἐπιέναι
1803 4476 1952 4546 τολμῶσι.

1329 4631 1484 4695 Ηονσνίοσ.

855 4797 929 4880 §4z
962 4797 988 4860 σί
1020 4797 1170 4877 ιέγορήταί
1195 4802 1254 4860 τῶν
1277 4793 1385 4875 Τροίαν
1409 4797 1462 4871 τήν
1487 4794 1550 4860 ίπα
1575 4798 1629 4870 τήν
1652 4799 1840 4878 λειριίεσσαν
1863 4803 2000 4881 ἀφιᾶσιν

810 4898 916 4983 (οἷον)
940 4904 1048 4977 εὐανίή
1073 4926 1153 4969 τινα.
1174 4903 1269 4969 Vides
1293 4904 1370 4989 quid
1393 4901 1557 4969 exciderit.
