5125 6150
961 1456 1196 1539 ΝΑΡΔΟΣ
1237 1458 1501 1539 ΠΙΣΤΙΚΗ.

1167 1701 1291 1742 scalpsit*

1089 1884 1120 1950 S.
1146 1887 1184 1949 A.
1211 1884 1369 1951 NABER.

1138 2186 1325 2229 —wmo—

679 2455 774 2521 Venit
804 2479 906 2543 nuper
936 2459 976 2523 ad
1006 2480 1058 2523 me
1088 2459 1318 2525 Michelsenius
1346 2480 1439 2525 meus
1472 2464 1520 2537 et,
1546 2462 1602 2544 qui
1625 2464 1733 2524 noster
1757 2479 1827 2523 mos

635 2568 698 2639 est,
730 2562 804 2627 data
834 2565 1020 2649 redditaque
1044 2564 1163 2643 salute,
1189 2587 1291 2650 quum
1314 2566 1396 2630 nihil
1419 2586 1482 2631 non
1505 2564 1717 2650 percontando
1740 2585 1827 2629 sum-

634 2670 748 2733 matim
768 2671 1023 2756 attingebamus,
1044 2693 1120 2735 mox
1139 2673 1229 2738 brevi
1248 2692 1338 2738 mora
1357 2674 1545 2757 interposita
1564 2670 1662 2736 attuli
1678 2669 1828 2736 'fischeri-

634 2773 810 2840 dorfianum
840 2778 926 2843 Novi
949 2777 1147 2843 Testamenti
1170 2779 1344 2865 exemplar,
1368 2784 1407 2844 ut
1429 2780 1646 2863 experiremur
1668 2776 1828 2862 numquid

634 2881 723 2945 nobis
753 2885 951 2969 contingeret
974 2885 1113 2949 conferre
1136 2885 1176 2949 ad
1199 2885 1366 2949 meliorem
1390 2884 1504 2949 Sacrae
1528 2882 1713 2968 Scripturae
1732 2881 1828 2947 intel-

633 2984 813 3071 ligentiam.
839 2986 896 3052 Uti
920 3009 1060 3072 aequum
1083 2998 1145 3067 est,
1171 2989 1253 3055 nihil
1272 2991 1450 3054 describam
1470 3010 1583 3054 eorum
1604 3008 1684 3073 quae
1704 2991 1827 3053 amicus

634 3096 711 3156 tunc
741 3114 779 3157 ex
809 3093 901 3180 larga
931 3115 1015 3179 penu
1047 3096 1239 3180 depromsit,
1272 3117 1348 3161 nam
1380 3117 1507 3161 summo
1530 3115 1623 3181 opere
1646 3116 1737 3179 spero
1760 3095 1826 3160 fore

635 3202 671 3260 ut
700 3196 870 3282 aliquando
898 3202 931 3263 in
963 3200 1069 3266 lucem
1099 3204 1167 3286 ipse
1198 3203 1338 3287 proferat
1370 3222 1452 3285 quae
1475 3199 1548 3265 aliis
1571 3200 1742 3276 debentur;
1768 3200 1823 3264 aed

633 3302 761 3367 tandem
785 3325 837 3368 me
857 3309 986 3391 rogavit·
1006 3307 1118 3391 ecquid
1137 3315 1220 3372 esset
1239 3306 1297 3371 illa
1318 3307 1419 3386 νάρδος
1441 3307 1562 3384 crciari,
1583 3326 1680 3390 quam
1692 3303 1822 3369 Marcus

633 3413 664 3471 et
696 3408 851 3475 Iohannes
874 3411 1100 3498 Evangelistae
1123 3413 1336 3498 appellarunt.
1360 3414 1430 3499 Ego
1453 3412 1487 3477 id
1510 3432 1603 3496 saepe
1627 3413 1826 3495 quaesieram

633 3518 665 3577 et
700 3536 802 3599 nuper
836 3520 1051 3582 narrationem
1087 3517 1259 3604 diligenter
1294 3522 1530 3596 examinarem,
1564 3516 1647 3581 lecta
1681 3515 1826 3581 Manenii

633 3618 849 3704 disputatione
880 3625 913 3686 in
944 3623 1099 3704 Ephemer.
1130 3624 1227 3688 Theoi.
1256 3623 1340 3688 1901
1365 3646 1397 3709 p.
1424 3625 1441 3687 1
1467 3623 1505 3687 de
1528 3621 1634 3687 Lucae
1656 3620 1744 3699 loeo,
1769 3623 1825 3705 qui

633 3729 781 3809 exposuit
816 3727 974 3811 quomodo
1007 3731 1040 3792 in
1075 3728 1215 3794 Simonis
1251 3729 1345 3794 domo
1379 3727 1497 3793 mulier
1526 3729 1687 3813 peccatrix
1717 3726 1825 3791 Iesum

631 3829 749 3895 laverit
780 3840 812 3895 et
835 3836 980 3911 unxerit3
1008 3833 1062 3897 sed
1086 3855 1211 3919 semper
1236 3835 1355 3899 frustra
1379 3835 1502 3899 fueram
1527 3838 1560 3898 et
1583 3853 1710 3898 omnem
1733 3834 1827 3897 corri-

633 3936 730 4021 gendi
753 3959 843 4022 apem
865 3937 1055 4003 iamdudum
1075 3939 1268 4019 abieceram;
1291 3942 1570 4005 verumenimvero
1589 3938 1623 4001 τὸ
1644 3935 1826 4017 ζητούμενον

634 4041 752 4106 ἁλωτόν
784 4048 816 4107 et
847 4043 932 4127 quod
962 4047 1085 4128 optanti
1116 4047 1173 4109 vix
1195 4047 1282 4130 ipsae
1306 4045 1420 4110 Musae
1443 4045 1632 4129 promittere
1654 4041 1824 4119 auderent,

633 4147 683 4226 id,
708 4148 817 4226 eredo,
842 4148 999 4215 volvenda
1022 4149 1106 4226 dies,
1130 4171 1186 4227 en,
1212 4149 1324 4215 attulit
1347 4150 1441 4217 ultro.

677 4253 832 4320 Omnium
856 4258 999 4340 primum
1025 4276 1137 4340 operae
1160 4259 1301 4341 pretium
1326 4277 1394 4322 esse
1418 4255 1498 4321 duco
1523 4260 1660 4340 quatuor
1680 4252 1825 4338 Evange-

630 4357 780 4425 listarum
811 4364 1005 4426 narrationes
1037 4369 1183 4427 accurate
1215 4363 1407 4441 describere,
1440 4383 1479 4427 ne
1503 4361 1581 4446 quid
1604 4360 1694 4424 nobis
1716 4361 1825 4443 pereat

632 4465 716 4549 quod
738 4470 896 4550 pertineat
920 4468 959 4533 ad
983 4471 1203 4552 quaestionem
1222 4469 1418 4535 solvendam.
1443 4470 1489 4532 Aa
1508 4469 1575 4531 iam
1595 4468 1706 4531 statim
1725 4466 1824 4529 anim·

630 4570 827 4637 advertimus
857 4576 958 4638 trium
989 4576 1124 4639 testium
1153 4575 1426 4651 concordantiam,
1458 4572 1512 4638 sed
1543 4571 1629 4637 solue
1657 4569 1760 4635 Lucas
1789 4572 1824 4633 in

631 4674 694 4740 alia
721 4679 829 4742 emnia
859 4679 935 4743 abit.
968 4678 1064 4743 Hunc
1095 4681 1199 4766 igitur
1229 4681 1331 4745 tribus
1360 4673 1823 4753 verbisdimittemus3100us

631 4787 680 4844 est
711 4780 769 4847 VII
794 4781 854 4847 36:
888 4784 987 4861 ἠρώτα
1020 4783 1052 4848 id
1082 4809 1129 4856 τις
1162 4785 1257 4850 αὐτὸν
1280 4793 1339 4851 τῶν
1363 4783 1537 4863 Φαρισαίων
1560 4778 1608 4846 ἵνα
1632 4780 1726 4862 <pain
1750 4783 1821 4858 μετ’

632 4889 745 4952 αὐτοῦ·
778 4889 829 4952 καί
862 4890 1002 4955 εἰσελθὼν
1034 4891 1076 4962 είς
1108 4890 1159 4954 τίν
1190 4887 1268 4956 οἶκον
1299 4898 1353 4957 τοῦ
1377 4889 1542 4968 Φαρισαίου
1565 4888 1743 4963 κατεκλίθη.
1768 4886 1820 4952 καί

1661 5009 1677 5058 1
