<?xml version="1.0" encoding="UTF-8"?>
<!DOCTYPE html PUBLIC "-//W3C//DTD XHTML 1.0 Transitional//EN"
    "http://www.w3.org/TR/xhtml1/DTD/xhtml1-transitional.dtd">
<html xmlns="http://www.w3.org/1999/xhtml" xml:lang="en" lang="en">
 <head>
  <title>
</title>
<meta http-equiv="Content-Type" content="text/html;charset=utf-8" />
  <meta name='ocr-system' content='tesseract 3.04.00' />
  <meta name='ocr-capabilities' content='ocr_page ocr_carea ocr_par ocr_line ocrx_word'/>
</head>
<body>
  <div class='ocr_page' id='page_1' title='image "./mnemosyne04verdgoog_0773.png"; bbox 0 0 5125 6150; ppageno 0'>
   <div class='ocr_carea' id='block_1_1' title="bbox 694 817 1444 889">
    <p class='ocr_par' dir='ltr' id='par_1_1' title="bbox 694 817 1444 889">
     <span class='ocr_line' id='line_1_1' title="bbox 694 817 1444 889; baseline 0.001 -6"><span class='ocrx_word' id='word_1_1' title='bbox 694 817 761 889; x_wconf 80' lang='lat'><strong>288</strong></span> <span class='ocrx_word' id='word_1_2' title='bbox 1127 835 1172 882; x_wconf 83' lang='lat' dir='ltr'><strong>nr</strong></span> <span class='ocrx_word' id='word_1_3' title='bbox 1194 836 1304 882; x_wconf 70' lang='lat' dir='ltr'><strong>ueras</strong></span> <span class='ocrx_word' id='word_1_4' title='bbox 1326 835 1444 884; x_wconf 79' lang='lat' dir='ltr'><strong>uacua</strong></span> 
     </span>
    </p>
   </div>
   <div class='ocr_carea' id='block_1_2' title="bbox 672 999 1899 4997">
    <p class='ocr_par' dir='ltr' id='par_1_2' title="bbox 672 999 1899 4997">
     <span class='ocr_line' id='line_1_2' title="bbox 694 999 1897 1091; baseline 0.003 -25"><span class='ocrx_word' id='word_1_5' title='bbox 694 999 892 1086; x_wconf 79' lang='lat' dir='ltr'><strong>Corybantes</strong></span> <span class='ocrx_word' id='word_1_6' title='bbox 924 1020 963 1064; x_wconf 86' lang='lat' dir='ltr'><strong>ex</strong></span> <span class='ocrx_word' id='word_1_7' title='bbox 996 999 1141 1084; x_wconf 90' lang='lat' dir='ltr'><strong>Phrygia</strong></span> <span class='ocrx_word' id='word_1_8' title='bbox 1174 1000 1324 1064; x_wconf 89' lang='lat' dir='ltr'><strong>oriundos</strong></span> <span class='ocrx_word' id='word_1_9' title='bbox 1347 1000 1497 1065; x_wconf 79' lang='lat' dir='ltr'>dicerent.</span> <span class='ocrx_word' id='word_1_10' title='bbox 1523 1003 1566 1066; x_wconf 81' lang='lat' dir='ltr'><strong>At</strong></span> <span class='ocrx_word' id='word_1_11' title='bbox 1588 999 1775 1068; x_wconf 88' lang='lat' dir='ltr'><strong>Demetrius</strong></span> <span class='ocrx_word' id='word_1_12' title='bbox 1798 1002 1897 1091; x_wconf 80' lang='lat' dir='ltr'><strong>Scep</strong></span> 
     </span>
     <span class='ocr_line' id='line_1_3' title="bbox 694 1105 1897 1196; baseline 0.004 -25"><span class='ocrx_word' id='word_1_13' title='bbox 694 1111 761 1172; x_wconf 91' lang='lat' dir='ltr'><strong>sius</strong></span> <span class='ocrx_word' id='word_1_14' title='bbox 793 1106 926 1186; x_wconf 82' lang='lat' dir='ltr'><strong>(Strabo.</strong></span> <span class='ocrx_word' id='word_1_15' title='bbox 952 1105 1031 1181; x_wconf 82' lang='grc'>469)</span> <span class='ocrx_word' id='word_1_16' title='bbox 1065 1112 1218 1191; x_wconf 92' lang='lat' dir='ltr'><strong>utrosque</strong></span> <span class='ocrx_word' id='word_1_17' title='bbox 1243 1128 1318 1171; x_wconf 91' lang='lat' dir='ltr'><strong>cum</strong></span> <span class='ocrx_word' id='word_1_18' title='bbox 1342 1106 1448 1172; x_wconf 90' lang='lat' dir='ltr'><strong>Matre</strong></span> <span class='ocrx_word' id='word_1_19' title='bbox 1472 1108 1618 1195; x_wconf 90' lang='lat' dir='ltr'><strong>Phrygia</strong></span> <span class='ocrx_word' id='word_1_20' title='bbox 1641 1112 1812 1196; x_wconf 88' lang='lat' dir='ltr'><strong>coniungit</strong></span> <span class='ocrx_word' id='word_1_21' title='bbox 1837 1132 1897 1177; x_wconf 88' lang='lat' dir='ltr'><strong>nec</strong></span> 
     </span>
     <span class='ocr_line' id='line_1_4' title="bbox 695 1212 1899 1298; baseline 0.005 -22"><span class='ocrx_word' id='word_1_22' title='bbox 695 1213 869 1298; x_wconf 84' lang='lat' dir='ltr'>quidquam</span> <span class='ocrx_word' id='word_1_23' title='bbox 894 1214 1053 1276; x_wconf 89' lang='lat' dir='ltr'><strong>intereos</strong></span> <span class='ocrx_word' id='word_1_24' title='bbox 1078 1214 1232 1277; x_wconf 89' lang='lat' dir='ltr'><strong>iuteresse</strong></span> <span class='ocrx_word' id='word_1_25' title='bbox 1256 1212 1344 1277; x_wconf 90' lang='lat' dir='ltr'><strong>dicit.</strong></span> <span class='ocrx_word' id='word_1_26' title='bbox 1370 1215 1553 1278; x_wconf 84' lang='lat' dir='ltr'><strong>Assentitur</strong></span> <span class='ocrx_word' id='word_1_27' title='bbox 1575 1213 1625 1279; x_wconf 89' lang='lat' dir='ltr'><strong>illi</strong></span> <span class='ocrx_word' id='word_1_28' title='bbox 1648 1214 1769 1280; x_wconf 88' lang='lat' dir='ltr'><strong>iudicio</strong></span> <span class='ocrx_word' id='word_1_29' title='bbox 1793 1216 1899 1282; x_wconf 82' lang='lat' dir='ltr'><strong>Erato</strong></span> 
     </span>
     <span class='ocr_line' id='line_1_5' title="bbox 695 1316 1590 1405; baseline 0.002 -23"><span class='ocrx_word' id='word_1_30' title='bbox 695 1316 947 1405; x_wconf 75' lang='lat' dir='ltr'><strong>Ovidiana&#39;.[Sed</strong></span> <span class='ocrx_word' id='word_1_31' title='bbox 971 1321 1040 1402; x_wconf 90' lang='lat' dir='ltr'><strong>ipsa</strong></span> <span class='ocrx_word' id='word_1_32' title='bbox 1063 1317 1221 1382; x_wconf 92' lang='lat' dir='ltr'><strong>audienda</strong></span> <span class='ocrx_word' id='word_1_33' title='bbox 1244 1324 1319 1381; x_wconf 91' lang='lat' dir='ltr'><strong>sunt</strong></span> <span class='ocrx_word' id='word_1_34' title='bbox 1341 1319 1438 1383; x_wconf 92' lang='lat' dir='ltr'><strong>verba</strong></span> <span class='ocrx_word' id='word_1_35' title='bbox 1462 1326 1590 1404; x_wconf 91' lang='lat' dir='ltr'><strong>poetae:</strong></span> 
     </span>
     <span class='ocr_line' id='line_1_6' title="bbox 786 1422 1660 1504; baseline 0.005 -16"><span class='ocrx_word' id='word_1_36' title='bbox 786 1422 851 1489; x_wconf 83' lang='lat'><strong>207</strong></span> <span class='ocrx_word' id='word_1_37' title='bbox 876 1424 985 1488; x_wconf 88' lang='lat' dir='ltr'><strong>Ardua</strong></span> <span class='ocrx_word' id='word_1_38' title='bbox 1008 1426 1073 1487; x_wconf 93' lang='lat' dir='ltr'><strong>iam</strong></span> <span class='ocrx_word' id='word_1_39' title='bbox 1098 1423 1222 1487; x_wconf 92' lang='lat' dir='ltr'><strong>dudum</strong></span> <span class='ocrx_word' id='word_1_40' title='bbox 1245 1431 1371 1488; x_wconf 89' lang='lat' dir='ltr'><strong>resonat</strong></span> <span class='ocrx_word' id='word_1_41' title='bbox 1395 1427 1566 1490; x_wconf 74' lang='lat' dir='ltr'><strong>tinnitibus</strong></span> <span class='ocrx_word' id='word_1_42' title='bbox 1590 1424 1660 1504; x_wconf 89' lang='lat' dir='ltr'><strong>Ide,</strong></span> 
     </span>
     <span class='ocr_line' id='line_1_7' title="bbox 920 1529 1530 1615; baseline 0.003 -22"><span class='ocrx_word' id='word_1_43' title='bbox 920 1535 1012 1594; x_wconf 92' lang='lat' dir='ltr'><strong>tutus</strong></span> <span class='ocrx_word' id='word_1_44' title='bbox 1034 1535 1073 1593; x_wconf 93' lang='lat' dir='ltr'><strong>ut</strong></span> <span class='ocrx_word' id='word_1_45' title='bbox 1093 1529 1208 1593; x_wconf 83' lang='lat' dir='ltr'><strong>infanti</strong></span> <span class='ocrx_word' id='word_1_46' title='bbox 1231 1531 1344 1615; x_wconf 81' lang='lat' dir='ltr'><strong>vagiat</strong></span> <span class='ocrx_word' id='word_1_47' title='bbox 1367 1551 1419 1594; x_wconf 94' lang='lat' dir='ltr'><strong>ore</strong></span> <span class='ocrx_word' id='word_1_48' title='bbox 1441 1552 1530 1615; x_wconf 92' lang='lat' dir='ltr'><strong>puer.</strong></span> 
     </span>
     <span class='ocr_line' id='line_1_8' title="bbox 875 1634 1773 1721; baseline 0.003 -22"><span class='ocrx_word' id='word_1_49' title='bbox 875 1636 953 1700; x_wconf 91' lang='lat' dir='ltr'><strong>Pars</strong></span> <span class='ocrx_word' id='word_1_50' title='bbox 976 1634 1093 1720; x_wconf 79' lang='lat' dir='ltr'><strong>clipeos</strong></span> <span class='ocrx_word' id='word_1_51' title='bbox 1115 1635 1266 1712; x_wconf 88' lang='lat' dir='ltr'><strong>rudibus,</strong></span> <span class='ocrx_word' id='word_1_52' title='bbox 1291 1634 1398 1721; x_wconf 79' lang='lat' dir='ltr'>galeas</span> <span class='ocrx_word' id='word_1_53' title='bbox 1421 1657 1494 1720; x_wconf 89' lang='lat' dir='ltr'><strong>pars</strong></span> <span class='ocrx_word' id='word_1_54' title='bbox 1518 1636 1626 1702; x_wconf 91' lang='lat' dir='ltr'><strong>tundit</strong></span> <span class='ocrx_word' id='word_1_55' title='bbox 1647 1640 1757 1702; x_wconf 84' lang='lat' dir='ltr'><strong>inanes</strong></span> <span class='ocrx_word' id='word_1_56' title='bbox 1765 1659 1773 1716; x_wconf 73' lang='grc' dir='ltr'><strong><em>ς</em></strong></span> 
     </span>
     <span class='ocr_line' id='line_1_9' title="bbox 920 1739 1715 1828; baseline 0.004 -23"><span class='ocrx_word' id='word_1_57' title='bbox 920 1743 979 1807; x_wconf 93' lang='lat' dir='ltr'><strong>hoc</strong></span> <span class='ocrx_word' id='word_1_58' title='bbox 1004 1740 1136 1808; x_wconf 88' lang='lat' dir='ltr'><strong>Curetes</strong></span> <span class='ocrx_word' id='word_1_59' title='bbox 1160 1741 1294 1819; x_wconf 90' lang='lat' dir='ltr'><strong>babent,</strong></span> <span class='ocrx_word' id='word_1_60' title='bbox 1320 1742 1379 1806; x_wconf 91' lang='lat' dir='ltr'><strong>boc</strong></span> <span class='ocrx_word' id='word_1_61' title='bbox 1404 1739 1600 1828; x_wconf 82' lang='lat' dir='ltr'>Corybantes</span> <span class='ocrx_word' id='word_1_62' title='bbox 1624 1764 1715 1827; x_wconf 91' lang='lat' dir='ltr'><strong>opus.</strong></span> 
     </span>
     <span class='ocr_line' id='line_1_10' title="bbox 874 1847 1731 1932; baseline 0.002 -20"><span class='ocrx_word' id='word_1_63' title='bbox 874 1848 937 1912; x_wconf 88' lang='lat' dir='ltr'><strong>Res</strong></span> <span class='ocrx_word' id='word_1_64' title='bbox 958 1847 1070 1924; x_wconf 87' lang='lat' dir='ltr'><strong>latuit,</strong></span> <span class='ocrx_word' id='word_1_65' title='bbox 1094 1850 1253 1932; x_wconf 77' lang='lat' dir='ltr'><strong>priscique</strong></span> <span class='ocrx_word' id='word_1_66' title='bbox 1277 1854 1409 1912; x_wconf 90' lang='lat' dir='ltr'><strong>manent</strong></span> <span class='ocrx_word' id='word_1_67' title='bbox 1430 1850 1614 1914; x_wconf 88' lang='lat' dir='ltr'><strong>imitamina</strong></span> <span class='ocrx_word' id='word_1_68' title='bbox 1637 1850 1731 1914; x_wconf 88' lang='lat' dir='ltr'><strong>facti:</strong></span> 
     </span>
     <span class='ocr_line' id='line_1_11' title="bbox 920 1954 1727 2041; baseline 0.004 -23"><span class='ocrx_word' id='word_1_69' title='bbox 920 1975 991 2018; x_wconf 93' lang='lat' dir='ltr'><strong>aera</strong></span> <span class='ocrx_word' id='word_1_70' title='bbox 1016 1954 1092 2018; x_wconf 89' lang='lat' dir='ltr'><strong>deae</strong></span> <span class='ocrx_word' id='word_1_71' title='bbox 1115 1956 1265 2030; x_wconf 88' lang='lat' dir='ltr'><strong>comites,</strong></span> <span class='ocrx_word' id='word_1_72' title='bbox 1290 1975 1447 2038; x_wconf 90' lang='lat' dir='ltr'><strong>raucaque</strong></span> <span class='ocrx_word' id='word_1_73' title='bbox 1471 1961 1563 2041; x_wconf 89' lang='lat' dir='ltr'><strong>terga</strong></span> <span class='ocrx_word' id='word_1_74' title='bbox 1586 1960 1727 2022; x_wconf 87' lang='lat' dir='ltr'><strong>movent.</strong></span> 
     </span>
     <span class='ocr_line' id='line_1_12' title="bbox 875 2057 1785 2147; baseline 0 -21"><span class='ocrx_word' id='word_1_75' title='bbox 875 2058 1033 2147; x_wconf 79' lang='lat' dir='ltr'>Cymbala</span> <span class='ocrx_word' id='word_1_76' title='bbox 1051 2080 1108 2144; x_wconf 93' lang='lat' dir='ltr'><strong>pro</strong></span> <span class='ocrx_word' id='word_1_77' title='bbox 1126 2057 1246 2143; x_wconf 90' lang='lat' dir='ltr'><strong>galeis,</strong></span> <span class='ocrx_word' id='word_1_78' title='bbox 1266 2081 1324 2143; x_wconf 90' lang='lat' dir='ltr'><strong>pro</strong></span> <span class='ocrx_word' id='word_1_79' title='bbox 1343 2062 1443 2124; x_wconf 86' lang='lat' dir='ltr'><strong>scutis</strong></span> <span class='ocrx_word' id='word_1_80' title='bbox 1462 2069 1617 2147; x_wconf 90' lang='lat' dir='ltr'><strong>tympana</strong></span> <span class='ocrx_word' id='word_1_81' title='bbox 1636 2060 1785 2146; x_wconf 90' lang='lat' dir='ltr'><strong>pulsant,</strong></span> 
     </span>
     <span class='ocr_line' id='line_1_13' title="bbox 919 2165 1690 2250; baseline 0.003 -21"><span class='ocrx_word' id='word_1_82' title='bbox 919 2167 1000 2229; x_wconf 91' lang='lat' dir='ltr'><strong>tibia</strong></span> <span class='ocrx_word' id='word_1_83' title='bbox 1023 2165 1076 2229; x_wconf 92' lang='lat' dir='ltr'><strong>dat</strong></span> <span class='ocrx_word' id='word_1_84' title='bbox 1099 2165 1276 2250; x_wconf 90' lang='lat' dir='ltr'><strong>Phrygios,</strong></span> <span class='ocrx_word' id='word_1_85' title='bbox 1302 2172 1339 2229; x_wconf 93' lang='lat' dir='ltr'><strong>ut</strong></span> <span class='ocrx_word' id='word_1_86' title='bbox 1362 2165 1450 2230; x_wconf 86' lang='lat' dir='ltr'><strong>dedit</strong></span> <span class='ocrx_word' id='word_1_87' title='bbox 1473 2173 1563 2244; x_wconf 90' lang='lat' dir='ltr'><strong>ante,</strong></span> <span class='ocrx_word' id='word_1_88' title='bbox 1589 2188 1690 2232; x_wconf 88' lang='lat' dir='ltr'><strong>sonos.</strong></span> 
     </span>
     <span class='ocr_line' id='line_1_14' title="bbox 693 2269 1893 2359; baseline 0.003 -23"><span class='ocrx_word' id='word_1_89' title='bbox 693 2272 815 2338; x_wconf 85' lang='lat' dir='ltr'><strong>Videtis</strong></span> <span class='ocrx_word' id='word_1_90' title='bbox 847 2292 944 2357; x_wconf 92' lang='lat' dir='ltr'><strong>quam</strong></span> <span class='ocrx_word' id='word_1_91' title='bbox 975 2270 1067 2334; x_wconf 89' lang='lat' dir='ltr'><strong>docta</strong></span> <span class='ocrx_word' id='word_1_92' title='bbox 1097 2270 1174 2335; x_wconf 89' lang='lat' dir='ltr'><strong>haec</strong></span> <span class='ocrx_word' id='word_1_93' title='bbox 1198 2274 1241 2335; x_wconf 91' lang='lat' dir='ltr'><strong>sit</strong></span> <span class='ocrx_word' id='word_1_94' title='bbox 1264 2269 1445 2356; x_wconf 83' lang='lat' dir='ltr'><strong>aetiologia.</strong></span> <span class='ocrx_word' id='word_1_95' title='bbox 1470 2271 1541 2337; x_wconf 92' lang='lat' dir='ltr'><strong>Uno</strong></span> <span class='ocrx_word' id='word_1_96' title='bbox 1565 2275 1669 2359; x_wconf 90' lang='lat' dir='ltr'><strong>igitur</strong></span> <span class='ocrx_word' id='word_1_97' title='bbox 1691 2293 1794 2359; x_wconf 88' lang='lat' dir='ltr'><strong>grege</strong></span> <span class='ocrx_word' id='word_1_98' title='bbox 1820 2295 1893 2339; x_wconf 91' lang='lat' dir='ltr'><strong>con·</strong></span> 
     </span>
     <span class='ocr_line' id='line_1_15' title="bbox 691 2375 1892 2461; baseline 0.001 -16"><span class='ocrx_word' id='word_1_99' title='bbox 691 2381 795 2445; x_wconf 89' lang='lat' dir='ltr'><strong>iuncti</strong></span> <span class='ocrx_word' id='word_1_100' title='bbox 818 2376 951 2444; x_wconf 88' lang='lat' dir='ltr'><strong>Curetes</strong></span> <span class='ocrx_word' id='word_1_101' title='bbox 974 2375 1234 2461; x_wconf 88' lang='lat' dir='ltr'><strong>Corybantesque</strong></span> <span class='ocrx_word' id='word_1_102' title='bbox 1259 2375 1317 2440; x_wconf 94' lang='lat' dir='ltr'><strong>deo</strong></span> <span class='ocrx_word' id='word_1_103' title='bbox 1340 2397 1440 2460; x_wconf 91' lang='lat' dir='ltr'><strong>puero</strong></span> <span class='ocrx_word' id='word_1_104' title='bbox 1464 2385 1592 2461; x_wconf 89' lang='lat' dir='ltr'><strong>praesto</strong></span> <span class='ocrx_word' id='word_1_105' title='bbox 1615 2384 1708 2455; x_wconf 90' lang='lat' dir='ltr'><strong>suut,</strong></span> <span class='ocrx_word' id='word_1_106' title='bbox 1730 2378 1793 2443; x_wconf 91' lang='lat' dir='ltr'><strong>hoc</strong></span> <span class='ocrx_word' id='word_1_107' title='bbox 1814 2401 1892 2446; x_wconf 89' lang='lat' dir='ltr'><strong>vero</strong></span> 
     </span>
     <span class='ocr_line' id='line_1_16' title="bbox 693 2481 1891 2567; baseline 0 -18"><span class='ocrx_word' id='word_1_108' title='bbox 693 2485 892 2560; x_wconf 89' lang='lat' dir='ltr'><strong>discrimine,</strong></span> <span class='ocrx_word' id='word_1_109' title='bbox 926 2483 1010 2567; x_wconf 91' lang='lat' dir='ltr'><strong>quod</strong></span> <span class='ocrx_word' id='word_1_110' title='bbox 1040 2484 1096 2567; x_wconf 89' lang='lat' dir='ltr'><strong>qui</strong></span> <span class='ocrx_word' id='word_1_111' title='bbox 1127 2482 1237 2564; x_wconf 81' lang='lat' dir='ltr'><strong>clipeos</strong></span> <span class='ocrx_word' id='word_1_112' title='bbox 1260 2482 1386 2544; x_wconf 75' lang='lat' dir='ltr'><strong>rudibus</strong></span> <span class='ocrx_word' id='word_1_113' title='bbox 1409 2485 1540 2546; x_wconf 79' lang='lat' dir='ltr'><strong>tendunt</strong></span> <span class='ocrx_word' id='word_1_114' title='bbox 1563 2481 1695 2549; x_wconf 88' lang='lat' dir='ltr'><strong>Curetes</strong></span> <span class='ocrx_word' id='word_1_115' title='bbox 1720 2483 1832 2561; x_wconf 87' lang='lat' dir='ltr'><strong>fuere,</strong></span> <span class='ocrx_word' id='word_1_116' title='bbox 1858 2488 1891 2549; x_wconf 92' lang='lat' dir='ltr'><strong>in</strong></span> 
     </span>
     <span class='ocr_line' id='line_1_17' title="bbox 692 2588 1890 2677; baseline 0.002 -22"><span class='ocrx_word' id='word_1_117' title='bbox 692 2612 829 2677; x_wconf 92' lang='lat' dir='ltr'><strong>quorum</strong></span> <span class='ocrx_word' id='word_1_118' title='bbox 860 2591 1050 2653; x_wconf 89' lang='lat' dir='ltr'><strong>memoriam</strong></span> <span class='ocrx_word' id='word_1_119' title='bbox 1081 2590 1240 2653; x_wconf 85' lang='lat' dir='ltr'><strong>antistites</strong></span> <span class='ocrx_word' id='word_1_120' title='bbox 1271 2588 1346 2653; x_wconf 90' lang='lat' dir='ltr'><strong>deae</strong></span> <span class='ocrx_word' id='word_1_121' title='bbox 1371 2596 1479 2673; x_wconf 90' lang='lat' dir='ltr'><strong>postea</strong></span> <span class='ocrx_word' id='word_1_122' title='bbox 1504 2610 1583 2674; x_wconf 92' lang='lat' dir='ltr'><strong>„pro</strong></span> <span class='ocrx_word' id='word_1_123' title='bbox 1605 2591 1704 2654; x_wconf 89' lang='lat' dir='ltr'><strong>scutis</strong></span> <span class='ocrx_word' id='word_1_124' title='bbox 1728 2590 1890 2676; x_wconf 87' lang='lat' dir='ltr'><strong>tympana</strong></span> 
     </span>
     <span class='ocr_line' id='line_1_18' title="bbox 690 2693 1890 2781; baseline 0.001 -21"><span class='ocrx_word' id='word_1_125' title='bbox 690 2696 839 2781; x_wconf 88' lang='lat' dir='ltr'><strong>pulsant,</strong></span> <span class='ocrx_word' id='word_1_126' title='bbox 864 2715 1020 2779; x_wconf 87' lang='lat' dir='ltr'><strong>raucaque</strong></span> <span class='ocrx_word' id='word_1_127' title='bbox 1044 2700 1136 2779; x_wconf 89' lang='lat' dir='ltr'><strong>terga</strong></span> <span class='ocrx_word' id='word_1_128' title='bbox 1158 2693 1328 2771; x_wconf 78' lang='lat' dir='ltr'><strong>movent&#39;’;</strong></span> <span class='ocrx_word' id='word_1_129' title='bbox 1351 2700 1461 2759; x_wconf 90' lang='lat' dir='ltr'><strong>contra</strong></span> <span class='ocrx_word' id='word_1_130' title='bbox 1480 2693 1677 2781; x_wconf 79' lang='lat' dir='ltr'><strong>Corybantes</strong></span> <span class='ocrx_word' id='word_1_131' title='bbox 1693 2696 1803 2776; x_wconf 78' lang='grc' dir='ltr'><strong><em>ροίιοι</em></strong></span> <span class='ocrx_word' id='word_1_132' title='bbox 1824 2706 1890 2761; x_wconf 76' lang='grc' dir='ltr'><strong>ιιιιιΙ</strong></span> 
     </span>
     <span class='ocr_line' id='line_1_19' title="bbox 691 2799 1889 2888; baseline 0.002 -22"><span class='ocrx_word' id='word_1_133' title='bbox 691 2805 767 2866; x_wconf 79' lang='lat' dir='ltr'><strong>dant</strong></span> <span class='ocrx_word' id='word_1_134' title='bbox 789 2803 904 2865; x_wconf 79' lang='lat' dir='ltr'><strong>inausa.</strong></span> <span class='ocrx_word' id='word_1_135' title='bbox 936 2799 1062 2864; x_wconf 83' lang='lat' dir='ltr'><strong>Subtile</strong></span> <span class='ocrx_word' id='word_1_136' title='bbox 1086 2799 1274 2876; x_wconf 85' lang='lat' dir='ltr'><strong>discrimen,</strong></span> <span class='ocrx_word' id='word_1_137' title='bbox 1300 2799 1383 2885; x_wconf 92' lang='lat' dir='ltr'><strong>quod</strong></span> <span class='ocrx_word' id='word_1_138' title='bbox 1406 2802 1478 2886; x_wconf 92' lang='lat' dir='ltr'><strong>quis</strong></span> <span class='ocrx_word' id='word_1_139' title='bbox 1502 2804 1626 2886; x_wconf 87' lang='lat' dir='ltr'><strong>primus</strong></span> <span class='ocrx_word' id='word_1_140' title='bbox 1650 2805 1889 2888; x_wconf 82' lang='lat' dir='ltr'><strong>excogitaverit</strong></span> 
     </span>
     <span class='ocr_line' id='line_1_20' title="bbox 689 2906 1889 2994; baseline 0.001 -20"><span class='ocrx_word' id='word_1_141' title='bbox 689 2911 887 2994; x_wconf 89' lang='lat' dir='ltr'><strong>ignoramus.</strong></span> <span class='ocrx_word' id='word_1_142' title='bbox 908 2906 999 2987; x_wconf 81' lang='lat' dir='ltr'><strong>Quod</strong></span> <span class='ocrx_word' id='word_1_143' title='bbox 1019 2906 1057 2970; x_wconf 93' lang='lat' dir='ltr'><strong>ad</strong></span> <span class='ocrx_word' id='word_1_144' title='bbox 1077 2908 1181 2990; x_wconf 89' lang='lat' dir='ltr'><strong>ipsam</strong></span> <span class='ocrx_word' id='word_1_145' title='bbox 1201 2914 1310 2971; x_wconf 90' lang='lat' dir='ltr'><strong>autem</strong></span> <span class='ocrx_word' id='word_1_146' title='bbox 1331 2926 1398 2969; x_wconf 89' lang='lat' dir='ltr'><strong>rem</strong></span> <span class='ocrx_word' id='word_1_147' title='bbox 1417 2909 1542 2983; x_wconf 87' lang='lat' dir='ltr'><strong>attinet,</strong></span> <span class='ocrx_word' id='word_1_148' title='bbox 1564 2908 1708 2972; x_wconf 91' lang='lat' dir='ltr'><strong>eiusdem</strong></span> <span class='ocrx_word' id='word_1_149' title='bbox 1730 2908 1889 2975; x_wconf 88' lang='lat' dir='ltr'><strong>discrimi-</strong></span> 
     </span>
     <span class='ocr_line' id='line_1_21' title="bbox 689 3002 1888 3099; baseline 0.002 -20"><span class='ocrx_word' id='word_1_150' title='bbox 689 3017 739 3079; x_wconf 89' lang='lat' dir='ltr'><strong>nis</strong></span> <span class='ocrx_word' id='word_1_151' title='bbox 762 3014 917 3079; x_wconf 90' lang='lat' dir='ltr'><strong>memoria</strong></span> <span class='ocrx_word' id='word_1_152' title='bbox 938 3017 1083 3097; x_wconf 83' lang='lat' dir='ltr'><strong>superest</strong></span> <span class='ocrx_word' id='word_1_153' title='bbox 1106 3032 1230 3098; x_wconf 93' lang='lat' dir='ltr'><strong>quoque</strong></span> <span class='ocrx_word' id='word_1_154' title='bbox 1254 3011 1339 3097; x_wconf 92' lang='lat' dir='ltr'><strong>apud</strong></span> <span class='ocrx_word' id='word_1_155' title='bbox 1358 3010 1551 3099; x_wconf 88' lang='lat' dir='ltr'><strong>Dionysium</strong></span> <span class='ocrx_word' id='word_1_156' title='bbox 1572 3002 1888 3081; x_wconf 86' lang='lat' dir='ltr'><strong>Halicarnasseneem</strong></span> 
     </span>
     <span class='ocr_line' id='line_1_22' title="bbox 688 3117 1886 3200; baseline 0 -14"><span class='ocrx_word' id='word_1_157' title='bbox 688 3121 731 3187; x_wconf 88' lang='lat' dir='ltr'><strong>Il.</strong></span> <span class='ocrx_word' id='word_1_158' title='bbox 753 3120 811 3185; x_wconf 81' lang='lat' dir='ltr'><strong>CC:</strong></span> <span class='ocrx_word' id='word_1_159' title='bbox 831 3120 955 3200; x_wconf 74' lang='grc' dir='ltr'><strong><em>χορείαν</em></strong></span> <span class='ocrx_word' id='word_1_160' title='bbox 977 3118 1111 3183; x_wconf 77' lang='grc' dir='ltr'><strong><em>ἐνόπλιον</em></strong></span> <span class='ocrx_word' id='word_1_161' title='bbox 1131 3119 1183 3182; x_wconf 77' lang='grc' dir='ltr'><strong>καί</strong></span> <span class='ocrx_word' id='word_1_162' title='bbox 1204 3117 1255 3181; x_wconf 81' lang='grc' dir='ltr'><strong>τίν</strong></span> <span class='ocrx_word' id='word_1_163' title='bbox 1277 3119 1307 3180; x_wconf 82' lang='grc' dir='ltr'><strong>ἐν</strong></span> <span class='ocrx_word' id='word_1_164' title='bbox 1327 3126 1399 3190; x_wconf 65' lang='lat' dir='ltr'><strong>raia</strong></span> <span class='ocrx_word' id='word_1_165' title='bbox 1418 3120 1544 3182; x_wconf 80' lang='grc' dir='ltr'><strong><em>ιίτπίτιν</em></strong></span> <span class='ocrx_word' id='word_1_166' title='bbox 1564 3118 1815 3195; x_wconf 72' lang='grc' dir='ltr'><strong><em>ἀποτελούμενον</em></strong></span> <span class='ocrx_word' id='word_1_167' title='bbox 1830 3122 1886 3186; x_wconf 74' lang='grc' dir='ltr'><strong>ὑπὸ</strong></span> 
     </span>
     <span class='ocr_line' id='line_1_23' title="bbox 690 3221 1885 3304; baseline -0.001 -14"><span class='ocrx_word' id='word_1_168' title='bbox 690 3234 747 3290; x_wconf 81' lang='grc' dir='ltr'><strong>τῶν</strong></span> <span class='ocrx_word' id='word_1_169' title='bbox 779 3224 969 3304; x_wconf 72' lang='grc' dir='ltr'><strong>ἐγχειριδίων</strong></span> <span class='ocrx_word' id='word_1_170' title='bbox 1000 3225 1103 3302; x_wconf 79' lang='grc' dir='ltr'><strong><em>ψίφον</em></strong></span> <span class='ocrx_word' id='word_1_171' title='bbox 1135 3231 1283 3300; x_wconf 76' lang='grc' dir='ltr'><strong><em>Κουρῆτες</em></strong></span> <span class='ocrx_word' id='word_1_172' title='bbox 1314 3221 1391 3296; x_wconf 76' lang='grc' dir='ltr'><strong><em>ἦσαν</em></strong></span> <span class='ocrx_word' id='word_1_173' title='bbox 1421 3225 1447 3286; x_wconf 91' lang='grc' dir='ltr'><strong>οί</strong></span> <span class='ocrx_word' id='word_1_174' title='bbox 1471 3230 1579 3303; x_wconf 82' lang='grc' dir='ltr'><strong><em>πρῶτοι</em></strong></span> <span class='ocrx_word' id='word_1_175' title='bbox 1605 3226 1885 3304; x_wconf 70' lang='grc' dir='ltr'><strong><em>καταστήσαντες,</em></strong></span> 
     </span>
     <span class='ocr_line' id='line_1_24' title="bbox 689 3327 1885 3419; baseline -0.002 -21"><span class='ocrx_word' id='word_1_176' title='bbox 689 3336 744 3419; x_wconf 88' lang='lat' dir='ltr'><strong>qui</strong></span> <span class='ocrx_word' id='word_1_177' title='bbox 765 3332 854 3397; x_wconf 86' lang='lat' dir='ltr'><strong>addit</strong></span> <span class='ocrx_word' id='word_1_178' title='bbox 872 3329 1033 3395; x_wconf 83' lang='lat' dir='ltr'><strong>Saliorum</strong></span> <span class='ocrx_word' id='word_1_179' title='bbox 1053 3329 1154 3416; x_wconf 89' lang='lat' dir='ltr'><strong>peltas</strong></span> <span class='ocrx_word' id='word_1_180' title='bbox 1174 3327 1357 3394; x_wconf 89' lang='lat' dir='ltr'><strong>simillimas</strong></span> <span class='ocrx_word' id='word_1_181' title='bbox 1377 3349 1444 3394; x_wconf 88' lang='lat' dir='ltr'><strong>esse</strong></span> <span class='ocrx_word' id='word_1_182' title='bbox 1462 3331 1503 3393; x_wconf 91' lang='lat' dir='ltr'><strong>iis</strong></span> <span class='ocrx_word' id='word_1_183' title='bbox 1524 3327 1588 3399; x_wconf 79' lang='grc' dir='ltr'><strong><em>ιίος</em></strong></span> <span class='ocrx_word' id='word_1_184' title='bbox 1610 3330 1757 3406; x_wconf 73' lang='grc' dir='ltr'><strong><em>λέγονται</em></strong></span> <span class='ocrx_word' id='word_1_185' title='bbox 1780 3331 1885 3410; x_wconf 61' lang='lat' dir='ltr'><strong>class</strong></span> 
     </span>
     <span class='ocr_line' id='line_1_25' title="bbox 690 3433 1886 3522; baseline 0.001 -20"><span class='ocrx_word' id='word_1_186' title='bbox 690 3440 715 3502; x_wconf 95' lang='grc' dir='ltr'><strong>οί</strong></span> <span class='ocrx_word' id='word_1_187' title='bbox 740 3438 781 3501; x_wconf 78' lang='lat' dir='ltr'><strong>rol</strong></span> <span class='ocrx_word' id='word_1_188' title='bbox 808 3439 961 3513; x_wconf 67' lang='grc' dir='ltr'><strong><em>Κουρήτων</em></strong></span> <span class='ocrx_word' id='word_1_189' title='bbox 985 3459 1047 3513; x_wconf 86' lang='grc' dir='ltr'><strong><em>ποιρ</em></strong></span> <span class='ocrx_word' id='word_1_190' title='bbox 1065 3433 1199 3507; x_wconf 71' lang='grc' dir='ltr'><strong><em>Ἕλλησι</em></strong></span> <span class='ocrx_word' id='word_1_191' title='bbox 1220 3436 1433 3504; x_wconf 75' lang='grc' dir='ltr'><strong><em>ἐπιτελοῦντες</em></strong></span> <span class='ocrx_word' id='word_1_192' title='bbox 1454 3433 1530 3513; x_wconf 83' lang='grc' dir='ltr'><strong><em>ίεριί.</em></strong></span> <span class='ocrx_word' id='word_1_193' title='bbox 1552 3434 1672 3500; x_wconf 84' lang='lat' dir='ltr'><strong>Verum</strong></span> <span class='ocrx_word' id='word_1_194' title='bbox 1692 3457 1755 3500; x_wconf 91' lang='lat' dir='ltr'><strong>non</strong></span> <span class='ocrx_word' id='word_1_195' title='bbox 1777 3441 1886 3522; x_wconf 83' lang='lat' dir='ltr'><strong>potuit</strong></span> 
     </span>
     <span class='ocr_line' id='line_1_26' title="bbox 688 3540 1884 3627; baseline 0.001 -19"><span class='ocrx_word' id='word_1_196' title='bbox 688 3542 753 3608; x_wconf 90' lang='lat' dir='ltr'><strong>tale</strong></span> <span class='ocrx_word' id='word_1_197' title='bbox 773 3543 942 3606; x_wconf 87' lang='lat' dir='ltr'><strong>discrimen</strong></span> <span class='ocrx_word' id='word_1_198' title='bbox 961 3544 996 3605; x_wconf 92' lang='lat' dir='ltr'><strong>in</strong></span> <span class='ocrx_word' id='word_1_199' title='bbox 1015 3540 1204 3627; x_wconf 90' lang='lat' dir='ltr'><strong>aetiologica</strong></span> <span class='ocrx_word' id='word_1_200' title='bbox 1224 3541 1448 3626; x_wconf 89' lang='lat' dir='ltr'><strong>disquisitione</strong></span> <span class='ocrx_word' id='word_1_201' title='bbox 1468 3544 1619 3606; x_wconf 89' lang='lat' dir='ltr'><strong>constitui</strong></span> <span class='ocrx_word' id='word_1_202' title='bbox 1639 3544 1701 3606; x_wconf 89' lang='lat' dir='ltr'><strong>nisi</strong></span> <span class='ocrx_word' id='word_1_203' title='bbox 1721 3551 1780 3607; x_wconf 92' lang='lat' dir='ltr'><strong>aut</strong></span> <span class='ocrx_word' id='word_1_204' title='bbox 1800 3552 1884 3609; x_wconf 89' lang='lat' dir='ltr'><strong>certo</strong></span> 
     </span>
     <span class='ocr_line' id='line_1_27' title="bbox 690 3646 1883 3732; baseline 0 -19"><span class='ocrx_word' id='word_1_205' title='bbox 690 3670 750 3713; x_wconf 91' lang='lat' dir='ltr'><strong>usu</strong></span> <span class='ocrx_word' id='word_1_206' title='bbox 775 3647 883 3711; x_wconf 92' lang='lat' dir='ltr'><strong>cultus</strong></span> <span class='ocrx_word' id='word_1_207' title='bbox 905 3649 1052 3723; x_wconf 89' lang='lat' dir='ltr'><strong>iubente,</strong></span> <span class='ocrx_word' id='word_1_208' title='bbox 1077 3655 1132 3712; x_wconf 88' lang='lat' dir='ltr'><strong>aut</strong></span> <span class='ocrx_word' id='word_1_209' title='bbox 1156 3647 1308 3711; x_wconf 90' lang='lat' dir='ltr'><strong>suadente</strong></span> <span class='ocrx_word' id='word_1_210' title='bbox 1333 3646 1541 3732; x_wconf 87' lang='lat' dir='ltr'><strong>etymologia.</strong></span> <span class='ocrx_word' id='word_1_211' title='bbox 1574 3648 1668 3712; x_wconf 88' lang='lat' dir='ltr'><strong>Prior</strong></span> <span class='ocrx_word' id='word_1_212' title='bbox 1690 3650 1748 3712; x_wconf 87' lang='lat' dir='ltr'><strong>vix</strong></span> <span class='ocrx_word' id='word_1_213' title='bbox 1772 3651 1883 3715; x_wconf 91' lang='lat' dir='ltr'><strong>subest</strong></span> 
     </span>
     <span class='ocr_line' id='line_1_28' title="bbox 688 3750 1881 3839; baseline 0.001 -19"><span class='ocrx_word' id='word_1_214' title='bbox 688 3775 800 3834; x_wconf 92' lang='lat' dir='ltr'><strong>causa,</strong></span> <span class='ocrx_word' id='word_1_215' title='bbox 820 3774 895 3817; x_wconf 92' lang='lat' dir='ltr'><strong>nam</strong></span> <span class='ocrx_word' id='word_1_216' title='bbox 919 3750 1117 3839; x_wconf 79' lang='lat' dir='ltr'><strong>Corybantes</strong></span> <span class='ocrx_word' id='word_1_217' title='bbox 1141 3774 1266 3838; x_wconf 91' lang='lat' dir='ltr'><strong>quoque</strong></span> <span class='ocrx_word' id='word_1_218' title='bbox 1291 3772 1382 3836; x_wconf 90' lang='lat' dir='ltr'><strong>saepe</strong></span> <span class='ocrx_word' id='word_1_219' title='bbox 1407 3752 1557 3816; x_wconf 90' lang='lat' dir='ltr'><strong>dicuntur</strong></span> <span class='ocrx_word' id='word_1_220' title='bbox 1579 3754 1695 3838; x_wconf 91' lang='lat' dir='ltr'><strong>clipeos</strong></span> <span class='ocrx_word' id='word_1_221' title='bbox 1719 3752 1881 3839; x_wconf 90' lang='lat' dir='ltr'><strong>pulsasse;</strong></span> 
     </span>
     <span class='ocr_line' id='line_1_29' title="bbox 688 3858 1883 3946; baseline 0.001 -20"><span class='ocrx_word' id='word_1_222' title='bbox 688 3858 889 3946; x_wconf 89' lang='lat' dir='ltr'><strong>etymologia</strong></span> <span class='ocrx_word' id='word_1_223' title='bbox 923 3880 999 3944; x_wconf 87' lang='lat' dir='ltr'><strong>ergo</strong></span> <span class='ocrx_word' id='word_1_224' title='bbox 1035 3862 1136 3923; x_wconf 89' lang='lat' dir='ltr'><strong>suasit</strong></span> <span class='ocrx_word' id='word_1_225' title='bbox 1170 3859 1262 3923; x_wconf 90' lang='lat' dir='ltr'><strong>docto</strong></span> <span class='ocrx_word' id='word_1_226' title='bbox 1295 3859 1400 3922; x_wconf 89' lang='lat' dir='ltr'><strong>nescio</strong></span> <span class='ocrx_word' id='word_1_227' title='bbox 1432 3860 1483 3921; x_wconf 89' lang='lat' dir='ltr'><strong>cui</strong></span> <span class='ocrx_word' id='word_1_228' title='bbox 1514 3861 1678 3943; x_wconf 86' lang='lat' dir='ltr'><strong>scriptori,</strong></span> <span class='ocrx_word' id='word_1_229' title='bbox 1709 3867 1749 3926; x_wconf 94' lang='lat' dir='ltr'><strong>ut</strong></span> <span class='ocrx_word' id='word_1_230' title='bbox 1780 3861 1820 3926; x_wconf 92' lang='lat' dir='ltr'><strong>de</strong></span> <span class='ocrx_word' id='word_1_231' title='bbox 1851 3884 1883 3927; x_wconf 91' lang='lat' dir='ltr'><strong>se</strong></span> 
     </span>
     <span class='ocr_line' id='line_1_30' title="bbox 688 3962 1884 4053; baseline -0.002 -19"><span class='ocrx_word' id='word_1_232' title='bbox 688 3966 886 4053; x_wconf 79' lang='lat' dir='ltr'><strong>Corybantes</strong></span> <span class='ocrx_word' id='word_1_233' title='bbox 910 3986 928 4029; x_wconf 95' lang='lat' dir='ltr'><strong>a</strong></span> <span class='ocrx_word' id='word_1_234' title='bbox 951 3962 1123 4030; x_wconf 88' lang='lat' dir='ltr'><strong>Curetibus</strong></span> <span class='ocrx_word' id='word_1_235' title='bbox 1143 3965 1202 4030; x_wconf 91' lang='lat' dir='ltr'><strong>hoc</strong></span> <span class='ocrx_word' id='word_1_236' title='bbox 1222 3964 1405 4028; x_wconf 88' lang='lat' dir='ltr'><strong>discrimine</strong></span> <span class='ocrx_word' id='word_1_237' title='bbox 1425 3962 1647 4050; x_wconf 89' lang='lat' dir='ltr'><strong>distingueret.</strong></span> <span class='ocrx_word' id='word_1_238' title='bbox 1672 3964 1715 4029; x_wconf 81' lang='lat' dir='ltr'><strong>Et</strong></span> <span class='ocrx_word' id='word_1_239' title='bbox 1733 3968 1767 4029; x_wconf 92' lang='lat' dir='ltr'><strong>in</strong></span> <span class='ocrx_word' id='word_1_240' title='bbox 1789 3964 1884 4033; x_wconf 78' lang='lat' dir='ltr'><strong>Cura</strong></span> 
     </span>
     <span class='ocr_line' id='line_1_31' title="bbox 688 4068 1882 4155; baseline 0.001 -18"><span class='ocrx_word' id='word_1_241' title='bbox 688 4079 759 4137; x_wconf 93' lang='lat' dir='ltr'><strong>tum</strong></span> <span class='ocrx_word' id='word_1_242' title='bbox 782 4074 912 4136; x_wconf 90' lang='lat' dir='ltr'><strong>nomine</strong></span> <span class='ocrx_word' id='word_1_243' title='bbox 932 4071 1105 4135; x_wconf 89' lang='lat' dir='ltr'><strong>derivando</strong></span> <span class='ocrx_word' id='word_1_244' title='bbox 1127 4092 1178 4135; x_wconf 93' lang='lat' dir='ltr'><strong>me</strong></span> <span class='ocrx_word' id='word_1_245' title='bbox 1198 4069 1328 4155; x_wconf 91' lang='lat' dir='ltr'><strong>quidem</strong></span> <span class='ocrx_word' id='word_1_246' title='bbox 1348 4075 1414 4133; x_wconf 88' lang='lat' dir='ltr'><strong>tam</strong></span> <span class='ocrx_word' id='word_1_247' title='bbox 1436 4072 1517 4134; x_wconf 90' lang='lat' dir='ltr'><strong>ratio</strong></span> <span class='ocrx_word' id='word_1_248' title='bbox 1537 4068 1634 4146; x_wconf 90' lang='lat' dir='ltr'><strong>latet,</strong></span> <span class='ocrx_word' id='word_1_249' title='bbox 1654 4091 1751 4155; x_wconf 91' lang='lat' dir='ltr'><strong>quam</strong></span> <span class='ocrx_word' id='word_1_250' title='bbox 1772 4081 1882 4138; x_wconf 87' lang='lat' dir='ltr'><strong>auctor</strong></span> 
     </span>
     <span class='ocr_line' id='line_1_32' title="bbox 689 4175 1882 4263; baseline 0.001 -22"><span class='ocrx_word' id='word_1_251' title='bbox 689 4217 731 4227; x_wconf 91' lang='lat'>—</span> <span class='ocrx_word' id='word_1_252' title='bbox 747 4199 786 4243; x_wconf 95' lang='lat' dir='ltr'><strong>ne</strong></span> <span class='ocrx_word' id='word_1_253' title='bbox 806 4180 892 4242; x_wconf 92' lang='lat' dir='ltr'><strong>enim</strong></span> <span class='ocrx_word' id='word_1_254' title='bbox 913 4197 931 4241; x_wconf 92' lang='lat' dir='ltr'><strong>a</strong></span> <span class='ocrx_word' id='word_1_255' title='bbox 948 4177 1045 4241; x_wconf 93' lang='lat' dir='ltr'><strong>verbo</strong></span> <span class='ocrx_word' id='word_1_256' title='bbox 1066 4177 1178 4255; x_wconf 77' lang='grc' dir='ltr'><strong><em>κρούειν</em></strong></span> <span class='ocrx_word' id='word_1_257' title='bbox 1198 4175 1327 4239; x_wconf 82' lang='lat' dir='ltr'><strong>duxisse</strong></span> <span class='ocrx_word' id='word_1_258' title='bbox 1347 4195 1421 4239; x_wconf 90' lang='lat' dir='ltr'><strong>eum</strong></span> <span class='ocrx_word' id='word_1_259' title='bbox 1442 4183 1588 4251; x_wconf 77' lang='grc' dir='ltr'><strong><em>κονρῆτιις</em></strong></span> <span class='ocrx_word' id='word_1_260' title='bbox 1609 4176 1735 4241; x_wconf 90' lang='lat' dir='ltr'><strong>credam</strong></span> <span class='ocrx_word' id='word_1_261' title='bbox 1756 4185 1882 4263; x_wconf 90' lang='lat' dir='ltr'><strong>praeter</strong></span> 
     </span>
     <span class='ocr_line' id='line_1_33' title="bbox 687 4279 1882 4368; baseline 0.001 -19"><span class='ocrx_word' id='word_1_262' title='bbox 687 4284 750 4349; x_wconf 91' lang='lat' dir='ltr'><strong>alia</strong></span> <span class='ocrx_word' id='word_1_263' title='bbox 769 4304 821 4347; x_wconf 93' lang='lat' dir='ltr'><strong>me</strong></span> <span class='ocrx_word' id='word_1_264' title='bbox 841 4282 1085 4367; x_wconf 89' lang='lat' dir='ltr'><strong>prohibetquod</strong></span> <span class='ocrx_word' id='word_1_265' title='bbox 1097 4285 1131 4346; x_wconf 91' lang='lat' dir='ltr'><strong>in</strong></span> <span class='ocrx_word' id='word_1_266' title='bbox 1143 4282 1204 4345; x_wconf 88' lang='lat' dir='ltr'><strong>boc</strong></span> <span class='ocrx_word' id='word_1_267' title='bbox 1216 4283 1345 4346; x_wconf 91' lang='lat' dir='ltr'><strong>nomine</strong></span> <span class='ocrx_word' id='word_1_268' title='bbox 1358 4279 1529 4345; x_wconf 90' lang='lat' dir='ltr'><strong>derivando</strong></span> <span class='ocrx_word' id='word_1_269' title='bbox 1541 4279 1682 4346; x_wconf 86' lang='lat' dir='ltr'><strong>Graecus</strong></span> <span class='ocrx_word' id='word_1_270' title='bbox 1693 4288 1882 4368; x_wconf 90' lang='lat' dir='ltr'><strong>grammati·</strong></span> 
     </span>
     <span class='ocr_line' id='line_1_34' title="bbox 672 4386 1880 4475; baseline 0 -20"><span class='ocrx_word' id='word_1_271' title='bbox 672 4411 744 4475; x_wconf 85' lang='lat' dir='ltr'><strong>¹cns</strong></span> <span class='ocrx_word' id='word_1_272' title='bbox 759 4387 869 4473; x_wconf 92' lang='lat' dir='ltr'><strong>procul</strong></span> <span class='ocrx_word' id='word_1_273' title='bbox 885 4387 981 4452; x_wconf 93' lang='lat' dir='ltr'><strong>dubio</strong></span> <span class='ocrx_word' id='word_1_274' title='bbox 999 4394 1065 4452; x_wconf 89' lang='lat' dir='ltr'><strong>tam</strong></span> <span class='ocrx_word' id='word_1_275' title='bbox 1079 4391 1167 4453; x_wconf 89' lang='lat' dir='ltr'><strong>vocis</strong></span> <span class='ocrx_word' id='word_1_276' title='bbox 1179 4387 1270 4470; x_wconf 74' lang='grc' dir='ltr'><strong><em>τίν’ριί</em></strong></span> <span class='ocrx_word' id='word_1_277' title='bbox 1282 4407 1379 4472; x_wconf 91' lang='lat' dir='ltr'><strong>quam</strong></span> <span class='ocrx_word' id='word_1_278' title='bbox 1386 4386 1537 4468; x_wconf 73' lang='lat' dir='ltr'><strong>pulsandi</strong></span> <span class='ocrx_word' id='word_1_279' title='bbox 1548 4390 1703 4453; x_wconf 89' lang='lat' dir='ltr'><strong>rationem</strong></span> <span class='ocrx_word' id='word_1_280' title='bbox 1716 4390 1880 4455; x_wconf 90' lang='lat' dir='ltr'><strong>habuisset</strong></span> 
     </span>
     <span class='ocr_line' id='line_1_35' title="bbox 688 4491 1878 4579; baseline 0.002 -20"><span class='ocrx_word' id='word_1_281' title='bbox 688 4533 730 4544; x_wconf 88' lang='lat'><em>-</em></span> <span class='ocrx_word' id='word_1_282' title='bbox 749 4493 804 4559; x_wconf 92' lang='lat' dir='ltr'><strong>sed</strong></span> <span class='ocrx_word' id='word_1_283' title='bbox 825 4514 900 4558; x_wconf 92' lang='lat' dir='ltr'><strong>cum</strong></span> <span class='ocrx_word' id='word_1_284' title='bbox 919 4492 1013 4558; x_wconf 87' lang='lat' dir='ltr'><strong>video</strong></span> <span class='ocrx_word' id='word_1_285' title='bbox 1033 4491 1230 4579; x_wconf 91' lang='lat' dir='ltr'><strong>Corybantes</strong></span> <span class='ocrx_word' id='word_1_286' title='bbox 1250 4492 1313 4556; x_wconf 77' lang='lat' dir='ltr'><strong>oiri</strong></span> <span class='ocrx_word' id='word_1_287' title='bbox 1333 4501 1390 4566; x_wconf 73' lang='grc' dir='ltr'><strong>τῆς</strong></span> <span class='ocrx_word' id='word_1_288' title='bbox 1403 4491 1520 4570; x_wconf 66' lang='lat' dir='ltr'><strong>adpulsa</strong></span> <span class='ocrx_word' id='word_1_289' title='bbox 1534 4492 1710 4571; x_wconf 78' lang='grc' dir='ltr'><strong><em>κρονιμέννς</em></strong></span> <span class='ocrx_word' id='word_1_290' title='bbox 1723 4494 1878 4570; x_wconf 89' lang='lat' dir='ltr'><strong>derivari,</strong></span> 
     </span>
     <span class='ocr_line' id='line_1_36' title="bbox 686 4597 1878 4686; baseline 0 -21"><span class='ocrx_word' id='word_1_291' title='bbox 686 4622 784 4686; x_wconf 90' lang='lat' dir='ltr'><strong>paene</strong></span> <span class='ocrx_word' id='word_1_292' title='bbox 814 4601 938 4663; x_wconf 88' lang='lat' dir='ltr'><strong>invitus</strong></span> <span class='ocrx_word' id='word_1_293' title='bbox 960 4601 1080 4663; x_wconf 85' lang='lat' dir='ltr'><strong>iterum</strong></span> <span class='ocrx_word' id='word_1_294' title='bbox 1106 4599 1213 4663; x_wconf 90' lang='lat' dir='ltr'><strong>trahor</strong></span> <span class='ocrx_word' id='word_1_295' title='bbox 1236 4598 1275 4663; x_wconf 91' lang='lat' dir='ltr'><strong>ad</strong></span> <span class='ocrx_word' id='word_1_296' title='bbox 1298 4597 1435 4663; x_wconf 88' lang='lat' dir='ltr'><strong>eundem</strong></span> <span class='ocrx_word' id='word_1_297' title='bbox 1459 4597 1672 4664; x_wconf 91' lang='lat' dir='ltr'><strong>Demetrium.</strong></span> <span class='ocrx_word' id='word_1_298' title='bbox 1703 4599 1769 4665; x_wconf 87' lang='lat' dir='ltr'><strong>Diu</strong></span> <span class='ocrx_word' id='word_1_299' title='bbox 1793 4605 1878 4667; x_wconf 88' lang='lat' dir='ltr'><strong>enim</strong></span> 
     </span>
     <span class='ocr_line' id='line_1_37' title="bbox 686 4703 1879 4790; baseline 0.001 -19"><span class='ocrx_word' id='word_1_300' title='bbox 686 4713 745 4782; x_wconf 90' lang='lat' dir='ltr'><strong>est,</strong></span> <span class='ocrx_word' id='word_1_301' title='bbox 766 4728 804 4771; x_wconf 83' lang='lat' dir='ltr'><strong>ex</strong></span> <span class='ocrx_word' id='word_1_302' title='bbox 824 4725 886 4790; x_wconf 91' lang='lat' dir='ltr'><strong>quo</strong></span> <span class='ocrx_word' id='word_1_303' title='bbox 906 4703 1071 4769; x_wconf 90' lang='lat' dir='ltr'><strong>molestiae</strong></span> <span class='ocrx_word' id='word_1_304' title='bbox 1091 4706 1173 4769; x_wconf 92' lang='lat' dir='ltr'><strong>mibi</strong></span> <span class='ocrx_word' id='word_1_305' title='bbox 1194 4707 1292 4770; x_wconf 91' lang='lat' dir='ltr'><strong>struit</strong></span> <span class='ocrx_word' id='word_1_306' title='bbox 1310 4704 1343 4767; x_wconf 92' lang='lat' dir='ltr'><strong>id</strong></span> <span class='ocrx_word' id='word_1_307' title='bbox 1365 4703 1448 4787; x_wconf 91' lang='lat' dir='ltr'><strong>quod</strong></span> <span class='ocrx_word' id='word_1_308' title='bbox 1468 4703 1505 4769; x_wconf 92' lang='lat' dir='ltr'><strong>de</strong></span> <span class='ocrx_word' id='word_1_309' title='bbox 1525 4725 1563 4769; x_wconf 88' lang='lat' dir='ltr'><strong>eo</strong></span> <span class='ocrx_word' id='word_1_310' title='bbox 1582 4711 1742 4770; x_wconf 91' lang='lat' dir='ltr'><strong>testantur</strong></span> <span class='ocrx_word' id='word_1_311' title='bbox 1757 4706 1879 4772; x_wconf 85' lang='lat' dir='ltr'><strong>codices</strong></span> 
     </span>
     <span class='ocr_line' id='line_1_38' title="bbox 685 4807 1878 4897; baseline 0.001 -21"><span class='ocrx_word' id='word_1_312' title='bbox 685 4810 850 4877; x_wconf 81' lang='lat' dir='ltr'><strong>Strabonis</strong></span> <span class='ocrx_word' id='word_1_313' title='bbox 886 4807 963 4875; x_wconf 80' lang='lat'><strong>472.</strong></span> <span class='ocrx_word' id='word_1_314' title='bbox 984 4810 1045 4875; x_wconf 78' lang='lat'><strong>21:</strong></span> <span class='ocrx_word' id='word_1_315' title='bbox 1084 4811 1250 4896; x_wconf 82' lang='lat' dir='ltr'><strong>Scepsium</strong></span> <span class='ocrx_word' id='word_1_316' title='bbox 1291 4810 1451 4874; x_wconf 85' lang='lat' dir='ltr'><strong>derivasse</strong></span> <span class='ocrx_word' id='word_1_317' title='bbox 1488 4831 1604 4875; x_wconf 90' lang='lat' dir='ltr'><strong>nomeu</strong></span> <span class='ocrx_word' id='word_1_318' title='bbox 1643 4808 1878 4897; x_wconf 88' lang='lat' dir='ltr'><strong>Corybantium</strong></span> 
     </span>
     <span class='ocr_line' id='line_1_39' title="bbox 684 4908 1876 4997; baseline 0.003 -18"><span class='ocrx_word' id='word_1_319' title='bbox 684 4920 747 4980; x_wconf 70' lang='lat' dir='ltr'><strong>stri</strong></span> <span class='ocrx_word' id='word_1_320' title='bbox 770 4920 824 4980; x_wconf 80' lang='grc' dir='ltr'><strong>τοῦ</strong></span> <span class='ocrx_word' id='word_1_321' title='bbox 848 4917 1126 4995; x_wconf 77' lang='grc' dir='ltr'><strong><em>κορύπτονπιιι</em></strong></span> <span class='ocrx_word' id='word_1_322' title='bbox 1151 4917 1270 4994; x_wconf 83' lang='grc' dir='ltr'><strong><em>βιιίνειν</em></strong></span> <span class='ocrx_word' id='word_1_323' title='bbox 1294 4917 1500 4994; x_wconf 77' lang='grc' dir='ltr'><strong><em>ίρχνττικῶι,</em></strong></span> <span class='ocrx_word' id='word_1_324' title='bbox 1524 4912 1573 4983; x_wconf 74' lang='lat' dir='ltr'><strong>oie</strong></span> <span class='ocrx_word' id='word_1_325' title='bbox 1597 4908 1650 4980; x_wconf 85' lang='grc' dir='ltr'><strong><em>ιιοί</em></strong></span> <span class='ocrx_word' id='word_1_326' title='bbox 1673 4916 1876 4997; x_wconf 71' lang='grc' dir='ltr'><strong><em>βητάρμονας</em></strong></span> 
     </span>
    </p>
   </div>
   <div class='ocr_carea' id='block_1_3' title="bbox 0 0 2568 6150">
    <p class='ocr_par' dir='ltr' id='par_1_3' title="bbox 0 0 2568 6150">
     <span class='ocr_line' id='line_1_40' title="bbox 0 0 2568 6150; baseline 0 5"><span class='ocrx_word' id='word_1_327' title='bbox 0 0 2568 6150; x_wconf 95' lang='lat' dir='ltr'><strong> </strong></span> 
     </span>
    </p>
   </div>
  </div>
 </body>
</html>
