5125 6150
814 857 877 921 102
1334 872 1479 921 uncinus.

809 1060 915 1104 errore
935 1038 1037 1114 ducti,
1060 1037 1278 1111 Acerroniam,
1300 1038 1432 1119 eiusque
1451 1057 1566 1121 corpus
1585 1042 1697 1123 postea
1716 1044 1799 1102 esset
1816 1041 2000 1117 inventum,

811 1145 942 1230 plenum
964 1139 1155 1207 vulnerum?
1174 1143 1262 1207 Num
1281 1164 1353 1204 caea
1371 1163 1442 1206 eam
1462 1145 1593 1226 periisse
1614 1142 1697 1209 Nero
1717 1143 1873 1210 simulare
1885 1148 2003 1230 potuis

812 1249 880 1315 set?
915 1249 958 1314 Et
993 1247 1021 1313 si
1055 1270 1182 1324 omnes,
1218 1256 1274 1312 aut
1308 1254 1436 1312 tantum
1468 1270 1530 1312 non
1562 1269 1688 1326 omnes,
1722 1271 1801 1334 quos
1831 1254 1926 1315 navis
1949 1251 2002 1315 illa

811 1357 966 1432 vehebat,
1002 1358 1119 1420 conscii
1149 1361 1252 1431 erant,
1286 1376 1438 1438 quorsum
1470 1376 1580 1418 omnes
1610 1355 1685 1420 illae
1716 1358 1883 1422 machinae
1916 1362 2001 1422 tanto

811 1462 944 1526 artificio
967 1458 1181 1545 compositae?
1205 1459 1267 1524 Sed
1290 1459 1363 1524 nolo
1386 1459 1508 1523 diutius
1527 1459 1654 1524 haerere
1673 1463 1707 1524 in
1726 1461 1785 1526 hoo
1805 1460 1893 1537 loco,
1914 1465 2001 1526 ouius

811 1588 891 1652 quae
920 1572 1024 1631 essent
1046 1565 1212 1629 molestiae
1236 1564 1359 1628 dudum
1383 1565 1614 1630 demonstravit
1638 1568 1689 1631 vir
1713 1573 1842 1643 acutus,
1869 1567 1924 1632 sed
1949 1568 1999 1652 qui

811 1679 973 1759 praeterea
997 1693 1088 1756 saepe
1111 1673 1240 1757 ingenio
1264 1676 1312 1735 est
1336 1672 1462 1735 abusus.
1488 1670 1525 1734 In
1548 1671 1741 1736 editionibus
1767 1679 1876 1737 tamen
1901 1671 1998 1737 Taciti

811 1778 892 1843 nihil
915 1800 954 1843 ex
977 1779 1036 1842 hoo
1058 1799 1173 1863 genere
1197 1779 1342 1841 annotari
1366 1783 1414 1840 est
1437 1776 1522 1860 quod
1546 1779 1713 1842 miremur.

856 1884 995 1949 Nullum
1026 1891 1075 1948 est
1102 1883 1247 1946 dirorum
1271 1883 1449 1946 facinorum
1472 1903 1592 1967 genus,
1619 1883 1656 1946 de
1679 1904 1742 1967 quo
1764 1884 1799 1945 in
1824 1881 1996 1947 Annalibus

810 1991 1009 2074 frequentius
1028 1994 1134 2052 narret
1153 1987 1283 2051 Tacitus
1303 2009 1399 2072 quam
1420 1987 1458 2051 de
1480 1988 1655 2053 veneficiis:
1676 1991 1721 2052 sio
1740 1987 1842 2052 voluit
1855 1994 1994 2072 tempus,

811 2094 849 2159 de
881 2117 942 2179 quo
966 2096 1053 2179 agit,
1078 2097 1123 2158 sie
1146 2096 1248 2178 ipsius
1271 2093 1394 2158 indoles
1418 2100 1512 2179 atque
1536 2101 1661 2159 natura.
1695 2093 1757 2158 Sed
1781 2097 1920 2180 cognitis
1943 2096 1993 2168 iis,

811 2221 891 2286 quae
916 2200 1010 2263 modo
1033 2202 1257 2283 exposuimus,
1282 2221 1393 2275 nemo,
1419 2205 1455 2263 ut
1479 2202 1599 2284 opinor,
1625 2200 1795 2264 mirabitur
1818 2203 1927 2264 omnia
1945 2196 1995 2263 illa

811 2304 1025 2370 veneficorum
1045 2304 1174 2381 scelera,
1196 2326 1276 2389 quae
1289 2303 1373 2389 apud
1385 2303 1533 2369 Tacitum
1546 2304 1641 2390 paulo
1655 2306 1759 2370 fusius
1771 2305 1993 2379 describantur,

810 2415 855 2475 ita
887 2412 1007 2474 narrari
1037 2417 1075 2474 ut
1104 2413 1148 2474 sio
1180 2431 1215 2474 ee
1246 2431 1314 2474 esse
1337 2413 1506 2475 commisse
1531 2411 1655 2475 credere
1679 2433 1740 2476 non
1764 2413 1935 2496 possimus.
1957 2408 1994 2473 111

809 2538 920 2582 revera
943 2536 1053 2580 omnes
1077 2515 1223 2580 Taciteae
1247 2519 1460 2591 narrationes,
1487 2537 1566 2601 quae
1591 2517 1653 2580 huo
1677 2519 1854 2600 pertinent,
1881 2513 1993 2601 aliquid

809 2623 926 2687 habeut
946 2621 1029 2705 quod
1050 2643 1111 2685 non
1131 2642 1375 2706 concoquamus.
1403 2625 1469 2686 Aut
1489 2623 1639 2686 obscurae
1656 2628 1731 2685 suut
1751 2629 1808 2686 aut
1826 2620 1991 2696 eiusmodi,

809 2735 847 2792 ut
878 2730 995 2792 nostris
1026 2728 1117 2790 nobis
1141 2749 1219 2811 opus
1244 2730 1287 2791 sit
1310 2729 1416 2792 verbis
1440 2727 1479 2791 ed
1503 2727 1784 2792 demonstrandum
1808 2751 1872 2792 non
1896 2727 1993 2793 solum

811 2832 888 2916 quid
921 2840 1027 2896 narret
1056 2832 1204 2908 Tacitus,
1236 2833 1291 2895 sed
1323 2836 1422 2896 etiam
1453 2833 1530 2917 quid
1555 2854 1665 2897 revera
1687 2832 1809 2897 factum
1832 2836 1894 2911 sit,
1917 2830 1994 2918 quod

810 2939 848 3003 ab
871 2937 943 3014 ille,
969 2938 1047 3001 dum
1071 2937 1294 3002 commovendi
1317 2941 1415 3002 nimis
1438 2937 1586 3024 indulget
1608 2939 1724 3017 studio,
1750 2947 1939 3025 corruptum
1958 2941 1996 3002 sit

810 3051 906 3130 atque
930 3043 1103 3109 detortum.

854 3151 989 3215 Initium
1020 3151 1135 3215 faciam
1165 3153 1203 3216 ab
1234 3172 1271 3215 eo
1302 3150 1454 3215 veneficio
1484 3172 1546 3235 quo
1578 3151 1616 3215 de
1647 3152 1751 3215 medio
1780 3150 1930 3216 sublatus
1952 3156 1996 3215 est

810 3254 972 3322 Claudius.
998 3255 1060 3319 Hie
1084 3277 1208 3340 quoque
1230 3255 1319 3320 loeus
1343 3259 1472 3320 tractari
1496 3262 1579 3320 recte
1602 3278 1663 3321 non
1687 3261 1792 3341 potest
1815 3259 1879 3320 nisi
1901 3277 1996 3321 remo

809 3382 922 3426 vemus
952 3364 1079 3436 vitium,
1104 3361 1187 3445 quod
1211 3383 1348 3445 pravum
1372 3361 1561 3426 emendandi
1585 3362 1729 3425 studium
1755 3361 1840 3426 ultro
1865 3365 1996 3428 invexit.

809 3466 945 3550 Legitur
967 3465 1056 3529 locus
1080 3469 1160 3528 Anu.
1186 3465 1259 3529 XII.
1286 3464 1343 3529 67:

854 3574 1035 3655 (scriptores
1059 3580 1240 3656 temporum
1263 3571 1397 3636 illorum
1418 3572 1636 3655 prodiderunt)
1655 3574 1799 3636 infusum
1820 3571 1996 3638 delectabili

808 3676 877 3739 cibo
896 3674 918 3752 ¹)
950 3698 1124 3753 venenum,
1158 3697 1214 3741 neo
1246 3680 1314 3740 vim
1346 3677 1568 3741 medicaminis
1596 3681 1706 3741 statim
1730 3677 1931 3743 intellectam
1955 3699 1997 3742 so

808 3781 953 3845 oordiaue
975 3802 1014 3844 an
1039 3779 1165 3847 Claudii
1178 3783 1204 3861 ²)
1228 3780 1419 3858 vinolentia;
1445 3782 1544 3846 simul
1568 3782 1674 3847 soluta
1697 3782 1789 3846 alvus
1812 3784 1997 3849 subvenisse

809 3886 987 3950 videbatur.
1019 3886 1126 3972 Igitur
1155 3892 1307 3952 exterrita
1338 3889 1536 3973 Agrippina,
1562 3898 1593 3951 et
1617 3889 1741 3972 quando
1767 3887 1886 3954 ultima
1910 3894 1998 3954 time

808 3994 933 4065 bantur,
958 4000 1064 4076 spreta
1087 3997 1305 4076 praesentium
1328 3994 1467 4070 invidia,
1493 3996 1653 4077 provisam
1673 3996 1740 4057 iam
1759 3994 1821 4058 sibi
1841 3994 1998 4060 Xenocra-

807 4102 850 4163 tis
874 4099 990 4163 medici
1014 4101 1238 4163 conscientiam
1262 4100 1401 4164 adhibet.
1426 4098 1501 4175 Ille,
1527 4106 1692 4183 tamquam
1712 4102 1801 4163 nisus
1822 4104 2000 4165 evomentis

807 4204 990 4281 adiuvaret,
1015 4207 1147 4288 pinnam
1171 4205 1280 4289 rapido
1303 4226 1424 4270 veneno
1443 4204 1559 4269 illitam
1582 4206 1727 4269 saucibus
1747 4207 1816 4269 eius
1835 4205 2000 4271 demisisse

808 4311 948 4376 creditur
972 4332 998 4375 e.
1013 4331 1042 4394 q.
1056 4332 1081 4375 s.

853 4416 1035 4479 Admodum
1054 4419 1202 4482 intricata
1222 4424 1270 4482 est
1290 4420 1445 4493 narratio;
1467 4418 1578 4482 videor
1596 4422 1704 4481 tamen
1723 4416 1807 4481 mihi
1826 4439 1860 4482 re
1879 4421 1998 4485 iterum

807 4526 990 4607 iterumque
1021 4522 1184 4607 explorata
1216 4524 1344 4587 tandem
1376 4525 1591 4608 perspexisse,
1623 4525 1651 4586 si
1681 4544 1743 4587 non
1766 4522 1843 4606 quid
1869 4523 1999 4589 Tacitus

809 4708 1004 4718 ———

843 4825 868 4886 1)
883 4823 921 4869 Sic
936 4838 978 4885 ego
996 4823 1074 4884 legere
1089 4818 1170 4868 malim
1186 4835 1257 4883 quam
1266 4817 1347 4868 boleto.
1362 4818 1391 4866 ln
1401 4816 1480 4865 codice
1490 4823 1525 4864 est
1534 4816 1556 4864 ci
1564 4817 1646 4874 ecto,
1656 4816 1718 4864 haud
1727 4815 1797 4864 dubie
1806 4820 1891 4865 natum
1902 4763 1999 4866 edocldtd

840 4905 867 4965 2)
888 4902 915 4951 ln
933 4903 1011 4951 codice
1028 4906 1064 4949 est
1081 4901 1216 4950 socordiane
1232 4918 1263 4949 an
1285 4899 1379 4947 Olcsds'i
1397 4899 1420 4947 vi
1436 4914 1469 4946 ass
1481 4897 1618 4945 oinohnts'a.
1635 4898 1685 4960 Ego
1700 4898 1868 4946 tantummodo
1884 4898 2001 4963 dittogra-

806 4982 863 5047 phis
879 4982 902 5029 oi
918 4997 949 5029 as
966 4980 1040 5038 tollo,
1057 4995 1103 5027 non
1124 4985 1179 5027 utor
1197 4978 1396 5043 transpositione:
1414 4976 1551 5025 socordiane
1569 4976 1663 5025 Olssds's'
1680 4991 1712 5024 ass
1729 4976 1866 5024 vinolentia.
