5125 6150
1106 805 1272 851 rruuaaus.
1718 783 1784 848 213

592 968 725 1052 quidem
755 971 790 1032 in
819 966 888 1032 loco
911 988 1025 1041 usum,
1050 969 1223 1051 praemissa
1246 966 1346 1031 altera
1368 967 1633 1052 interrogatione,
1659 966 1732 1041 ubi,
1758 967 1785 1028 si

590 1080 736 1139 metrum
761 1076 979 1158 permitteret,
1004 1093 1039 1136 ea
1064 1072 1177 1137 vocula
1199 1079 1283 1136 recta
1303 1094 1336 1136 se
1354 1074 1492 1137 haberet.
1517 1072 1657 1156 Ambigo
1676 1077 1787 1135 autem

591 1188 706 1243 utrum
731 1200 807 1243 cum
831 1178 1017 1242 Hermanno
1040 1179 1066 1242 δ’
1091 1176 1144 1256 ἄρ’
1168 1180 1345 1262 corrigam,
1366 1198 1404 1240 an
1429 1181 1526 1243 etiam
1549 1176 1654 1241 lanius
1678 1175 1785 1253 r'bp'.

587 1294 675 1348 ΤΑΡ
711 1290 743 1348 et
773 1293 850 1348 ΓΑΡ
886 1286 1073 1367 praesertim
1105 1286 1138 1346 in
1168 1283 1301 1346 Homeri
1327 1283 1488 1347 codicibus
1511 1285 1631 1366 passim
1655 1281 1786 1347 confusa

585 1411 657 1455 esse
680 1410 777 1454 nemo
801 1391 940 1474 ignorat.

692 1603 738 1666 th.
763 1601 779 1666 Ι
804 1601 823 1666 6
1456 1596 1502 1663 εὕ-

638 1604 690 1689 Py
821 1705 864 1769 δει
889 1704 915 1768 δ’
940 1706 1000 1768 αἰνὰ
1024 1703 1154 1783 σιιιὶπτῳ
1180 1705 1251 1775 Διὸς
1276 1705 1394 1782 αἰετός,
1419 1707 1502 1768 ὠκεῖ-

823 1835 859 1873 αν
885 1809 1014 1887 πτέρυγ’
1038 1809 1253 1897 αμΦστὲρωθεν
1277 1809 1504 1888 χαλάξαις.

588 1917 755 1998 Quamdiu
792 1915 919 1980 nullum
950 1923 1111 2000 repartum
1143 1922 1192 1979 est
1224 1917 1358 1980 verbum
1390 1914 1544 1995 χαλαζιιν
1575 1936 1631 1999 pro
1662 1917 1783 1993 χαλᾶν,

587 2032 776 2109 suspectam
812 2023 913 2086 habeo
945 2021 1080 2084 formam
1111 2019 1294 2099 χαλάξαις,
1326 2041 1383 2105 pro
1415 2042 1477 2104 qua
1508 2020 1683 2084 Pindarum
1714 2042 1783 2097 χα-

588 2131 775 2199 asceam
802 2128 923 2192 dedisse
948 2128 1099 2210 suspicor.

636 2340 737 2425 Pyth.
762 2337 794 2401 Π
816 2336 860 2400 88
1132 2338 1192 2414 χρὴ
1216 2339 1246 2400 δὲ
1270 2339 1342 2415 πρὸς
1368 2337 1431 2400 θεὸν
1454 2337 1508 2400 οὐκ
1532 2337 1645 2417 ἐρίζειν,

775 2434 805 2513 ὃς
830 2441 937 2522 ἀνέχει
963 2442 1039 2506 ποτὲ
1063 2443 1119 2517 μὲν
1144 2441 1185 2505 τὰ
1210 2443 1269 2506 κεί-

776 2573 839 2625 ναν,
865 2548 925 2611 ro'c'
951 2544 1017 2612 ait·
1042 2547 1149 2625 ἑτέροις
1174 2546 1241 2611 ἔδω-

777 2676 827 2716 ιιιν
850 2652 939 2728 μέγα
964 2651 1067 2728 κῦδος,
1092 2653 1167 2716 ἀλλ’
1191 2651 1258 2716 οὐδὲ
1283 2657 1388 2716 ταῦτα
1412 2653 1475 2717 νόον

776 2758 863 2821 ἰαίνει
887 2759 1043 2836 odovacar,
1067 2757 1210 2834 στάθμας
1236 2757 1268 2822 δέ
1292 2782 1368 2830 τινος
1394 2758 1549 2837 ἑλκόμενοι

775 2866 973 2942 περισσᾶς
999 2862 1151 2941 ἐνέπαξαν
1175 2861 1223 2928 ἕλ-

775 2992 824 3039 ιισσ
849 2968 985 3045 ὀδυναρὸν
1010 2968 1046 3050 ἑᾷ
1070 2969 1178 3046 πρόσθε
1203 2968 1322 3050 καρδία.

588 3076 769 3140 Adnotavit
795 3072 919 3141 Ohrist:
946 3077 1168 3152 „araturic—
1183 3074 1353 3151 περισσας”
1379 3076 1522 3140 homines
1547 3076 1610 3140 dici
1632 3074 1784 3140 videntur

589 3185 645 3267 qni
671 3185 759 3245 iusto
782 3184 903 3246 maiora
927 3180 1122 3257 moliuntur;
1147 3181 1230 3245 unda
1254 3187 1363 3245 autem
1385 3180 1504 3246 locutio
1528 3185 1591 3246 ista
1611 3187 1711 3246 tracta
1730 3183 1783 3258 sit,

590 3289 767 3353 obscurum
802 3293 867 3364 est;
904 3285 1092 3351 scholiastae
1123 3286 1160 3350 ad
1194 3286 1314 3350 lineam
1344 3289 1599 3372 agrimensorum
1624 3287 1782 3362 referunt,

589 3393 798 3458 Hermannus
822 3391 937 3477 Opusc.
963 3390 1019 3456 Vll
1046 3391 1107 3456 121
1133 3391 1172 3456 ad
1197 3392 1325 3468 funem,
1351 3414 1447 3476 quem
1465 3396 1498 3456 in
1516 3393 1673 3478 palaestra
1692 3394 1784 3479 pueri

589 3498 776 3563 ἑλκυστίνδα
794 3497 942 3562 ludentes
961 3500 1125 3581 utrimque
1145 3496 1184 3561 ad
1204 3519 1237 3561 se
1250 3498 1375 3562 trahere
1386 3499 1572 3563 conantur.''
1596 3498 1784 3563 Scholiasta-

589 3627 667 3669 rum
691 3603 862 3688 explicatio
886 3602 968 3668 nihil
990 3602 1144 3689 explicat,
1164 3602 1402 3668 Hermanniana
1421 3607 1468 3668 ita
1487 3610 1613 3668 tanturn
1635 3604 1784 3689 quodam-

592 3710 690 3775 modo
721 3707 862 3794 intelligi
892 3714 1014 3793 potest,
1046 3710 1073 3771 si
1104 3711 1254 3792 ponimns
1282 3707 1422 3773 altarum
1445 3731 1616 3793 puerorum
1640 3710 1784 3774 ordinem

589 3814 774 3889 interdum,
812 3814 937 3897 quando
971 3816 1096 3877 victum
1129 3815 1170 3876 iri
1206 3834 1239 3876 se
1270 3816 1439 3890 sentirent,
1471 3823 1597 3898 repente
1621 3817 1784 3881 communi

590 3941 748 3986 consensu
784 3919 892 3983 sunem
927 3919 1075 3982 manibus
1106 3921 1266 3994 emisisse,
1297 3921 1343 3982 ita
1374 3925 1412 3982 ut
1442 3919 1614 3984 adversarii
1645 3924 1785 3984 nimium

591 4025 759 4091 tendentes
782 4026 890 4107 supini
913 4029 1014 4088 tarrae
1034 4022 1243 4088 illiderentur.
1271 4026 1420 4088 Attamen
1441 4026 1624 4090 istiusmodi
1642 4047 1732 4089 casus
1750 4029 1785 4089 in

592 4130 771 4216 palaestrae
802 4128 970 4213 pulverem
1002 4151 1063 4193 non
1094 4129 1266 4193 admodum
1290 4133 1399 4214 gravis
1422 4152 1489 4194 esse
1513 4137 1653 4215 poterat,
1678 4135 1786 4215 itaque

592 4256 710 4321 parum
742 4237 925 4299 conveniret
956 4234 1061 4298 verbis
1093 4234 1269 4298 Pindaricis
1303 4232 1391 4305 ἕλκος
1423 4235 1569 4312 diurnata,
1607 4239 1668 4299 nisi
1702 4236 1784 4298 sorte

591 4340 738 4421 (additur
760 4342 846 4403 enim
871 4339 907 4421 ἑᾷ
932 4338 1055 4417 καρδία)
1078 4346 1231 4423 putamus
1254 4341 1352 4404 moris
1376 4340 1473 4404 fuisse
1497 4343 1533 4403 ut
1556 4360 1665 4404 casum
1684 4342 1784 4403 istum

592 4448 679 4532 passi
701 4448 735 4509 in
758 4444 835 4508 ludo
858 4447 1031 4528 provictia
1055 4445 1255 4521 haberentur,
1279 4448 1387 4529 itaque
1406 4445 1590 4509 ludentibus
1607 4445 1785 4510 cavendum

592 4554 693 4616 luisse
722 4557 761 4613 ut
790 4551 825 4611 in
856 4548 1006 4613 trahendo
1035 4550 1168 4613 modum
1200 4550 1370 4633 quamdam
1394 4551 1660 4635 prudentiamque
1683 4552 1787 4642 obser-

592 4663 718 4721 varent.
752 4656 795 4718 At
827 4674 888 4738 quo
920 4662 1011 4738 pacto
1040 4655 1074 4718 id
1104 4654 1172 4719 fieri
1201 4659 1308 4740 posset
1339 4658 1526 4740 neutiquam
1550 4659 1724 4741 perspici0,
1748 4664 1787 4722 ut

593 4765 729 4827 mittam
751 4758 833 4823 nihil
857 4759 895 4823 da
917 4760 1076 4824 eiusmodi
1094 4759 1226 4824 ludendi
1244 4759 1372 4845 legibus
1393 4781 1528 4845 usquam
1540 4762 1697 4826 traditum
1709 4784 1786 4829 essa.

640 4866 790 4930 Fortasse
821 4866 925 4948 igitur
956 4864 1049 4929 malit
1080 4865 1197 4950 aliquis
1227 4868 1368 4950 cogitare
1401 4866 1439 4930 de
1471 4867 1560 4946 fune,
1592 4889 1654 4951 qno
1676 4889 1789 4954 operae
