5125 6150
1056 821 1330 870 crsasumonuu.
1719 806 1790 872 285

593 1010 696 1075 neque
716 993 809 1052 antea
830 1024 870 1035 -
890 1007 966 1050 sum
984 985 1083 1050 fracta
1104 975 1257 1050 Antiochi
1277 991 1434 1071 potestate
1453 986 1592 1053 Eumeni
1604 989 1789 1054 stabilitum

595 1102 643 1161 est
662 1096 839 1179 imperium
860 1095 904 1156 cis
923 1091 1066 1155 Taurum
1088 1088 1277 1177 Galatisque
1297 1095 1450 1177 imposita
1469 1093 1521 1158 lex
1542 1101 1580 1158 ut
1592 1115 1702 1180 pacem
1715 1118 1789 1161 cum

594 1201 738 1265 Eumene
756 1204 918 1265 servarent
935 1199 988 1278 (cf.
1010 1198 1080 1262 [riv.
1095 1197 1147 1262 38.
1158 1198 1226 1277 40),
1241 1206 1328 1263 ortae
1341 1205 1415 1263 sunt
1427 1199 1702 1286 Pergamenorum
1715 1224 1790 1267 cum

592 1308 809 1372 sacerdotibus
842 1306 1056 1370 Pessinuntiis
1087 1307 1266 1381 amicitiae,
1292 1326 1370 1391 quas
1395 1305 1608 1371 testificantur
1630 1307 1789 1394 templum

594 1413 817 1478 Pessinuntius
830 1411 946 1475 Matris
957 1411 997 1475 ab
1008 1409 1161 1474 Attalidis
1173 1413 1355 1489 ἱεροπρεπῶς
1368 1413 1650 1488 κατεσκευασμένον
1663 1413 1791 1494 (Strabo

596 1543 627 1606 p.
654 1517 745 1600 567),
776 1523 808 1583 et
837 1517 964 1582 litterae
993 1515 1148 1581 Eumenis
1171 1517 1211 1581 ad
1234 1519 1380 1582 Attidem
1404 1518 1500 1598 datas,
1516 1522 1608 1605 regni
1630 1540 1711 1585 anno
1736 1523 1791 1584 tri-

595 1628 714 1691 cesimo
738 1630 851 1710 quarto
874 1630 915 1701 (a.
940 1620 976 1688 0.
1004 1619 1120 1710 16423)
1144 1641 1222 1707 quas
1245 1625 1278 1685 in
1300 1622 1407 1708 lapide
1429 1626 1545 1689 incisas
1567 1625 1654 1690 haud
1677 1625 1789 1710 procul

594 1754 613 1798 a
647 1732 816 1796 ruderibus
851 1730 999 1813 antiquae
1035 1727 1124 1791 urbis
1155 1728 1357 1793 Pessinuntis
1387 1731 1512 1794 invenit
1541 1729 1790 1795 Mordtmannus

596 1859 680 1903 anno
707 1835 804 1901 1859.
1392 1851 1395 1855 ·

643 1944 783 2008 Matrem
813 1944 938 2027 itaque,
966 1943 1057 2005 cuius
1080 1938 1207 2004 cultum
1231 1961 1313 2005 anno
1338 1940 1404 2005 204
1430 1940 1565 2007 Romani
1587 1949 1790 2028 receperunt,

595 2050 725 2115 Idaeam
749 2050 864 2125 fuisse,
890 2069 951 2112 non
972 2047 1229 2123 Pessinuntiam,
1250 2045 1356 2112 multa
1375 2053 1451 2111 sunt
1469 2069 1550 2133 quae
1570 2050 1791 2134 persuadeant.

594 2156 638 2220 lllt
657 2155 734 2221 licet
753 2159 787 2219 in
807 2176 840 2219 re
860 2160 927 2219 tam
948 2156 1099 2229 obscura,
1120 2173 1217 2238 quam
1238 2159 1287 2218 est
1306 2151 1467 2240 Sibyllina
1486 2157 1689 2234 vaticinatio,
1709 2155 1792 2221 nihil

595 2284 653 2348 pro
685 2268 771 2327 certo
804 2261 1049 2337 affirmaverim,
1082 2259 1187 2323 multa
1218 2266 1350 2324 movent
1379 2266 1417 2323 ut
1448 2263 1658 2345 suspicemur,
1682 2265 1790 2347 ipsum

596 2367 763 2445 Attalum,
800 2371 852 2432 cui
886 2366 974 2431 cordi
1008 2366 1106 2431 fuisse
1140 2367 1308 2440 novimus,
1342 2370 1379 2428 ut
1409 2365 1684 2451 Pergamenorum
1716 2389 1790 2433 cum

597 2475 749 2540 Romanis
773 2474 1085 2559 consanguinitatem
1108 2474 1204 2536 sacris
1228 2470 1370 2535 firmaret
1392 2470 1609 2549 documentis,
1634 2495 1791 2539 commen-

597 2579 694 2644 dandi
723 2581 820 2643 huius
844 2578 951 2644 cultus
974 2579 1163 2664 participem
1188 2577 1296 2641 fuisse.
1328 2574 1463 2642 Cultum
1486 2580 1573 2643 enim
1597 2576 1733 2666 Cybeles
1757 2584 1791 2645 in

596 2707 674 2772 agro
707 2684 851 2752 Cumano
881 2686 1082 2771 frequentem
1114 2684 1350 2749 obscurioribus
1379 2686 1487 2749 verbis
1509 2686 1544 2749 in
1568 2689 1706 2753 carmine
1730 2685 1793 2754 Cu·

596 2814 691 2857 mano
725 2792 878 2857 Romanis
912 2790 1171 2856 commendatum
1206 2790 1322 2867 fuisse,
1359 2789 1413 2854 sed
1447 2811 1466 2854 a
1501 2789 1665 2876 Delphicis
1695 2814 1794 2859 sacer·

596 2899 723 2964 dotibus
755 2898 906 2964 disertius
937 2897 1133 2973 indicatum,
1165 2895 1327 2982 simulque
1358 2898 1519 2961 monitum
1552 2904 1589 2961 ut
1620 2899 1658 2963 ab
1681 2899 1792 2965 Attalo

596 3026 672 3092 rege
695 3004 835 3069 Matrem
858 3010 1019 3090 peterent,
1043 3002 1076 3066 id
1100 3023 1174 3067 sane
1197 3002 1414 3068 demonstrare
1437 3024 1501 3067 non
1524 3009 1652 3089 potero,
1676 3027 1791 3070 verum

595 3110 772 3176 verisimile
802 3112 836 3175 id
867 3110 956 3175 reddi
988 3131 1079 3197 posse
1104 3131 1169 3174 non
1193 3109 1323 3195 despero
1334 3130 1342 3187 ;
1368 3130 1442 3173 cum
1467 3113 1656 3194 praesertim
1678 3118 1791 3177 notum

593 3221 637 3282 sit
668 3219 827 3302 principes
851 3217 1066 3303 Pergamenos
1090 3215 1201 3280 sedulo
1225 3214 1361 3280 coluisse
1386 3213 1554 3279 oraculum
1579 3214 1790 3302 Delphicum,

594 3326 688 3389 cuius
720 3344 837 3387 numen
869 3322 942 3387 inde
973 3342 991 3386 a
1022 3324 1114 3405 regni
1146 3322 1325 3406 originibus
1355 3323 1390 3383 iu
1420 3321 1538 3385 honore
1570 3321 1633 3385 fuit
1654 3324 1688 3386 in
1712 3325 1791 3390 urbo

596 3431 807 3515 Pergamena.
825 3429 937 3494 Nonne
958 3427 1081 3512 tripode
1103 3430 1206 3491 ornati
1225 3430 1291 3491 iam
1312 3427 1443 3490 fuerunt
1461 3425 1636 3492 Philetaeri
1648 3432 1789 3507 nummi3

597 3557 662 3600 non
693 3534 800 3600 Πύθιον
832 3541 901 3600 erat
930 3537 964 3598 in
995 3537 1064 3619 ipsa
1096 3532 1196 3598 urbe?
1228 3533 1338 3610 (Paus.
1363 3531 1393 3596 9.
1408 3530 1497 3596 35.6
1528 3532 1667 3598 Frdnlrel
1689 3535 1787 3601 Iaca.

597 3643 685 3721 Perp.
710 3641 741 3705 4.
755 3640 830 3705 286.
846 3638 935 3720 309).

642 3746 704 3811 Sed
728 3750 869 3811 maxime
893 3752 930 3810 ιιι
954 3744 1119 3811 credamus
1143 3747 1189 3809 ita
1212 3765 1279 3809 rem
1305 3751 1359 3809 aut
1384 3743 1502 3809 factam
1526 3753 1585 3810 aut
1607 3746 1721 3813 saltem
1746 3787 1788 3798 -

595 3854 681 3939 quod
714 3853 925 3918 demonstrari
956 3873 1028 3917 mea
1058 3851 1161 3937 pluris
1183 3854 1318 3916 interest
1342 3888 1384 3899 —
1406 3853 1453 3915 ita
1476 3854 1511 3916 in
1533 3851 1663 3919 landem
1687 3854 1790 3920 Attali

596 3960 635 4024 ab
667 3959 849 4023 auctoribus
880 3957 1087 4044 Pergamenis
1118 3962 1277 4022 narratam
1309 3978 1394 4035 esse,
1418 3957 1530 4023 suadet
1554 3962 1693 4024 narratio
1717 3960 1792 4025 Ovi·

595 4066 707 4143 diana,
741 4065 780 4130 ad
812 4086 908 4150 quam
940 4085 1024 4128 nunc
1055 4063 1185 4127 tandem
1216 4061 1360 4128 devenio.
1396 4063 1500 4144 Quam
1530 4068 1789 4149 percurrentibus

595 4172 685 4236 nobis
717 4193 779 4235 non
810 4173 873 4255 ipsi
901 4170 1031 4254 quidem
1060 4170 1162 4233 fontes
1193 4168 1347 4235 Ovidisni
1373 4168 1574 4256 detegentur,
1607 4178 1789 4256 questum

595 4278 728 4343 demum
758 4279 960 4341 inveniemus
992 4297 1067 4339 cum
1098 4275 1179 4340 forte
1203 4275 1356 4340 Nicandri
1376 4275 1583 4353 ἑτεροιούμενα
1608 4275 1789 4343 Hermesia-

594 4385 736 4448 naetisve
756 4382 876 4469 elegias
896 4403 936 4446 ex
956 4386 1056 4446 terrae
1076 4383 1201 4467 gremio
1220 4387 1348 4466 postera
1371 4380 1527 4465 quaedam
1551 4383 1642 4447 nobis
1665 4383 1788 4449 beatior

595 4492 716 4554 eruerit
747 4496 851 4563 aetas,
883 4488 937 4552 sed
969 4487 1144 4553 enchiridia
1174 4507 1299 4571 quoque
1329 4485 1386 4551 illa
1416 4488 1450 4551 in
1486 4484 1589 4551 lucem
1625 4487 1785 4566 redierint,

595 4613 676 4680 quae
706 4594 791 4657 hand
823 4595 931 4657 minus
959 4594 1140 4677 frequenter
1170 4614 1266 4677 qnam
1302 4593 1444 4656 carmina
1475 4590 1596 4658 Graeca
1631 4614 1649 4658 a
1684 4596 1787 4679 poetis

592 4700 746 4765 Romanis
769 4699 913 4763 adhibita
935 4719 1003 4763 esse
1022 4697 1117 4763 hodie
1136 4699 1226 4762 nobis
1246 4697 1485 4782 persuademus.
1511 4696 1572 4763 Sed
1592 4699 1651 4763 hoo
1671 4697 1787 4765 saltem

592 4805 775 4889 apparebit,
800 4826 863 4869 non
887 4804 995 4868 ubivis
1017 4805 1051 4866 in
1075 4801 1191 4868 Ovidio
1216 4801 1507 4868 Alexandrinorum
1529 4802 1625 4868 modo
1648 4806 1788 4891 vestigia
1810 4824 1812 4828 ·

593 4910 787 4995 deprehendi
813 4917 910 4995 atque
932 4909 984 4974 hic
1008 4907 1157 4993 quidem,
1182 4911 1216 4971 in
1239 4911 1419 4974 narratione
1443 4908 1482 4974 de
1505 4907 1610 4973 Matre
1633 4908 1786 4990 deornm,
