5125 6150
746 867 749 871 >
798 829 861 894 198
1318 846 1458 894 crenus.

793 1014 848 1079 dat
864 1035 1009 1099 operam,
1029 1013 1203 1077 dummodo
1223 1035 1261 1077 ne
1281 1034 1422 1098 unquam
1441 1033 1478 1077 ea
1497 1017 1608 1077 utatur
1627 1012 1666 1076 ad
1685 1020 1794 1098 aperta
1812 1016 1979 1098 nimiaque

794 1120 847 1186 vel
870 1122 971 1206 ipsius
991 1119 1093 1185 Taciti
1113 1118 1165 1185 vol
1183 1117 1388 1184 librariorum
1408 1122 1489 1183 vitia
1508 1118 1700 1184 defendenda
1720 1119 1773 1185 vel
1789 1119 1979 1185 excusanda.

793 1226 875 1307 Quid
909 1230 995 1290 enim
1030 1233 1096 1290 tam
1131 1234 1179 1291 est
1209 1225 1382 1291 absurdum
1413 1225 1495 1310 qnod
1526 1248 1588 1291 non
1619 1226 1678 1290 hac
1708 1229 1831 1291 ratione
1863 1246 1980 1290 sanum

792 1337 1019 1420 integrumque
1044 1332 1147 1398 videri
1168 1329 1289 1417 possit?
1312 1332 1361 1396 Ex
1383 1331 1538 1416 exemplis
1557 1338 1683 1410 autem,
1704 1354 1783 1417 quac
1801 1331 1980 1397 Pfitznarus

793 1439 899 1517 affert,
924 1441 1063 1505 maxims
1085 1442 1211 1524 insigne
1234 1439 1372 1516 videtur,
1396 1436 1481 1523 quod
1502 1437 1625 1524 legitur
1644 1441 1682 1503 Α.
1703 1438 1773 1516 XV,
1793 1439 1854 1503 44:
1875 1461 1981 1524 neque

791 1545 976 1612 incredibile
1000 1556 1048 1610 est
1071 1546 1123 1610 hic
1146 1566 1260 1610 varum
1283 1544 1478 1609 Pfitznerum
1497 1545 1626 1610 vidisse.
1651 1544 1743 1612 Osrts
1762 1549 1844 1610 mira
1864 1553 1914 1611 ast
1933 1547 1982 1611 ibi

792 1659 825 1718 et
848 1656 990 1718 contorta
1013 1655 1128 1729 oratio,
1154 1672 1254 1735 neque
1278 1657 1466 1736 corruptum
1489 1673 1556 1716 essa
1579 1651 1688 1716 locum
1713 1650 1889 1717 verisimile
1914 1660 1980 1717 est:

794 1758 854 1823 boc
884 1761 969 1823 enim
1002 1761 1057 1844 qui
1079 1765 1275 1842 putaverunt
1298 1758 1416 1822 frustra
1438 1761 1472 1821 in
1495 1758 1690 1824 emendando
1713 1779 1749 1823 eo
1772 1758 1982 1824 desudarunt.

794 1863 825 1928 Is
847 1871 957 1929 autem
981 1867 1036 1950 qui
1059 1863 1203 1948 loquitur
1222 1885 1261 1929 ex
1285 1885 1320 1928 eo
1344 1885 1460 1950 genere
1483 1871 1531 1929 est
1554 1865 1722 1929 hominum
1745 1886 1822 1950 qnos
1845 1865 1983 1930 obscure

793 1977 998 2056 contortaque
1028 1969 1116 2054 loqui
1147 1991 1210 2034 non
1242 1972 1338 2034 nimis
1368 1973 1534 2036 miremur.
1566 1968 1710 2049 Cassius,
1744 1970 1854 2037 doctus
1885 1973 1983 2036 iuris

792 2075 956 2142 consultus
979 2081 1011 2141 ct
1030 2078 1242 2162 antiquarius,
1263 2083 1407 2142 extrema
1426 2097 1494 2142 esse
1514 2077 1668 2142 utendum
1688 2078 1838 2143 adversus
1857 2099 1981 2157 servos,

792 2204 931 2268 quorum
965 2182 1086 2248 domini
1117 2188 1192 2247 sunt
1218 2185 1327 2260 occisi,
1359 2186 1528 2248 severitate
1559 2183 1672 2248 multis
1699 2188 1900 2270 argumentis
1922 2186 1982 2250 ubi

794 2290 1041 2366 demonstravit,
1066 2294 1225 2374 postremo
1247 2290 1324 2354 haec
1347 2288 1451 2354 addit:

840 2395 952 2475 „Servi
981 2399 1008 2461 si
1039 2396 1190 2481 prodant,
1214 2417 1384 2482 possumus
1408 2394 1529 2483 singuli
1551 2399 1635 2461 inter
1657 2396 1782 2484 plures,
1806 2401 1872 2463 tuti
1895 2401 1982 2465 inter

793 2505 920 2580 anxios,
951 2509 1110 2589 postremo
1140 2504 1168 2566 si
1197 2501 1394 2588 pereundum
1424 2506 1467 2567 sit
1497 2525 1559 2568 non
1590 2502 1687 2568 inulti
1716 2507 1800 2570 inter
1829 2514 1982 2573 nocentes

794 2608 920 2696 agere''.

840 2711 1017 2801 Corruptus
1038 2713 1126 2779 locus
1150 2717 1240 2780 visus
1263 2720 1312 2780 est
1333 2715 1544 2800 Nipperdeio,
1569 2715 1624 2780 sod
1645 2714 1781 2781 lectione
1804 2738 1903 2802 quam
1923 2718 1982 2786 illc

794 2823 974 2908 proposuit:
999 2823 1120 2897 „sorvis
1132 2823 1159 2884 si
1171 2820 1369 2904 pereundum
1382 2823 1440 2899 sit,
1459 2824 1492 2885 ni
1504 2820 1655 2906 prodant,
1676 2843 1844 2906 possumus
1856 2824 1983 2911 singuli

793 2931 878 2993 inter
909 2927 1032 3013 plures,
1066 2929 1128 2991 tuti
1158 2930 1242 2991 inter
1272 2929 1400 3003 anxios,
1433 2933 1592 3011 postremo
1615 2949 1677 2992 non
1700 2928 1796 2994 inulti
1818 2932 1904 2996 inter
1928 2953 1982 2997 no

794 3040 899 3100 centes
929 3033 1056 3119 agere”,
1087 3031 1188 3097 nihilo
1218 3031 1255 3096 fit
1285 3031 1479 3118 expedition
1504 3053 1578 3098 nam
1602 3033 1686 3118 qnod
1708 3032 1981 3102 molestissimum

794 3150 843 3205 est
872 3145 1031 3203 remanet:
1063 3139 1095 3202 dt
1125 3140 1158 3201 in
1182 3160 1265 3203 nova
1288 3138 1424 3203 lectione
1448 3140 1480 3203 dt
1502 3142 1535 3203 in
1560 3138 1693 3226 vulgata
1717 3163 1803 3221 opere
1826 3142 1981 3208 dicuntur

795 3254 862 3310 tam
895 3245 1016 3309 domini
1045 3243 1112 3320 illi,
1143 3246 1199 3329 qui
1230 3244 1316 3308 domi
1346 3265 1420 3309 suas
1452 3253 1527 3309 suut
1556 3246 1733 3322 interfecti,
1758 3267 1856 3331 qnam
1880 3252 1981 3315 ceteri

794 3372 913 3416 omncs.
938 3350 1051 3414 Notari
1074 3370 1149 3433 ergo
1172 3350 1224 3413 bic
1248 3371 1266 3413 a
1290 3349 1399 3415 Tacito
1422 3353 1603 3415 intricatam
1628 3351 1851 3437 horridamque
1877 3352 1981 3420 Cassii

795 3459 969 3523 orationem
989 3455 1165 3520 Pfitznerus
1184 3462 1290 3520 censet
1312 3494 1353 3505 -
1371 3478 1472 3542 neque
1492 3458 1624 3522 fortasse
1642 3460 1776 3522 iniuria:
1798 3465 1883 3524 certe
1895 3462 1980 3526 mihi

793 3562 875 3629 nihil
897 3567 931 3627 in
954 3569 1094 3627 mentam
1118 3565 1207 3627 venit
1231 3563 1314 3648 qnod
1338 3563 1455 3629 melius
1479 3564 1632 3629 videatur.

829 3669 901 3734 Sed
933 3673 960 3733 si
991 3673 1119 3734 omnino
1142 3690 1256 3733 verum
1280 3671 1434 3755 estquod
1456 3670 1632 3735 Pfitznerus
1655 3674 1771 3736 statuit
1793 3677 1867 3757 (ego
1892 3678 1980 3739 enim

796 3777 906 3841 dubito
937 3778 1058 3853 etiam),
1090 3777 1222 3841 fortasse
1254 3796 1356 3840 unum
1388 3776 1495 3841 afferre
1527 3775 1635 3842 locum
1665 3798 1810 3862 possum,
1842 3780 1900 3843 ubi
1925 3779 1980 3845 fiat

793 3882 892 3948 illud:
916 3884 963 3947 ibi
986 3889 1093 3946 autem
1117 3888 1149 3946 ct
1172 3902 1220 3947 res
1243 3881 1280 3946 do
1304 3903 1366 3966 qua
1389 3885 1498 3967 agitur
1521 3890 1553 3947 et
1577 3886 1603 3947 is
1627 3886 1681 3968 qui
1704 3882 1836 3968 loquens
1857 3885 1982 3951 induci·

689 4071 691 4076 Ι
794 3996 847 4053 tur
870 3986 1025 4053 eiusmodi
1049 3996 1124 4051 sunt
1146 3995 1184 4052 ut
1206 3990 1345 4072 suspicio
1364 3988 1422 4053 illa
1441 4010 1502 4053 non
1523 3991 1620 4052 nimis
1638 3987 1734 4074 longa
1754 3992 1855 4074 petita
1875 3991 1980 4057 videri

794 4096 904 4180 possit.
930 4095 967 4157 A.
992 4092 1048 4169 XI,
1075 4090 1127 4156 31.
1152 4091 1308 4158 Omnibus
1332 4094 1434 4157 modis
1459 4091 1628 4171 Callistus,
1648 4094 1830 4173 Narcissus,
1852 4095 1979 4176 Pallas,

795 4199 985 4266 Messalinae
1005 4201 1141 4264 exitium
1161 4207 1335 4275 struentes,
1357 4197 1530 4265 Claudium
1550 4201 1798 4277 narrationibus,
1820 4223 1899 4286 quas
1918 4206 1982 4290 ipsi

793 4307 969 4383 finxerunt,
995 4307 1032 4370 ds
1056 4304 1128 4370 Silii
1151 4308 1272 4391 nuptiis
1297 4313 1415 4370 terrant
1438 4311 1471 4370 et
1492 4307 1689 4391 perturbant.
1714 4307 1918 4394 Egregieque
1941 4314 1981 4375 iis

794 4436 843 4479 res
866 4414 1024 4490 succedit,
1048 4430 1201 4497 namque:

839 4519 945 4598 „Satis
976 4525 1099 4584 constat
1130 4539 1166 4582 so
1197 4538 1315 4602 pavore
1345 4517 1482 4582 offusum
1514 4516 1702 4595 Claudium,
1735 4526 1772 4583 ut
1801 4520 1980 4588 identidem

792 4630 1022 4714 interrogaret,
1051 4647 1090 4691 an
1113 4627 1180 4710 ipsc
1202 4626 1332 4709 imperii
1355 4633 1481 4710 potens,
1506 4646 1545 4689 an
1569 4624 1667 4689 Silius
1691 4628 1837 4709 privatus
1861 4630 1981 4695 csset”.

840 4731 888 4799 Of.
912 4734 999 4799 Suet.
1024 4755 1050 4798 c.
1075 4730 1135 4797 37:
1162 4738 1303 4809 „essetne
1326 4732 1387 4795 sibi
1411 4730 1537 4796 salvum
1560 4732 1766 4817 imperium”.

840 4838 935 4903 Haud
969 4839 1064 4903 dubie
1099 4837 1208 4902 codem
1239 4837 1322 4901 redit
1352 4837 1434 4922 quod
1464 4836 1593 4903 Tacitus
1624 4844 1656 4901 ot
1687 4837 1771 4923 quod
1802 4837 1981 4908 Suetonius

793 4945 947 5010 dicentem
973 4946 1049 5011 facit
1073 4942 1261 5020 Claudium,
1287 4943 1341 5009 sed
1360 4945 1472 5021 verba,
1493 4946 1608 5028 quibus
1628 4943 1709 5009 illud
1730 4943 1861 5011 Tacitus
1882 4969 1981 5014 cnun-
