5125 6150
617 804 622 814 '
688 809 731 871 23⁸3
1119 826 1160 872 nn
1184 825 1445 872 incesserent!

686 990 815 1053 Homeri
846 992 950 1074 igitur
974 988 1131 1072 Apollinis
1156 990 1229 1050 sele
1252 1005 1326 1052 sunt
1350 992 1445 1062 tecti,
1471 1011 1559 1051 ιιιοκνι
1582 1006 1691 1054 autern
1714 992 1778 1055 fert
1802 1015 1885 1073 σορκ-

685 1098 767 1170 dm,
792 1099 838 1158 ita
861 1110 896 1158 ut
918 1112 1067 1178 appareat
1089 1094 1127 1158 de
1147 1095 1241 1157 rebus
1261 1094 1396 1157 dirersis
1414 1115 1483 1157 esse
1503 1116 1694 1159 sermonem.
1718 1095 1885 1162 Vulcanus

684 1203 783 1285 sober
797 1200 960 1284 serrarius
982 1199 1130 1283 aegidem
1155 1200 1341 1272 fabricavit,
1365 1202 1474 1282 itaque
1497 1199 1535 1263 de
1558 1201 1677 1265 aheneo
1700 1201 1813 1287 aliquo
1838 1225 1886 1268 an

686 1310 726 1369 tis
758 1325 852 1389 opere
883 1307 1025 1389 cogitare
1056 1308 1221 1389 cogimur;
1253 1324 1351 1389 quam
1381 1308 1574 1368 sententiam
1604 1309 1785 1372 corroborat
1819 1312 1885 1394 epi·

684 1412 795 1474 theton
830 1412 1001 1483 ἀριπρετνὶς
1037 1413 1104 1473 sive
1135 1410 1323 1490 splendidae.
1355 1407 1495 1473 Vocatur
1524 1414 1615 1495 aegis
1645 1412 1880 1485 ἀμφιδάσεικ

686 1528 814 1600 propter
844 1516 991 1583 θυσάνους
1021 1514 1259 1593 ταρχρυτὲουςι
1293 1513 1348 1576 sed
1377 1516 1477 1589 ἀμφι·
1499 1514 1582 1578 illud
1605 1517 1668 1580 dici
1692 1520 1748 1580 vix
1772 1523 1883 1602 potuit

685 1620 725 1684 de
748 1620 838 1683 lanae
863 1619 969 1683 floccis
992 1627 1081 1681 toton
1107 1618 1236 1683 velleris
1259 1621 1443 1700 superficiem
1468 1622 1663 1704 tegentibus.

732 1726 824 1805 Quod
854 1729 881 1789 si
912 1729 983 1809 quis
1013 1725 1123 1789 afferre
1155 1723 1231 1788 velit
1256 1724 1454 1810 Eidsssqq„
1477 1727 1533 1790 ubi
1556 1726 1706 1792 Minerva
1729 1728 1884 1794 humeros

684 1832 746 1895 sibi
771 1830 883 1915 aegide
908 1830 1011 1912 velat,
1033 1831 1179 1894 observet
1200 1833 1234 1893 in
1254 1851 1292 1894 ea
1310 1831 1423 1915 aegide
1442 1831 1541 1895 fnisse
1561 1834 1705 1912 ιἰιιορίκοο
1723 1833 1883 1912 (Eridem,

685 1934 812 2021 Gorgo,
837 1936 940 2013 alias),
964 1940 1011 1999 ita
1036 1944 1070 1999 ut
1096 1937 1148 1998 bic
1172 1938 1278 2019 potius
1301 1935 1340 1999 de
1363 1937 1483 1998 thorace
1505 1937 1621 2000 caelato
1643 1939 1792 2004 videatur
1815 1961 1884 2004 esse

686 2041 906 2127 cogitandum.

732 2147 876 2229 Denique
901 2167 1012 2210 versus
1036 2155 1070 2209 Ω
1085 2146 1146 2209 20:

1030 2250 1174 2335 (Apollo)
1199 2252 1266 2327 περὶ
1292 2250 1319 2313 δ’
1344 2253 1442 2327 atym
1465 2251 1560 2315 τάπ’
1583 2251 1743 2317 ε’κάλυπτε

822 2355 967 2433 χρυσείῃ,
990 2354 1039 2419 ίνα
1063 2358 1108 2431 μή
1129 2381 1182 2431 μιν
1206 2356 1376 2435 ἀποδρύφοι
1403 2357 1598 2439 ἑλκυστάζων

686 2463 768 2528 olim
803 2464 903 2525 notati
938 2467 1013 2523 sunt
1049 2462 1087 2524 ab
1123 2461 1326 2537 Aristarcho,
1360 2464 1416 2545 qui
1451 2462 1574 2547 aegidio
1605 2465 1771 2529 mentione
1800 2465 1836 2529 h.
1861 2467 1884 2531 l.

690 2567 905 2633 offendebatur
928 2564 1053 2630 collatis
1077 2574 1105 2628 Ψ
1123 2565 1277 2650 180sqq.,
1302 2567 1357 2629 ubi
1382 2566 1514 2650 Apollo:

1322 2671 1448 2749 ῥοδόεντι
1474 2671 1505 2735 δὲ
1528 2675 1624 2751 ’χρῖεν
1646 2672 1742 2752 ε’λαίιρ

822 2776 999 2853 ἀμβροσίῳ,
1024 2774 1073 2838 ἵνα
1095 2777 1140 2851 μή
1165 2799 1218 2851 μιν
1242 2775 1412 2852 ἀποδρύφοι
1436 2774 1642 2856 ἓλκυστάζων.

822 2883 864 2958 τῷ
888 2881 914 2944 δ’
940 2881 990 2942 ἐπὶ
1014 2880 1138 2943 ιιυάνεον
1162 2882 1254 2956 νέφος
1277 2881 1383 2957 ἤραρε
1409 2880 1519 2956 Φοῖβος
1545 2883 1719 2946 Ἀπόλλων.

686 2987 809 3072 Corpus
840 2988 928 3049 enim
959 3006 1015 3069 per
1042 2984 1147 3049 solum
1172 2992 1300 3069 mptum
1325 2987 1400 3048 nube
1422 2987 1605 3064 involvere,
1630 2986 1707 3073 quid
1730 2989 1884 3076 expedit?

686 3093 830 3159 Dubium
854 3098 987 3156 nonest
1010 3095 1089 3175 quin
1113 3091 1230 3171 aepidis
1254 3090 1450 3156 vocabulum
1477 3103 1511 3157 Ω
1526 3093 1569 3156 20
1594 3097 1636 3157 sit
1660 3097 1820 3160 insertum
1843 3101 1883 3163 sb

686 3197 932 3282 interpolatore,
965 3200 1020 3280 qui
1051 3199 1083 3259 in
1116 3196 1190 3260 libri
1223 3206 1251 3259 Ψ
1287 3198 1432 3262 versibus
1462 3200 1497 3263 τὸ
1529 3201 1652 3263 κυάνεον
1682 3201 1792 3278 νέφος,
1818 3224 1882 3287 quo

689 3302 763 3367 solis
787 3302 891 3366 radios
916 3299 1031 3384 Apollo
1053 3321 1072 3364 a
1095 3321 1223 3385 corpore
1246 3302 1389 3378 arcebat,
1416 3324 1473 3387 pro
1497 3305 1609 3388 aegide
1632 3304 1773 3369 haberet.

733 3406 896 3490 Quidquid
926 3409 1029 3490 igitur
1060 3409 1149 3491 aegis
1180 3406 1315 3471 Homeri
1346 3406 1426 3483 tuit,
1451 3409 1534 3471 mibi
1558 3409 1688 3492 quidem
1712 3430 1771 3494 pro
1794 3417 1883 3475 certo

687 3519 811 3576 constat
843 3518 969 3597 poetam
1001 3531 1104 3595 neque
1138 3511 1233 3573 vellus
1263 3532 1365 3596 neque
1395 3514 1498 3575 nudem
1525 3513 1584 3578 hac
1611 3535 1689 3578 voce
1711 3514 1881 3580 indicasse.

690 3617 842 3695 Quinimo
866 3616 1023 3680 Herodoti
1046 3614 1209 3699 aequales,
1233 3615 1310 3681 licet
1332 3617 1478 3702 aegidem
1504 3639 1561 3702 pro
1580 3617 1697 3683 vellere
1716 3620 1882 3698 baberent,

690 3732 796 3786 tamen
836 3724 938 3784 t'orma
973 3725 1126 3785 inusitata
1158 3721 1301 3797 ,αἰγίς”,
1333 3743 1389 3805 pro
1421 3744 1483 3806 qua
1514 3724 1757 3807 exspectabatur
1788 3727 1883 3803 αέγέν

688 3827 741 3904 (cf.
766 3826 872 3902 κονίη,
896 3823 995 3902 βοέη),
1019 3828 1064 3889 111
1089 3824 1335 3903 offendebantur,
1360 3835 1396 3890 ut
1419 3827 1665 3913 explicationem
1690 3829 1788 3894 huius
1810 3852 1883 3895 mu-

689 3933 820 3996 tationis
844 3933 1072 4014 excogitarent.
1098 3929 1216 3995 Scribit
1238 3934 1325 3995 enim
1349 3931 1531 3997 Herodotus
1555 3933 1621 4012 (IV,
1644 3932 1739 4014 189):
1765 3937 1882 4012 αῖγέιις

689 4038 750 4115 γάρ
776 4035 1020 4111 περιβάλλονται
1041 4035 1142 4110 ψιλάς
1160 4037 1228 4112 περὶ
1248 4038 1304 4110 τίρν
1325 4038 1439 4110 ἐσθῆτα
1459 4039 1635 4110 θυσανωτὰς
1652 4040 1686 4101 αί
1707 4039 1881 4120 Λίβυσσαι,

690 4138 875 4219 κεχριμένας
908 4136 1096 4218 ἐρευθιδάνῳ,
1123 4139 1155 4202 ἐκ
1178 4139 1210 4203 δὲ
1231 4146 1290 4203 τῶν
1314 4141 1428 4218 αἰγέων
1450 4141 1580 4206 τουτέων
1604 4142 1731 4219 αἰγίδας
1757 4146 1783 4208 ol
1804 4148 1882 4210 Ἕλ-

689 4260 779 4317 ληνες
802 4244 1050 4319 μετωνόμασαν.
1076 4242 1178 4307 Verba
1202 4265 1329 4330 quoque
1352 4244 1383 4309 11
1406 4246 1447 4310 81
1471 4249 1549 4311 satis
1568 4268 1725 4331 superque
1744 4250 1884 4333 probant

688 4350 890 4416 Herodotum
921 4348 1076 4414 vocabulo
1106 4351 1222 4429 θυοάνιρ
1244 4353 1380 4415 minime
1403 4352 1503 4414 ίοιιιιιιι
1526 4351 1696 4427 indicasse;
1722 4357 1883 4438 scriptum

689 4459 775 4520 enim
805 4453 963 4539 legimus:
997 4452 1172 4518 ἐνδεδύκασι
1204 4458 1389 4541 (Aegypt-ii)
1412 4457 1536 4527 κιθῶνας
1561 4458 1718 4525 λινέους
1743 4459 1811 4535 περὶ
1838 4464 1881 4523 τά

689 4562 803 4624 σκέλεα
826 4559 1098 4637 θυσανωτούς,
1118 4560 1188 4630 τοὺς
1208 4563 1352 4625 καλέουσι
1373 4563 1544 4642 καλασίρις.
1558 4561 1701 4627 Fuerunt
1713 4566 1881 4642 nimirum,

692 4670 728 4729 ut
757 4662 894 4750 Helbig²
918 4686 949 4749 p.
974 4661 1040 4729 207
1065 4665 1172 4744 docet,
1206 4666 1325 4731 θύσανοι
1350 4666 1400 4730 1111
1423 4666 1568 4731 fimbriae
1591 4688 1608 4731 e
1632 4666 1684 4732 filo
1709 4689 1804 4735 aureo
1829 4671 1882 4736 vel

689 4791 706 4834 e
741 4769 877 4833 bracteis
920 4770 1069 4835 tenuibus
1111 4771 1271 4836 confectae
1307 4773 1447 4855 satisque
1482 4778 1574 4837 notae
1607 4793 1647 4836 ex
1681 4776 1882 4859 imaginibus

690 4893 847 4960 assyncts.
