<?xml version="1.0" encoding="UTF-8"?>
<!DOCTYPE html PUBLIC "-//W3C//DTD XHTML 1.0 Transitional//EN"
    "http://www.w3.org/TR/xhtml1/DTD/xhtml1-transitional.dtd">
<html xmlns="http://www.w3.org/1999/xhtml" xml:lang="en" lang="en">
 <head>
  <title>
</title>
<meta http-equiv="Content-Type" content="text/html;charset=utf-8" />
  <meta name='ocr-system' content='tesseract 3.04.00' />
  <meta name='ocr-capabilities' content='ocr_page ocr_carea ocr_par ocr_line ocrx_word'/>
</head>
<body>
  <div class='ocr_page' id='page_1' title='image "./mnemosyne04verdgoog_0842.png"; bbox 0 0 5125 6150; ppageno 0'>
   <div class='ocr_carea' id='block_1_1' title="bbox 1049 836 1874 905">
    <p class='ocr_par' dir='ltr' id='par_1_1' title="bbox 1049 836 1874 905">
     <span class='ocr_line' id='line_1_1' title="bbox 1049 836 1874 905; baseline 0 -1"><span class='ocrx_word' id='word_1_1' title='bbox 1049 857 1091 904; x_wconf 77' lang='lat' dir='ltr'><strong>ru</strong></span> <span class='ocrx_word' id='word_1_2' title='bbox 1115 856 1346 904; x_wconf 78' lang='lat' dir='ltr'><strong>rumrorrrsnrs</strong></span> <span class='ocrx_word' id='word_1_3' title='bbox 1368 856 1505 905; x_wconf 74' lang='lat' dir='ltr'><strong>rourum.</strong></span> <span class='ocrx_word' id='word_1_4' title='bbox 1809 836 1874 905; x_wconf 80' lang='lat'><strong>357</strong></span> 
     </span>
    </p>
   </div>
   <div class='ocr_carea' id='block_1_2' title="bbox 682 1021 1881 2694">
    <p class='ocr_par' dir='ltr' id='par_1_2' title="bbox 682 1021 1881 2144">
     <span class='ocr_line' id='line_1_2' title="bbox 685 1021 1879 1108; baseline -0.001 -21"><span class='ocrx_word' id='word_1_5' title='bbox 685 1026 730 1087; x_wconf 83' lang='lat' dir='ltr'><strong>Ab</strong></span> <span class='ocrx_word' id='word_1_6' title='bbox 749 1030 782 1088; x_wconf 93' lang='lat' dir='ltr'><strong>et</strong></span> <span class='ocrx_word' id='word_1_7' title='bbox 801 1023 860 1088; x_wconf 73' lang='grc' dir='ltr'><strong>ὑπό</strong></span> <span class='ocrx_word' id='word_1_8' title='bbox 879 1025 1129 1108; x_wconf 82' lang='lat' dir='ltr'>praepositiones</span> <span class='ocrx_word' id='word_1_9' title='bbox 1148 1025 1276 1107; x_wconf 82' lang='lat' dir='ltr'><strong>passivo</strong></span> <span class='ocrx_word' id='word_1_10' title='bbox 1297 1022 1500 1086; x_wconf 84' lang='lat' dir='ltr'><strong>subiciuntur</strong></span> <span class='ocrx_word' id='word_1_11' title='bbox 1518 1023 1575 1087; x_wconf 92' lang='lat' dir='ltr'><strong>ubi</strong></span> <span class='ocrx_word' id='word_1_12' title='bbox 1595 1021 1634 1086; x_wconf 92' lang='lat' dir='ltr'><strong>de</strong></span> <span class='ocrx_word' id='word_1_13' title='bbox 1652 1022 1879 1099; x_wconf 83' lang='lat' dir='ltr'><strong>animantibus,</strong></span> 
     </span>
     <span class='ocr_line' id='line_1_3' title="bbox 685 1124 1879 1213; baseline 0.001 -20"><span class='ocrx_word' id='word_1_14' title='bbox 685 1151 749 1194; x_wconf 92' lang='lat' dir='ltr'><strong>non</strong></span> <span class='ocrx_word' id='word_1_15' title='bbox 781 1130 837 1193; x_wconf 90' lang='lat' dir='ltr'><strong>ubi</strong></span> <span class='ocrx_word' id='word_1_16' title='bbox 867 1127 905 1192; x_wconf 91' lang='lat' dir='ltr'><strong>de</strong></span> <span class='ocrx_word' id='word_1_17' title='bbox 936 1129 1031 1193; x_wconf 89' lang='lat' dir='ltr'><strong>rebus</strong></span> <span class='ocrx_word' id='word_1_18' title='bbox 1062 1128 1099 1192; x_wconf 91' lang='lat' dir='ltr'><strong>fit</strong></span> <span class='ocrx_word' id='word_1_19' title='bbox 1129 1124 1248 1192; x_wconf 58' lang='lat' dir='ltr'><strong>sermo?</strong></span> <span class='ocrx_word' id='word_1_20' title='bbox 1278 1126 1376 1192; x_wconf 83' lang='lat' dir='ltr'>Estne</span> <span class='ocrx_word' id='word_1_21' title='bbox 1404 1129 1510 1213; x_wconf 80' lang='lat' dir='ltr'><strong>igitur</strong></span> <span class='ocrx_word' id='word_1_22' title='bbox 1540 1129 1695 1192; x_wconf 86' lang='lat' dir='ltr'><strong>vitiosum</strong></span> <span class='ocrx_word' id='word_1_23' title='bbox 1725 1127 1879 1194; x_wconf 80' lang='lat' dir='ltr'><strong>hocloco</strong></span> 
     </span>
     <span class='ocr_line' id='line_1_4' title="bbox 686 1230 1876 1317; baseline -0.002 -18"><span class='ocrx_word' id='word_1_24' title='bbox 686 1232 744 1299; x_wconf 75' lang='grc' dir='ltr'><strong>ὑπὸ</strong></span> <span class='ocrx_word' id='word_1_25' title='bbox 780 1230 874 1298; x_wconf 69' lang='lat' dir='ltr'><strong>trev?</strong></span> <span class='ocrx_word' id='word_1_26' title='bbox 915 1232 992 1296; x_wconf 80' lang='lat' dir='ltr'><strong>Fuit</strong></span> <span class='ocrx_word' id='word_1_27' title='bbox 1026 1235 1082 1317; x_wconf 90' lang='lat' dir='ltr'><strong>qui</strong></span> <span class='ocrx_word' id='word_1_28' title='bbox 1116 1232 1149 1296; x_wconf 91' lang='lat' dir='ltr'><strong>id</strong></span> <span class='ocrx_word' id='word_1_29' title='bbox 1184 1232 1404 1308; x_wconf 79' lang='lat' dir='ltr'><strong>arbitraretur,</strong></span> <span class='ocrx_word' id='word_1_30' title='bbox 1437 1251 1605 1317; x_wconf 79' lang='lat' dir='ltr'><strong>perperam</strong></span> <span class='ocrx_word' id='word_1_31' title='bbox 1641 1237 1764 1308; x_wconf 87' lang='lat' dir='ltr'><strong>tamen,</strong></span> <span class='ocrx_word' id='word_1_32' title='bbox 1800 1251 1876 1297; x_wconf 84' lang='lat' dir='ltr'><strong>nam</strong></span> 
     </span>
     <span class='ocr_line' id='line_1_5' title="bbox 683 1337 1876 1422; baseline 0.001 -21"><span class='ocrx_word' id='word_1_33' title='bbox 683 1341 764 1415; x_wconf 78' lang='lat' dir='ltr'><strong>ioco,</strong></span> <span class='ocrx_word' id='word_1_34' title='bbox 800 1360 861 1403; x_wconf 90' lang='lat' dir='ltr'><strong>non</strong></span> <span class='ocrx_word' id='word_1_35' title='bbox 895 1340 995 1403; x_wconf 87' lang='lat' dir='ltr'><strong>errori</strong></span> <span class='ocrx_word' id='word_1_36' title='bbox 1030 1338 1163 1403; x_wconf 90' lang='lat' dir='ltr'><strong>debetur</strong></span> <span class='ocrx_word' id='word_1_37' title='bbox 1193 1337 1324 1402; x_wconf 89' lang='lat' dir='ltr'><strong>insolita</strong></span> <span class='ocrx_word' id='word_1_38' title='bbox 1354 1339 1431 1403; x_wconf 86' lang='lat' dir='ltr'><strong>haee</strong></span> <span class='ocrx_word' id='word_1_39' title='bbox 1462 1344 1633 1404; x_wconf 79' lang='lat' dir='ltr'><strong>structura</strong></span> <span class='ocrx_word' id='word_1_40' title='bbox 1665 1339 1713 1401; x_wconf 89' lang='lat' dir='ltr'><strong>Ne</strong></span> <span class='ocrx_word' id='word_1_41' title='bbox 1744 1337 1876 1422; x_wconf 77' lang='lat' dir='ltr'><strong>alloquio</strong></span> 
     </span>
     <span class='ocr_line' id='line_1_6' title="bbox 683 1443 1875 1530; baseline 0.003 -24"><span class='ocrx_word' id='word_1_42' title='bbox 683 1446 802 1530; x_wconf 77' lang='lat' dir='ltr'><strong>quidem</strong></span> <span class='ocrx_word' id='word_1_43' title='bbox 833 1443 954 1524; x_wconf 72' lang='lat' dir='ltr'><strong>dipnom</strong></span> <span class='ocrx_word' id='word_1_44' title='bbox 976 1445 1067 1508; x_wconf 73' lang='lat' dir='ltr'><strong>tabeo</strong></span> <span class='ocrx_word' id='word_1_45' title='bbox 1089 1445 1219 1508; x_wconf 78' lang='lat' dir='ltr'><strong>oetatem</strong></span> <span class='ocrx_word' id='word_1_46' title='bbox 1243 1444 1329 1507; x_wconf 77' lang='lat' dir='ltr'><strong>illam</strong></span> <span class='ocrx_word' id='word_1_47' title='bbox 1352 1444 1489 1507; x_wconf 79' lang='lat' dir='ltr'><strong>vitiatam</strong></span> <span class='ocrx_word' id='word_1_48' title='bbox 1512 1469 1532 1507; x_wconf 87' lang='lat' dir='ltr'><strong>a</strong></span> <span class='ocrx_word' id='word_1_49' title='bbox 1553 1445 1699 1508; x_wconf 75' lang='lat' dir='ltr'><strong>renuentia</strong></span> <span class='ocrx_word' id='word_1_50' title='bbox 1800 1465 1875 1510; x_wconf 86' lang='lat' dir='ltr'><strong>nam</strong></span> 
     </span>
     <span class='ocr_line' id='line_1_7' title="bbox 683 1549 1879 1636; baseline 0.001 -22"><span class='ocrx_word' id='word_1_51' title='bbox 683 1552 762 1615; x_wconf 87' lang='lat' dir='ltr'><strong>satis</strong></span> <span class='ocrx_word' id='word_1_52' title='bbox 782 1569 920 1636; x_wconf 82' lang='lat' dir='ltr'><strong>magnus</strong></span> <span class='ocrx_word' id='word_1_53' title='bbox 940 1549 993 1613; x_wconf 90' lang='lat' dir='ltr'><strong>hic</strong></span> <span class='ocrx_word' id='word_1_54' title='bbox 1013 1553 1061 1614; x_wconf 89' lang='lat' dir='ltr'><strong>est</strong></span> <span class='ocrx_word' id='word_1_55' title='bbox 1081 1571 1250 1627; x_wconf 89' lang='lat' dir='ltr'><strong>numerus,</strong></span> <span class='ocrx_word' id='word_1_56' title='bbox 1271 1571 1375 1635; x_wconf 90' lang='lat' dir='ltr'><strong>neque</strong></span> <span class='ocrx_word' id='word_1_57' title='bbox 1395 1550 1531 1616; x_wconf 88' lang='lat' dir='ltr'><strong>Romani</strong></span> <span class='ocrx_word' id='word_1_58' title='bbox 1552 1555 1589 1614; x_wconf 89' lang='lat' dir='ltr'><strong>ut</strong></span> <span class='ocrx_word' id='word_1_59' title='bbox 1612 1549 1726 1616; x_wconf 80' lang='lat' dir='ltr'><strong>Graeci</strong></span> <span class='ocrx_word' id='word_1_60' title='bbox 1741 1551 1879 1615; x_wconf 75' lang='lat' dir='ltr'><strong>tredecim</strong></span> 
     </span>
     <span class='ocr_line' id='line_1_8' title="bbox 684 1655 1879 1741; baseline 0.003 -23"><span class='ocrx_word' id='word_1_61' title='bbox 684 1655 795 1719; x_wconf 89' lang='lat' dir='ltr'><strong>dieunt</strong></span> <span class='ocrx_word' id='word_1_62' title='bbox 825 1655 864 1719; x_wconf 87' lang='lat' dir='ltr'><strong>ad</strong></span> <span class='ocrx_word' id='word_1_63' title='bbox 895 1675 1069 1720; x_wconf 91' lang='lat' dir='ltr'><strong>numerum</strong></span> <span class='ocrx_word' id='word_1_64' title='bbox 1101 1657 1277 1721; x_wconf 89' lang='lat' dir='ltr'><strong>rotundum</strong></span> <span class='ocrx_word' id='word_1_65' title='bbox 1308 1662 1373 1734; x_wconf 76' lang='lat' dir='ltr'><strong>(eea</strong></span> <span class='ocrx_word' id='word_1_66' title='bbox 1397 1655 1509 1741; x_wconf 56' lang='lat' dir='ltr'><strong>duabu)</strong></span> <span class='ocrx_word' id='word_1_67' title='bbox 1533 1655 1757 1733; x_wconf 81' lang='lat' dir='ltr'><strong>indicendum,</strong></span> <span class='ocrx_word' id='word_1_68' title='bbox 1859 1683 1879 1721; x_wconf 87' lang='lat' dir='ltr'><strong>a</strong></span> 
     </span>
     <span class='ocr_line' id='line_1_9' title="bbox 682 1760 1879 1847; baseline 0.003 -23"><span class='ocrx_word' id='word_1_69' title='bbox 682 1760 829 1824; x_wconf 69' lang='lat' dir='ltr'><strong>sexcentis</strong></span> <span class='ocrx_word' id='word_1_70' title='bbox 857 1764 1027 1846; x_wconf 81' lang='lat' dir='ltr'><strong>igitur-</strong></span> <span class='ocrx_word' id='word_1_71' title='bbox 1041 1798 1083 1810; x_wconf 89' lang='lat'>-</span> <span class='ocrx_word' id='word_1_72' title='bbox 1108 1767 1295 1847; x_wconf 80' lang='lat' dir='ltr'><strong>expectatur</strong></span> <span class='ocrx_word' id='word_1_73' title='bbox 1322 1761 1514 1839; x_wconf 72' lang='lat' dir='ltr'><strong>amatoribus,</strong></span> <span class='ocrx_word' id='word_1_74' title='bbox 1539 1760 1593 1826; x_wconf 90' lang='lat' dir='ltr'><strong>sed</strong></span> <span class='ocrx_word' id='word_1_75' title='bbox 1617 1760 1732 1846; x_wconf 79' lang='lat' dir='ltr'><strong>probro</strong></span> <span class='ocrx_word' id='word_1_76' title='bbox 1754 1762 1879 1847; x_wconf 80' lang='lat' dir='ltr'><strong>probris</strong></span> 
     </span>
     <span class='ocr_line' id='line_1_10' title="bbox 684 1865 1878 1954; baseline 0.001 -22"><span class='ocrx_word' id='word_1_77' title='bbox 684 1866 853 1932; x_wconf 80' lang='lat' dir='ltr'>cumulans</span> <span class='ocrx_word' id='word_1_78' title='bbox 883 1869 1011 1932; x_wconf 84' lang='lat' dir='ltr'><strong>iuuenis</strong></span> <span class='ocrx_word' id='word_1_79' title='bbox 1041 1872 1211 1953; x_wconf 88' lang='lat' dir='ltr'><strong>protervus</strong></span> <span class='ocrx_word' id='word_1_80' title='bbox 1236 1890 1330 1932; x_wconf 73' lang='lat' dir='ltr'><strong>aanor</strong></span> <span class='ocrx_word' id='word_1_81' title='bbox 1353 1868 1440 1932; x_wconf 82' lang='lat' dir='ltr'><strong>dicit.</strong></span> <span class='ocrx_word' id='word_1_82' title='bbox 1476 1865 1560 1932; x_wconf 87' lang='lat' dir='ltr'><strong>Illud</strong></span> <span class='ocrx_word' id='word_1_83' title='bbox 1584 1869 1683 1932; x_wconf 87' lang='lat' dir='ltr'><strong>etism</strong></span> <span class='ocrx_word' id='word_1_84' title='bbox 1707 1866 1878 1954; x_wconf 80' lang='lat' dir='ltr'><strong>gloriolam</strong></span> 
     </span>
     <span class='ocr_line' id='line_1_11' title="bbox 684 1971 1881 2058; baseline 0.002 -21"><span class='ocrx_word' id='word_1_85' title='bbox 684 1972 827 2057; x_wconf 82' lang='lat' dir='ltr'><strong>aliquam</strong></span> <span class='ocrx_word' id='word_1_86' title='bbox 851 1973 1031 2052; x_wconf 79' lang='lat' dir='ltr'><strong>habuisset,</strong></span> <span class='ocrx_word' id='word_1_87' title='bbox 1057 1975 1085 2037; x_wconf 91' lang='lat' dir='ltr'><strong>si</strong></span> <span class='ocrx_word' id='word_1_88' title='bbox 1109 1976 1159 2038; x_wconf 89' lang='lat' dir='ltr'><strong>tot</strong></span> <span class='ocrx_word' id='word_1_89' title='bbox 1184 1974 1263 2038; x_wconf 90' lang='lat' dir='ltr'><strong>viris</strong></span> <span class='ocrx_word' id='word_1_90' title='bbox 1286 1972 1457 2058; x_wconf 87' lang='lat' dir='ltr'><strong>aliquando</strong></span> <span class='ocrx_word' id='word_1_91' title='bbox 1482 1977 1567 2038; x_wconf 83' lang='lat' dir='ltr'><strong>uerte</strong></span> <span class='ocrx_word' id='word_1_92' title='bbox 1590 1971 1779 2058; x_wconf 82' lang='lat' dir='ltr'><strong>placuisset:</strong></span> <span class='ocrx_word' id='word_1_93' title='bbox 1803 1974 1881 2039; x_wconf 87' lang='lat' dir='ltr'><strong>haee</strong></span> 
     </span>
     <span class='ocr_line' id='line_1_12' title="bbox 685 2077 1072 2144; baseline -0.003 -1"><span class='ocrx_word' id='word_1_94' title='bbox 685 2077 879 2144; x_wconf 85' lang='lat' dir='ltr'><strong>contumelia</strong></span> <span class='ocrx_word' id='word_1_95' title='bbox 902 2084 951 2142; x_wconf 91' lang='lat' dir='ltr'><strong>est</strong></span> <span class='ocrx_word' id='word_1_96' title='bbox 974 2099 1072 2143; x_wconf 89' lang='lat' dir='ltr'><strong>mera.</strong></span> 
     </span>
    </p>

    <p class='ocr_par' dir='ltr' id='par_1_3' title="bbox 683 2183 1877 2694">
     <span class='ocr_line' id='line_1_13' title="bbox 731 2183 1876 2269; baseline 0.003 -20"><span class='ocrx_word' id='word_1_97' title='bbox 731 2185 767 2249; x_wconf 92' lang='lat' dir='ltr'><strong>In</strong></span> <span class='ocrx_word' id='word_1_98' title='bbox 795 2187 932 2250; x_wconf 87' lang='lat' dir='ltr'><strong>transitu</strong></span> <span class='ocrx_word' id='word_1_99' title='bbox 956 2186 1108 2262; x_wconf 85' lang='lat' dir='ltr'><strong>observo,</strong></span> <span class='ocrx_word' id='word_1_100' title='bbox 1132 2205 1233 2269; x_wconf 90' lang='lat' dir='ltr'><strong>neque</strong></span> <span class='ocrx_word' id='word_1_101' title='bbox 1257 2185 1320 2249; x_wconf 89' lang='lat' dir='ltr'><strong>huo</strong></span> <span class='ocrx_word' id='word_1_102' title='bbox 1344 2187 1502 2269; x_wconf 85' lang='lat' dir='ltr'><strong>pertinere</strong></span> <span class='ocrx_word' id='word_1_103' title='bbox 1526 2204 1606 2268; x_wconf 86' lang='lat' dir='ltr'><strong>quae</strong></span> <span class='ocrx_word' id='word_1_104' title='bbox 1629 2183 1667 2250; x_wconf 92' lang='lat' dir='ltr'><strong>de</strong></span> <span class='ocrx_word' id='word_1_105' title='bbox 1690 2187 1787 2251; x_wconf 82' lang='lat' dir='ltr'><strong>verbo</strong></span> <span class='ocrx_word' id='word_1_106' title='bbox 1811 2185 1876 2252; x_wconf 73' lang='lat' dir='ltr'><strong>ira·</strong></span> 
     </span>
     <span class='ocr_line' id='line_1_14' title="bbox 683 2289 1873 2369; baseline 0 -13"><span class='ocrx_word' id='word_1_107' title='bbox 683 2290 831 2368; x_wconf 55' lang='lat' dir='ltr'><strong>steteras</strong></span> <span class='ocrx_word' id='word_1_108' title='bbox 853 2293 1045 2356; x_wconf 87' lang='lat' dir='ltr'><strong>amatorium</strong></span> <span class='ocrx_word' id='word_1_109' title='bbox 1066 2292 1294 2356; x_wconf 78' lang='lat' dir='ltr'><strong>commercium</strong></span> <span class='ocrx_word' id='word_1_110' title='bbox 1309 2289 1473 2355; x_wconf 89' lang='lat' dir='ltr'><strong>interdum</strong></span> <span class='ocrx_word' id='word_1_111' title='bbox 1487 2326 1526 2337; x_wconf 86' lang='lat'>-</span> <span class='ocrx_word' id='word_1_112' title='bbox 1540 2296 1578 2354; x_wconf 90' lang='lat' dir='ltr'><strong>ut</strong></span> <span class='ocrx_word' id='word_1_113' title='bbox 1590 2290 1816 2369; x_wconf 70' lang='grc' dir='ltr'><strong>συγγίγνεσθαι</strong></span> <span class='ocrx_word' id='word_1_114' title='bbox 1830 2329 1873 2341; x_wconf 93' lang='grc'><strong>-</strong></span> 
     </span>
     <span class='ocr_line' id='line_1_15' title="bbox 683 2394 1876 2483; baseline 0.003 -24"><span class='ocrx_word' id='word_1_115' title='bbox 683 2396 883 2481; x_wconf 81' lang='lat' dir='ltr'><strong>significante</strong></span> <span class='ocrx_word' id='word_1_116' title='bbox 906 2399 1099 2462; x_wconf 77' lang='lat' dir='ltr'><strong>annotarunt</strong></span> <span class='ocrx_word' id='word_1_117' title='bbox 1123 2399 1219 2481; x_wconf 80' lang='lat' dir='ltr'><strong>prisci</strong></span> <span class='ocrx_word' id='word_1_118' title='bbox 1241 2394 1497 2483; x_wconf 71' lang='lat' dir='ltr'><strong>grammatici1),</strong></span> <span class='ocrx_word' id='word_1_119' title='bbox 1521 2417 1623 2480; x_wconf 88' lang='lat' dir='ltr'><strong>neque</strong></span> <span class='ocrx_word' id='word_1_120' title='bbox 1643 2394 1712 2471; x_wconf 75' lang='grc' dir='ltr'><strong><em>ἔτην</em></strong></span> <span class='ocrx_word' id='word_1_121' title='bbox 1732 2399 1876 2462; x_wconf 87' lang='lat' dir='ltr'><strong>substen-</strong></span> 
     </span>
     <span class='ocr_line' id='line_1_16' title="bbox 683 2501 1876 2588; baseline 0.003 -23"><span class='ocrx_word' id='word_1_122' title='bbox 683 2501 807 2578; x_wconf 84' lang='lat' dir='ltr'><strong>tiv&#39;um,</strong></span> <span class='ocrx_word' id='word_1_123' title='bbox 829 2502 913 2587; x_wconf 90' lang='lat' dir='ltr'><strong>quod</strong></span> <span class='ocrx_word' id='word_1_124' title='bbox 932 2523 1007 2567; x_wconf 85' lang='lat' dir='ltr'><strong>oum</strong></span> <span class='ocrx_word' id='word_1_125' title='bbox 1027 2501 1203 2588; x_wconf 80' lang='lat' dir='ltr'><strong>glossatore</strong></span> <span class='ocrx_word' id='word_1_126' title='bbox 1224 2505 1414 2587; x_wconf 85' lang='lat' dir='ltr'><strong>interpretes</strong></span> <span class='ocrx_word' id='word_1_127' title='bbox 1425 2504 1615 2568; x_wconf 82' lang='lat' dir='ltr'><strong>recentiores</strong></span> <span class='ocrx_word' id='word_1_128' title='bbox 1626 2502 1689 2567; x_wconf 85' lang='lat' dir='ltr'><strong>hue</strong></span> <span class='ocrx_word' id='word_1_129' title='bbox 1700 2508 1876 2569; x_wconf 85' lang='lat' dir='ltr'><strong>traxerunt.</strong></span> 
     </span>
     <span class='ocr_line' id='line_1_17' title="bbox 684 2608 1877 2694; baseline 0.003 -24"><span class='ocrx_word' id='word_1_130' title='bbox 684 2608 771 2686; x_wconf 83' lang='lat' dir='ltr'><strong>Quae</strong></span> <span class='ocrx_word' id='word_1_131' title='bbox 790 2628 892 2693; x_wconf 90' lang='lat' dir='ltr'><strong>neque</strong></span> <span class='ocrx_word' id='word_1_132' title='bbox 912 2608 1144 2694; x_wconf 82' lang='lat' dir='ltr'><strong>Aristophaneo</strong></span> <span class='ocrx_word' id='word_1_133' title='bbox 1163 2613 1210 2673; x_wconf 90' lang='lat' dir='ltr'><strong>est</strong></span> <span class='ocrx_word' id='word_1_134' title='bbox 1233 2629 1310 2686; x_wconf 86' lang='lat' dir='ltr'><strong>vox,</strong></span> <span class='ocrx_word' id='word_1_135' title='bbox 1333 2628 1435 2692; x_wconf 89' lang='lat' dir='ltr'><strong>neque</strong></span> <span class='ocrx_word' id='word_1_136' title='bbox 1454 2610 1594 2686; x_wconf 85' lang='lat' dir='ltr'><strong>siesset,</strong></span> <span class='ocrx_word' id='word_1_137' title='bbox 1611 2609 1877 2677; x_wconf 84' lang='lat' dir='ltr'><strong>hueeonveniret.</strong></span> 
     </span>
    </p>
   </div>
   <div class='ocr_carea' id='block_1_3' title="bbox 685 2825 1881 4493">
    <p class='ocr_par' dir='ltr' id='par_1_4' title="bbox 687 2825 1879 3123">
     <span class='ocr_line' id='line_1_18' title="bbox 732 2825 1879 2914; baseline 0.001 -24"><span class='ocrx_word' id='word_1_138' title='bbox 732 2826 785 2890; x_wconf 84' lang='lat' dir='ltr'><strong>Vs.</strong></span> <span class='ocrx_word' id='word_1_139' title='bbox 813 2825 900 2891; x_wconf 85' lang='lat'>1092</span> <span class='ocrx_word' id='word_1_140' title='bbox 913 2847 979 2911; x_wconf 90' lang='lat' dir='ltr'><strong>sqq.</strong></span> <span class='ocrx_word' id='word_1_141' title='bbox 1007 2864 1046 2873; x_wconf 93' lang='lat'><em>-</em></span> <span class='ocrx_word' id='word_1_142' title='bbox 1071 2827 1174 2891; x_wconf 88' lang='lat' dir='ltr'><strong>Intrat</strong></span> <span class='ocrx_word' id='word_1_143' title='bbox 1197 2825 1366 2914; x_wconf 84' lang='lat' dir='ltr'><strong>Obremyli</strong></span> <span class='ocrx_word' id='word_1_144' title='bbox 1391 2826 1483 2893; x_wconf 88' lang='lat' dir='ltr'><strong>aedes</strong></span> <span class='ocrx_word' id='word_1_145' title='bbox 1505 2829 1641 2892; x_wconf 82' lang='lat' dir='ltr'><strong>iuvenis.</strong></span> <span class='ocrx_word' id='word_1_146' title='bbox 1666 2828 1709 2891; x_wconf 86' lang='lat' dir='ltr'><strong>At</strong></span> <span class='ocrx_word' id='word_1_147' title='bbox 1732 2830 1879 2911; x_wconf 88' lang='lat' dir='ltr'><strong>sequitur</strong></span> 
     </span>
     <span class='ocr_line' id='line_1_19' title="bbox 687 2929 1878 3018; baseline 0 -22"><span class='ocrx_word' id='word_1_148' title='bbox 687 2930 813 2996; x_wconf 87' lang='lat' dir='ltr'><strong>vetula:</strong></span> <span class='ocrx_word' id='word_1_149' title='bbox 846 2968 884 2978; x_wconf 92' lang='lat'>—</span> <span class='ocrx_word' id='word_1_150' title='bbox 916 2930 971 2996; x_wconf 86' lang='lat' dir='ltr'><strong>ille</strong></span> <span class='ocrx_word' id='word_1_151' title='bbox 1005 2932 1118 3017; x_wconf 89' lang='lat' dir='ltr'><strong>pedem</strong></span> <span class='ocrx_word' id='word_1_152' title='bbox 1149 2933 1295 2998; x_wconf 87' lang='lat' dir='ltr'><strong>retrahit.</strong></span> <span class='ocrx_word' id='word_1_153' title='bbox 1331 2933 1414 3014; x_wconf 75' lang='lat' dir='ltr'><strong>Quid</strong></span> <span class='ocrx_word' id='word_1_154' title='bbox 1444 2929 1648 3018; x_wconf 75' lang='lat' dir='ltr'><strong>reformides?</strong></span> <span class='ocrx_word' id='word_1_155' title='bbox 1678 2931 1784 2996; x_wconf 89' lang='lat' dir='ltr'><strong>ridens</strong></span> <span class='ocrx_word' id='word_1_156' title='bbox 1811 2935 1878 2998; x_wconf 90' lang='lat' dir='ltr'><strong>iam</strong></span> 
     </span>
     <span class='ocr_line' id='line_1_20' title="bbox 687 3035 901 3123; baseline -0.014 -19"><span class='ocrx_word' id='word_1_157' title='bbox 687 3035 901 3123; x_wconf 83' lang='lat' dir='ltr'><strong>Chremylus:</strong></span> 
     </span>
    </p>

    <p class='ocr_par' dir='ltr' id='par_1_5' title="bbox 687 3142 1191 3316">
     <span class='ocr_line' id='line_1_21' title="bbox 875 3142 1191 3225; baseline -0.006 -17"><span class='ocrx_word' id='word_1_158' title='bbox 875 3143 908 3208; x_wconf 78' lang='grc' dir='ltr'><strong>οὔ</strong></span> <span class='ocrx_word' id='word_1_159' title='bbox 932 3144 993 3225; x_wconf 71' lang='grc' dir='ltr'><strong>γὰρ</strong></span> <span class='ocrx_word' id='word_1_160' title='bbox 1016 3142 1191 3222; x_wconf 67' lang='grc' dir='ltr'><strong><em>βιάσεται]</em></strong></span> 
     </span>
     <span class='ocr_line' id='line_1_22' title="bbox 687 3248 916 3316; baseline -0.013 0"><span class='ocrx_word' id='word_1_161' title='bbox 687 3248 749 3316; x_wconf 85' lang='lat' dir='ltr'><strong>Oui</strong></span> <span class='ocrx_word' id='word_1_162' title='bbox 772 3251 916 3315; x_wconf 82' lang='lat' dir='ltr'><strong>iuvenis:</strong></span> 
     </span>
    </p>

    <p class='ocr_par' dir='ltr' id='par_1_6' title="bbox 1177 3354 1648 3433">
     <span class='ocr_line' id='line_1_23' title="bbox 1177 3354 1648 3433; baseline 0.002 -14"><span class='ocrx_word' id='word_1_163' title='bbox 1177 3354 1259 3420; x_wconf 70' lang='grc' dir='ltr'><strong><em>πάνυ</em></strong></span> <span class='ocrx_word' id='word_1_164' title='bbox 1283 3358 1386 3427; x_wconf 69' lang='grc' dir='ltr'><strong><em>καλῶς</em></strong></span> <span class='ocrx_word' id='word_1_165' title='bbox 1412 3354 1510 3419; x_wconf 79' lang='grc' dir='ltr'><strong><em>τοίνυν</em></strong></span> <span class='ocrx_word' id='word_1_166' title='bbox 1533 3354 1648 3433; x_wconf 69' lang='grc' dir='ltr'><strong>λέγεις.</strong></span> 
     </span>
    </p>

    <p class='ocr_par' dir='ltr' id='par_1_7' title="bbox 685 3459 1881 4493">
     <span class='ocr_line' id='line_1_24' title="bbox 867 3459 1690 3542; baseline 0.002 -17"><span class='ocrx_word' id='word_1_167' title='bbox 867 3460 969 3526; x_wconf 74' lang='grc' dir='ltr'><strong><em>ἱκανὸν</em></strong></span> <span class='ocrx_word' id='word_1_168' title='bbox 992 3460 1055 3540; x_wconf 70' lang='grc' dir='ltr'><strong>γὰρ</strong></span> <span class='ocrx_word' id='word_1_169' title='bbox 1080 3461 1176 3535; x_wconf 69' lang='grc' dir='ltr'><strong><em>αὐτὴν</em></strong></span> <span class='ocrx_word' id='word_1_170' title='bbox 1199 3459 1340 3540; x_wconf 69' lang='grc' dir='ltr'><strong><em>πρότερον</em></strong></span> <span class='ocrx_word' id='word_1_171' title='bbox 1364 3460 1552 3526; x_wconf 71' lang='grc' dir='ltr'><strong><em>ὑπεπίττουν</em></strong></span> <span class='ocrx_word' id='word_1_172' title='bbox 1574 3460 1690 3542; x_wconf 67' lang='grc' dir='ltr'><strong><em>χρόνον.</em></strong></span> 
     </span>
     <span class='ocr_line' id='line_1_25' title="bbox 686 3564 1879 3652; baseline 0.002 -21"><span class='ocrx_word' id='word_1_173' title='bbox 686 3567 812 3631; x_wconf 84' lang='lat' dir='ltr'><strong>Satisne</strong></span> <span class='ocrx_word' id='word_1_174' title='bbox 831 3567 889 3631; x_wconf 91' lang='lat' dir='ltr'><strong>hos</strong></span> <span class='ocrx_word' id='word_1_175' title='bbox 908 3586 1019 3631; x_wconf 84' lang='lat' dir='ltr'><strong>versus</strong></span> <span class='ocrx_word' id='word_1_176' title='bbox 1038 3565 1235 3652; x_wconf 83' lang='lat' dir='ltr'><strong>intellegunt</strong></span> <span class='ocrx_word' id='word_1_177' title='bbox 1253 3565 1387 3631; x_wconf 81' lang='lat' dir='ltr'><strong>lectores</strong></span> <span class='ocrx_word' id='word_1_178' title='bbox 1406 3564 1570 3631; x_wconf 81' lang='lat' dir='ltr'><strong>hodierni?</strong></span> <span class='ocrx_word' id='word_1_179' title='bbox 1590 3565 1717 3633; x_wconf 83' lang='lat' dir='ltr'><strong>Dixeris</strong></span> <span class='ocrx_word' id='word_1_180' title='bbox 1729 3568 1879 3633; x_wconf 91' lang='lat' dir='ltr'><strong>obseuros</strong></span> 
     </span>
     <span class='ocr_line' id='line_1_26' title="bbox 687 3670 1879 3759; baseline 0.002 -24"><span class='ocrx_word' id='word_1_181' title='bbox 687 3692 755 3735; x_wconf 87' lang='lat' dir='ltr'><strong>esse</strong></span> <span class='ocrx_word' id='word_1_182' title='bbox 778 3693 840 3735; x_wconf 89' lang='lat' dir='ltr'><strong>non</strong></span> <span class='ocrx_word' id='word_1_183' title='bbox 864 3691 972 3755; x_wconf 89' lang='lat' dir='ltr'><strong>posse,</strong></span> <span class='ocrx_word' id='word_1_184' title='bbox 994 3678 1141 3756; x_wconf 89' lang='lat' dir='ltr'><strong>apertum</strong></span> <span class='ocrx_word' id='word_1_185' title='bbox 1161 3674 1247 3736; x_wconf 88' lang='lat' dir='ltr'><strong>enim</strong></span> <span class='ocrx_word' id='word_1_186' title='bbox 1269 3692 1336 3736; x_wconf 87' lang='lat' dir='ltr'><strong>esse</strong></span> <span class='ocrx_word' id='word_1_187' title='bbox 1355 3670 1465 3736; x_wconf 91' lang='lat' dir='ltr'><strong>lusum</strong></span> <span class='ocrx_word' id='word_1_188' title='bbox 1485 3691 1582 3756; x_wconf 90' lang='lat' dir='ltr'><strong>quem</strong></span> <span class='ocrx_word' id='word_1_189' title='bbox 1601 3673 1879 3759; x_wconf 86' lang='lat' dir='ltr'><strong>praebetverbum</strong></span> 
     </span>
     <span class='ocr_line' id='line_1_27' title="bbox 687 3776 1879 3863; baseline 0.004 -24"><span class='ocrx_word' id='word_1_190' title='bbox 687 3777 863 3856; x_wconf 71' lang='grc' dir='ltr'><strong><em>βιάζεσθαι.</em></strong></span> <span class='ocrx_word' id='word_1_191' title='bbox 886 3823 903 3854; x_wconf 88' lang='lat'><em>„</em></span> <span class='ocrx_word' id='word_1_192' title='bbox 914 3776 980 3838; x_wconf 81' lang='lat' dir='ltr'><strong>Vim</strong></span> <span class='ocrx_word' id='word_1_193' title='bbox 1000 3776 1061 3839; x_wconf 77' lang='lat' dir='ltr'><strong>iota</strong></span> <span class='ocrx_word' id='word_1_194' title='bbox 1081 3776 1136 3839; x_wconf 77' lang='lat' dir='ltr'><strong>tibi</strong></span> <span class='ocrx_word' id='word_1_195' title='bbox 1156 3799 1215 3840; x_wconf 80' lang='lat' dir='ltr'><strong>uon</strong></span> <span class='ocrx_word' id='word_1_196' title='bbox 1234 3776 1372 3860; x_wconf 77' lang='lat' dir='ltr'><strong>inferet&#39;&#39;</strong></span> <span class='ocrx_word' id='word_1_197' title='bbox 1393 3776 1589 3863; x_wconf 81' lang='lat' dir='ltr'><strong>Chremylus</strong></span> <span class='ocrx_word' id='word_1_198' title='bbox 1608 3781 1671 3857; x_wconf 79' lang='lat' dir='ltr'><strong>ait,</strong></span> <span class='ocrx_word' id='word_1_199' title='bbox 1692 3779 1730 3844; x_wconf 87' lang='lat' dir='ltr'><strong>de</strong></span> <span class='ocrx_word' id='word_1_200' title='bbox 1742 3778 1879 3844; x_wconf 86' lang='lat' dir='ltr'><strong>muliere</strong></span> 
     </span>
     <span class='ocr_line' id='line_1_28' title="bbox 688 3880 1878 3968; baseline 0.003 -24"><span class='ocrx_word' id='word_1_201' title='bbox 688 3882 795 3945; x_wconf 82' lang='lat' dir='ltr'><strong>dicens</strong></span> <span class='ocrx_word' id='word_1_202' title='bbox 822 3881 855 3945; x_wconf 91' lang='lat' dir='ltr'><strong>id</strong></span> <span class='ocrx_word' id='word_1_203' title='bbox 888 3881 971 3966; x_wconf 90' lang='lat' dir='ltr'><strong>quod</strong></span> <span class='ocrx_word' id='word_1_204' title='bbox 1002 3884 1129 3967; x_wconf 89' lang='lat' dir='ltr'><strong>proprie</strong></span> <span class='ocrx_word' id='word_1_205' title='bbox 1161 3882 1200 3946; x_wconf 88' lang='lat' dir='ltr'><strong>de</strong></span> <span class='ocrx_word' id='word_1_206' title='bbox 1231 3880 1306 3946; x_wconf 87' lang='lat' dir='ltr'><strong>solis</strong></span> <span class='ocrx_word' id='word_1_207' title='bbox 1337 3885 1417 3947; x_wconf 83' lang='lat' dir='ltr'><strong>viris</strong></span> <span class='ocrx_word' id='word_1_208' title='bbox 1449 3886 1555 3968; x_wconf 90' lang='lat' dir='ltr'><strong>potuit</strong></span> <span class='ocrx_word' id='word_1_209' title='bbox 1584 3883 1657 3949; x_wconf 85' lang='lat' dir='ltr'><strong>diei.</strong></span> <span class='ocrx_word' id='word_1_210' title='bbox 1688 3883 1757 3963; x_wconf 83' lang='lat' dir='ltr'><strong>Quo</strong></span> <span class='ocrx_word' id='word_1_211' title='bbox 1780 3885 1878 3950; x_wconf 87' lang='lat' dir='ltr'><strong>verbo</strong></span> 
     </span>
     <span class='ocr_line' id='line_1_29' title="bbox 686 3986 1881 4074; baseline 0.001 -22"><span class='ocrx_word' id='word_1_212' title='bbox 686 3994 813 4071; x_wconf 89' lang='lat' dir='ltr'><strong>arrepto</strong></span> <span class='ocrx_word' id='word_1_213' title='bbox 835 3990 961 4052; x_wconf 87' lang='lat' dir='ltr'><strong>iuvenis</strong></span> <span class='ocrx_word' id='word_1_214' title='bbox 985 3987 1067 4052; x_wconf 91' lang='lat' dir='ltr'><strong>redit</strong></span> <span class='ocrx_word' id='word_1_215' title='bbox 1091 3987 1130 4051; x_wconf 88' lang='lat' dir='ltr'><strong>ad</strong></span> <span class='ocrx_word' id='word_1_216' title='bbox 1153 3986 1425 4052; x_wconf 82' lang='lat' dir='ltr'><strong>vindemiatorum</strong></span> <span class='ocrx_word' id='word_1_217' title='bbox 1445 3987 1611 4074; x_wconf 81' lang='lat' dir='ltr'><strong>linguam,</strong></span> <span class='ocrx_word' id='word_1_218' title='bbox 1633 4009 1696 4073; x_wconf 89' lang='lat' dir='ltr'><strong>qua</strong></span> <span class='ocrx_word' id='word_1_219' title='bbox 1715 3989 1810 4055; x_wconf 91' lang='lat' dir='ltr'><strong>modo</strong></span> <span class='ocrx_word' id='word_1_220' title='bbox 1829 3990 1881 4054; x_wconf 87' lang='lat' dir='ltr'><strong>usi</strong></span> 
     </span>
     <span class='ocr_line' id='line_1_30' title="bbox 685 4092 1877 4171; baseline 0.002 -15"><span class='ocrx_word' id='word_1_221' title='bbox 685 4098 762 4156; x_wconf 91' lang='lat' dir='ltr'><strong>sunt</strong></span> <span class='ocrx_word' id='word_1_222' title='bbox 781 4092 891 4171; x_wconf 67' lang='grc' dir='ltr'><strong><em>τρυγός</em></strong></span> <span class='ocrx_word' id='word_1_223' title='bbox 916 4099 949 4159; x_wconf 91' lang='lat' dir='ltr'><strong>et</strong></span> <span class='ocrx_word' id='word_1_224' title='bbox 971 4093 1136 4170; x_wconf 74' lang='grc' dir='ltr'><strong><em>τρνγνίτον</em></strong></span> <span class='ocrx_word' id='word_1_225' title='bbox 1160 4096 1356 4158; x_wconf 89' lang='lat' dir='ltr'><strong>mentionem</strong></span> <span class='ocrx_word' id='word_1_226' title='bbox 1380 4094 1541 4159; x_wconf 78' lang='lat' dir='ltr'><strong>fatientes.</strong></span> <span class='ocrx_word' id='word_1_227' title='bbox 1568 4094 1694 4171; x_wconf 69' lang='lat' dir='ltr'><strong>„Facile</strong></span> <span class='ocrx_word' id='word_1_228' title='bbox 1712 4094 1819 4158; x_wconf 81' lang='lat' dir='ltr'><strong>eredo”</strong></span> <span class='ocrx_word' id='word_1_229' title='bbox 1835 4130 1877 4143; x_wconf 88' lang='lat'>-</span> 
     </span>
     <span class='ocr_line' id='line_1_31' title="bbox 685 4198 1877 4284; baseline 0.002 -22"><span class='ocrx_word' id='word_1_230' title='bbox 685 4204 849 4282; x_wconf 90' lang='lat' dir='ltr'><strong>retorquet</strong></span> <span class='ocrx_word' id='word_1_231' title='bbox 871 4235 910 4245; x_wconf 95' lang='lat'>—</span> <span class='ocrx_word' id='word_1_232' title='bbox 933 4221 990 4275; x_wconf 75' lang='lat' dir='ltr'><strong>„eu</strong></span> <span class='ocrx_word' id='word_1_233' title='bbox 1010 4198 1068 4261; x_wconf 80' lang='lat' dir='ltr'><strong>isto</strong></span> <span class='ocrx_word' id='word_1_234' title='bbox 1087 4198 1169 4263; x_wconf 81' lang='lat' dir='ltr'><strong>dolio</strong></span> <span class='ocrx_word' id='word_1_235' title='bbox 1188 4199 1270 4262; x_wconf 69' lang='lat' dir='ltr'><strong>nebit</strong></span> <span class='ocrx_word' id='word_1_236' title='bbox 1288 4200 1319 4262; x_wconf 79' lang='lat' dir='ltr'><strong>vi</strong></span> <span class='ocrx_word' id='word_1_237' title='bbox 1336 4206 1567 4282; x_wconf 77' lang='lat' dir='ltr'><strong>prorupturum,</strong></span> <span class='ocrx_word' id='word_1_238' title='bbox 1591 4200 1671 4284; x_wconf 79' lang='lat' dir='ltr'><strong>quod</strong></span> <span class='ocrx_word' id='word_1_239' title='bbox 1692 4206 1751 4263; x_wconf 84' lang='lat' dir='ltr'><strong>tom</strong></span> <span class='ocrx_word' id='word_1_240' title='bbox 1774 4200 1877 4265; x_wconf 76' lang='lat' dir='ltr'><strong>sedulo</strong></span> 
     </span>
     <span class='ocr_line' id='line_1_32' title="bbox 685 4302 1878 4390; baseline 0.005 -25"><span class='ocrx_word' id='word_1_241' title='bbox 685 4303 859 4366; x_wconf 73' lang='lat' dir='ltr'><strong>ezcbleverim</strong></span> <span class='ocrx_word' id='word_1_242' title='bbox 889 4302 1055 4387; x_wconf 62' lang='lat' dir='ltr'><strong>equideffl.</strong></span> <span class='ocrx_word' id='word_1_243' title='bbox 1084 4304 1228 4383; x_wconf 78' lang='lat' dir='ltr'><strong>Quorum</strong></span> <span class='ocrx_word' id='word_1_244' title='bbox 1253 4305 1425 4371; x_wconf 82' lang='lat' dir='ltr'><strong>verborum</strong></span> <span class='ocrx_word' id='word_1_245' title='bbox 1450 4302 1566 4369; x_wconf 88' lang='lat' dir='ltr'><strong>ultima</strong></span> <span class='ocrx_word' id='word_1_246' title='bbox 1589 4310 1673 4370; x_wconf 85' lang='lat' dir='ltr'><strong>uerte</strong></span> <span class='ocrx_word' id='word_1_247' title='bbox 1696 4305 1878 4390; x_wconf 82' lang='lat' dir='ltr'><strong>explicatio</strong></span> 
     </span>
     <span class='ocr_line' id='line_1_33' title="bbox 687 4412 1050 4493; baseline 0.003 -21"><span class='ocrx_word' id='word_1_248' title='bbox 687 4429 764 4473; x_wconf 90' lang='lat' dir='ltr'><strong>nem</strong></span> <span class='ocrx_word' id='word_1_249' title='bbox 787 4430 849 4474; x_wconf 92' lang='lat' dir='ltr'><strong>non</strong></span> <span class='ocrx_word' id='word_1_250' title='bbox 873 4412 1050 4493; x_wconf 89' lang='lat' dir='ltr'><strong>requirunt.</strong></span> 
     </span>
    </p>
   </div>
   <div class='ocr_carea' id='block_1_4' title="bbox 687 4512 1880 4809">
    <p class='ocr_par' dir='ltr' id='par_1_8' title="bbox 687 4512 1880 4809">
     <span class='ocr_line' id='line_1_34' title="bbox 733 4512 1880 4603; baseline 0.005 -26"><span class='ocrx_word' id='word_1_251' title='bbox 733 4512 825 4578; x_wconf 91' lang='lat' dir='ltr'><strong>Nihil</strong></span> <span class='ocrx_word' id='word_1_252' title='bbox 844 4518 921 4580; x_wconf 82' lang='lat' dir='ltr'><strong>novi</strong></span> <span class='ocrx_word' id='word_1_253' title='bbox 939 4513 1092 4581; x_wconf 83' lang='lat' dir='ltr'><strong>observo?</strong></span> <span class='ocrx_word' id='word_1_254' title='bbox 1113 4514 1204 4581; x_wconf 80' lang='lat' dir='ltr'><strong>facile</strong></span> <span class='ocrx_word' id='word_1_255' title='bbox 1224 4515 1325 4580; x_wconf 89' lang='lat' dir='ltr'><strong>oredo.</strong></span> <span class='ocrx_word' id='word_1_256' title='bbox 1349 4514 1412 4581; x_wconf 81' lang='lat' dir='ltr'><strong>Sed</strong></span> <span class='ocrx_word' id='word_1_257' title='bbox 1432 4519 1488 4601; x_wconf 89' lang='lat' dir='ltr'><strong>qui</strong></span> <span class='ocrx_word' id='word_1_258' title='bbox 1507 4516 1543 4580; x_wconf 89' lang='lat' dir='ltr'><strong>fit</strong></span> <span class='ocrx_word' id='word_1_259' title='bbox 1563 4518 1666 4603; x_wconf 76' lang='lat' dir='ltr'><strong>igitur</strong></span> <span class='ocrx_word' id='word_1_260' title='bbox 1685 4523 1723 4581; x_wconf 90' lang='lat' dir='ltr'><strong>ut</strong></span> <span class='ocrx_word' id='word_1_261' title='bbox 1743 4516 1880 4603; x_wconf 87' lang='lat' dir='ltr'><strong>Blaydes</strong></span> 
     </span>
     <span class='ocr_line' id='line_1_35' title="bbox 687 4627 864 4706; baseline 0.023 -24"><span class='ocrx_word' id='word_1_262' title='bbox 687 4627 864 4706; x_wconf 87' lang='lat' dir='ltr'><strong>proponat:</strong></span> 
     </span>
     <span class='ocr_line' id='line_1_36' title="bbox 870 4726 1736 4809; baseline 0.003 -18"><span class='ocrx_word' id='word_1_263' title='bbox 870 4728 903 4793; x_wconf 80' lang='grc' dir='ltr'><strong>οὐ</strong></span> <span class='ocrx_word' id='word_1_264' title='bbox 928 4728 991 4807; x_wconf 72' lang='grc' dir='ltr'><strong>γάρ</strong></span> <span class='ocrx_word' id='word_1_265' title='bbox 1014 4750 1043 4792; x_wconf 80' lang='lat' dir='ltr'><strong>rr</strong></span> <span class='ocrx_word' id='word_1_266' title='bbox 1066 4726 1220 4806; x_wconf 68' lang='grc' dir='ltr'><strong>βιότεταί</strong></span> <span class='ocrx_word' id='word_1_267' title='bbox 1242 4751 1288 4792; x_wconf 79' lang='grc' dir='ltr'><strong>σε.</strong></span> <span class='ocrx_word' id='word_1_268' title='bbox 1315 4763 1357 4776; x_wconf 89' lang='grc'>-</span> <span class='ocrx_word' id='word_1_269' title='bbox 1381 4727 1463 4792; x_wconf 73' lang='grc' dir='ltr'><strong>πάνυ</strong></span> <span class='ocrx_word' id='word_1_270' title='bbox 1487 4734 1589 4803; x_wconf 69' lang='grc' dir='ltr'><strong><em>καλῶς</em></strong></span> <span class='ocrx_word' id='word_1_271' title='bbox 1613 4728 1736 4809; x_wconf 67' lang='grc' dir='ltr'><strong>λέγεις,</strong></span> 
     </span>
    </p>
   </div>
   <div class='ocr_carea' id='block_1_5' title="bbox 726 4953 1685 5022">
    <p class='ocr_par' dir='ltr' id='par_1_9' title="bbox 726 4953 1685 5022">
     <span class='ocr_line' id='line_1_37' title="bbox 726 4953 1685 5022; baseline 0.002 -18"><span class='ocrx_word' id='word_1_272' title='bbox 726 4957 753 5019; x_wconf 90' lang='lat' dir='ltr'><strong>l)</strong></span> <span class='ocrx_word' id='word_1_273' title='bbox 773 4956 827 5004; x_wconf 85' lang='lat' dir='ltr'><strong>Vid.</strong></span> <span class='ocrx_word' id='word_1_274' title='bbox 849 4955 964 5020; x_wconf 81' lang='lat' dir='ltr'><strong>Hyperid.</strong></span> <span class='ocrx_word' id='word_1_275' title='bbox 983 4955 1013 5005; x_wconf 81' lang='lat' dir='ltr'><strong>ir.</strong></span> <span class='ocrx_word' id='word_1_276' title='bbox 1031 4953 1078 5004; x_wconf 78' lang='lat'><strong>171</strong></span> <span class='ocrx_word' id='word_1_277' title='bbox 1098 4955 1179 5013; x_wconf 81' lang='lat' dir='ltr'><strong>Btsss,</strong></span> <span class='ocrx_word' id='word_1_278' title='bbox 1196 4956 1239 5004; x_wconf 81' lang='lat' dir='ltr'><strong>Ar.</strong></span> <span class='ocrx_word' id='word_1_279' title='bbox 1256 4954 1287 5003; x_wconf 79' lang='lat' dir='ltr'><strong>ir.</strong></span> <span class='ocrx_word' id='word_1_280' title='bbox 1305 4956 1362 5014; x_wconf 73' lang='lat'><strong>848,</strong></span> <span class='ocrx_word' id='word_1_281' title='bbox 1381 4955 1443 5006; x_wconf 87' lang='lat' dir='ltr'><strong>Poll.</strong></span> <span class='ocrx_word' id='word_1_282' title='bbox 1462 4956 1487 5005; x_wconf 92' lang='lat'><strong>11</strong></span> <span class='ocrx_word' id='word_1_283' title='bbox 1506 4956 1553 5005; x_wconf 73' lang='lat' dir='ltr'><strong>tes</strong></span> <span class='ocrx_word' id='word_1_284' title='bbox 1571 4955 1592 5003; x_wconf 84' lang='lat' dir='ltr'><strong>V</strong></span> <span class='ocrx_word' id='word_1_285' title='bbox 1610 4957 1685 5022; x_wconf 70' lang='grc' dir='ltr'><strong>92η.</strong></span> 
     </span>
    </p>
   </div>
   <div class='ocr_carea' id='block_1_6' title="bbox 0 0 2568 6148">
    <p class='ocr_par' dir='ltr' id='par_1_10' title="bbox 0 0 2568 6148">
     <span class='ocr_line' id='line_1_38' title="bbox 0 0 2568 6148; baseline 0 0"><span class='ocrx_word' id='word_1_286' title='bbox 0 0 2568 6148; x_wconf 95' lang='lat' dir='ltr'><strong> </strong></span> 
     </span>
    </p>
   </div>
  </div>
 </body>
</html>
