5125 6150
1070 823 1112 874 on
1135 823 1346 874 annuemus.
1730 807 1795 874 269

610 995 802 1071 laudarunt,
825 995 1019 1058 incursiones
1042 994 1076 1055 in
1096 993 1207 1056 Asiam
1226 993 1464 1077 excogitarunt,
1485 1013 1541 1078 pro
1560 992 1667 1078 mythi
1686 991 1795 1056 funda·

611 1108 720 1167 mento
743 1101 934 1166 habuerunt.

656 1206 728 1273 Scio
759 1209 868 1272 Asiam
899 1204 1061 1270 Minorem
1091 1202 1169 1270 olim
1193 1225 1211 1269 a
1235 1203 1366 1292 Scythis
1389 1201 1634 1288 Cimmeriisque
1656 1202 1721 1269 late
1744 1225 1797 1290 po·

608 1314 797 1402 pulantibus
820 1320 926 1379 tutam
950 1333 1012 1378 non
1037 1312 1153 1389 fuisse,
1177 1311 1326 1399 Phryges
1349 1313 1447 1376 etiam
1471 1309 1644 1397 Bithynos,
1665 1310 1795 1399 Mysos,

610 1443 627 1488 e
658 1420 793 1486 Thracia·
822 1441 888 1486 esse
919 1419 1078 1484 oriundos.
1113 1418 1224 1483 Fidem
1257 1419 1356 1483 babeo
1385 1416 1533 1483 Straboni
1563 1421 1756 1483 asseveranti
1773 1417 1796 1498 ¹)

611 1529 671 1592 snb
694 1525 822 1591 tumulo
846 1547 942 1611 quem

1129 1627 1233 1710 ἄνδρες
1256 1631 1402 1695 Beriarac
1425 1632 1637 1713 κικλῄσκουσι,

748 1742 895 1806 atavam
919 1737 952 1802 δέ
975 1762 1010 1802 τε
1034 1746 1120 1814 σῆμα
1144 1737 1474 1816 πολυσκάρθμοιο
1499 1738 1648 1818 Μυρίνης,

609 1846 769 1932 sepultam
801 1847 900 1911 inisse
924 1847 1115 1910 Amazonem
1139 1866 1219 1931 quae
1241 1847 1320 1931 ipsis
1342 1844 1454 1910 Troiae
1477 1845 1536 1910 sub
1560 1846 1727 1911 moenibus
1750 1867 1796 1913 ce·

611 1954 748 2020 cidisset.
773 1952 910 2018 Memini
933 1952 1099 2017 Priamum
1123 1959 1156 2018 et
1177 1951 1472 2037 Bellerophontem,
1493 1952 1631 2018 alterum
1651 1952 1798 2040 Sangarii

607 2063 643 2125 in
655 2063 744 2145 ripis,
758 2059 895 2125 alterum
907 2061 942 2123 in
955 2059 1054 2146 Lycia
1066 2067 1174 2124 eontra
1186 2058 1364 2140 Ἀμαζόνος
1377 2059 1567 2136 ἀντιανείρας
1581 2059 1796 2148 belligerasse.

609 2165 743 2234 Credere
774 2188 837 2231 non
868 2187 977 2232 recuso
1001 2169 1137 2231 securim
1160 2166 1199 2230 ab
1222 2164 1363 2231 Hercule
1386 2168 1539 2231 Amazoni
1561 2173 1702 2251 ereptam
1725 2164 1796 2230 Iovi

607 2273 794 2338 Labrandeo
818 2273 934 2360 Lyciae
956 2275 1082 2337 numini
1105 2293 1173 2338 esse
1196 2272 1347 2338 traditam
1361 2272 1404 2352 ²);
1429 2270 1548 2357 peltam
1572 2275 1795 2337 Amazonicam

609 2383 715 2444 κιττοῦ
747 2379 875 2459 πετάλῳ
905 2385 1100 2459 πορεονκνῖον
1129 2384 1275 2465 gestasse
1303 2377 1510 2464 Mosynoecos
1527 2376 1562 2458 ³).
1598 2380 1796 2443 Amazonum

609 2487 746 2572 denique
778 2508 911 2563 nomen,
942 2485 1028 2572 quod
1058 2486 1222 2570 hucusque
1252 2484 1370 2549 frustra
1394 2489 1552 2549 tentatum
1576 2491 1642 2563 est,
1664 2483 1797 2572 linguae
1898 2486 1901 2491 ⁴

608 2613 740 2681 graecae
771 2593 876 2658 deberi
907 2613 982 2656 cum
1012 2598 1129 2678 negent
1151 2612 1184 2656 v.
1208 2590 1239 2655 d.
1264 2588 1391 2655 aliunde
1414 2593 1515 2676 repeti
1536 2611 1599 2656 non
1623 2595 1707 2656 veto.
1739 2593 1796 2656 At

607 2707 735 2777 tamen,
770 2698 844 2764 licet
878 2698 983 2763 multa
1013 2701 1152 2784 vestigia
1180 2700 1217 2761 in
1244 2698 1355 2762 Asiam
1386 2717 1442 2762 nos
1473 2697 1585 2763 ducere
1615 2696 1794 2776 videantur,

606 2806 683 2872 licet
708 2806 841 2871 Homeri
865 2806 1063 2891 temporibus
1086 2803 1239 2870 mulieres
1262 2810 1403 2870 armatae
1426 2826 1464 2869 ex
1488 2807 1577 2890 equis
1596 2811 1794 2891 pugnantes,

607 2916 642 2977 in
665 2913 810 2999 Phrygia
833 2915 952 2977 vixisse
975 2912 1127 2989 ferantur,
1151 2911 1338 2977 contendere
1361 2916 1469 2976 tamen
1492 2913 1597 2975 ausim
1620 2913 1796 2976 Amazones

608 3018 745 3087 Graecas
779 3018 868 3096 illas,
910 3039 988 3104 quas
1022 3040 1060 3084 ex
1096 3017 1269 3105 Hippolyti
1304 3014 1411 3083 fabula
1445 3019 1588 3105 cognitas
1622 3017 1794 3097 habemus,

606 3126 767 3191 habendas
786 3146 852 3191 esse
871 3128 904 3189 in
924 3146 1056 3190 numero
1076 3126 1247 3189 numinum
1269 3144 1342 3188 vere
1357 3119 1550 3189 Graecorum
1556 3143 1564 3199 ;
1586 3122 1793 3189 orientalibus

605 3254 681 3300 cnm
712 3232 902 3298 mulieribus
933 3235 966 3296 in
990 3234 1077 3318 epico
1097 3234 1237 3297 carmine
1258 3229 1397 3295 laudatis
1419 3228 1467 3294 nil
1487 3231 1552 3295 nisi·
1572 3251 1688 3296 nomen
1711 3252 1795 3296 com·
1874 3314 1878 3324 ‚

606 3361 704 3404 mune
727 3340 842 3404 habere
866 3338 985 3403 Dianae
1008 3337 1082 3403 illas
1105 3341 1221 3416 socias,
1245 3337 1300 3403 sed
1324 3343 1380 3402 aut
1402 3343 1612 3423 congruentes
1631 3338 1670 3402 ob
1689 3359 1794 3405 mores

606 3445 673 3510 illis
704 3466 828 3530 quoque
859 3446 1018 3510 tributum
1049 3466 1116 3510 esse
1140 3447 1339 3509 Amazonum
1363 3464 1477 3508 nomeu
1501 3465 1539 3509 ex
1562 3445 1640 3509 Asia
1663 3444 1794 3511 transla-

607 3561 695 3627 tum,
720 3558 777 3617 aut
795 3552 878 3637 quod
901 3554 1009 3637 potins
1027 3552 1137 3628 credo,
1157 3552 1335 3617 Homerum
1355 3552 1448 3616 Asiae
1466 3551 1595 3616 turbam
1615 3551 1792 3618 fabulosam
1867 3581 1870 3588 ¹

605 3659 787 3745 designasse
816 3661 943 3723 nomine
972 3658 1208 3745 mythologice,
1233 3657 1318 3744 qnod
1342 3657 1440 3744 vulgo
1464 3654 1578 3724 Graeci
1600 3658 1639 3724 ad
1660 3662 1791 3725 immor·

604 3765 683 3830 tales
707 3787 780 3830 suas
805 3768 978 3831 Amazones
1002 3765 1185 3831 indicandas
1207 3765 1354 3830 adhibere
1378 3770 1483 3830 essent
1505 3763 1602 3831 soliti.

651 3986 787 4050 Minime
816 3991 924 4051 autem
955 3985 1114 4051 recondita
1137 3991 1194 4050 aut
1216 3985 1360 4050 abstrusa
1383 3984 1579 4051 videbuntur
1601 3991 1790 4072 argumenta

603 4094 719 4177 quibus
749 4092 900 4156 inductus
931 4113 1003 4156 snm
1034 4098 1072 4156 nt
1104 4093 1277 4155 Amazones
1309 4088 1460 4156 Graeciae
1489 4093 1552 4177 ipsi
1582 4090 1787 4157 vindicarem.

603 4198 707 4263 Variis
738 4201 824 4263 enim
857 4196 935 4263 locis
970 4195 1122 4263 Graeciae
1152 4197 1324 4263 Pausanias
1355 4204 1387 4263 et
1419 4197 1610 4262 Plutarchus
1640 4195 1790 4263 viderunt

602 4304 747 4369 tumulos
776 4307 939 4391 ingentes,
972 4305 1028 4369 nbi
1056 4301 1232 4369 Amazones
1255 4303 1396 4390 sepultas
1417 4306 1519 4368 iacere
1542 4304 1627 4369 fama
1650 4304 1788 4381 ferebat;

603 4411 806 4477 abundabant
838 4432 912 4476 vero
942 4412 1027 4476 hisce
1058 4409 1212 4497 sepulcris
1244 4411 1386 4476 Athenae
1413 4413 1510 4496 ipsae.
1534 4409 1602 4475 lam
1626 4412 1786 4495 primum,

602 4522 630 4583 si
661 4520 836 4582 Amazones
865 4518 995 4583 fuerunt
1025 4519 1161 4583 feminae
1186 4520 1352 4595 asiaticae,
1376 4537 1432 4580 eur
1454 4514 1598 4601 sepulcra
1620 4524 1787 4602 periciam

601 4627 666 4690 fere
695 4623 880 4700 Graeciam,
912 4627 945 4688 in
969 4622 1149 4700 Thessalia,
1173 4625 1321 4701 Boeotia,
1347 4625 1471 4699 Attica,
1495 4621 1709 4709 Peloponneso
1732 4623 1786 4689 ha-

640 4882 663 4942 l)
678 4880 734 4936 XII,
753 4880 801 4932 578
1241 4881 1268 4943 2)
1288 4880 1352 4929 Plut.
1370 4880 1467 4945 Quaeri.
1485 4896 1561 4945 graec.
1579 4883 1620 4930 Ab.

636 4964 662 5025 3)
681 4962 740 5011 Xan.
759 4961 833 5010 Anah.
851 4960 878 5008 V.
896 4963 919 5009 A.
