5125 6150
798 777 863 843 120
1300 789 1483 839 sosarmus.

799 960 837 1024 de
867 958 972 1023 etenim
1003 957 1190 1034 affirmavit;
1222 957 1281 1020 hoo
1305 962 1412 1021 tamen
1436 979 1497 1022 non
1520 956 1633 1034 lieere,
1658 960 1721 1022 nisi
1744 980 1793 1023 res
1812 958 1914 1025 denuo
1938 962 1982 1024 sit

798 1066 1021 1141 demonstrata,
1052 1065 1256 1149 perspicuum
1288 1083 1355 1127 esse
1387 1071 1474 1148 puto.
1506 1063 1593 1128 Inter
1622 1063 1706 1128 locos
1737 1068 1876 1129 erariis
1898 1086 1982 1131 oom-

759 1258 761 1262 .
798 1174 962 1237 montariis
993 1168 1140 1246 collatos,
1165 1190 1242 1254 quos
1266 1188 1363 1253 supra
1385 1167 1515 1234 laudavi
1540 1177 1583 1254 (p.
1611 1168 1674 1235 107
1699 1175 1731 1235 ei
1757 1169 1845 1250 108),
1870 1169 1979 1236 nullus

798 1285 863 1356 est,
887 1278 944 1342 ubi
965 1299 1057 1362 neque
1080 1276 1157 1339 enim
1179 1275 1316 1362 legatur.

843 1385 912 1451 Iam
941 1383 1034 1449 video
1064 1385 1098 1447 in
1128 1385 1259 1469 egregia
1282 1380 1339 1447 illa
1362 1381 1499 1470 Syntari
1521 1381 1652 1460 Latina,
1677 1404 1773 1468 quam
1796 1404 1897 1469 nuper
1920 1389 1982 1449 iar-

798 1494 882 1556 tium
914 1489 1028 1573 edidit,
1053 1488 1268 1554 Sohmalzium
1293 1488 1448 1554 affirmare
1471 1489 1577 1552 etenim
1597 1491 1653 1553 rin
1676 1490 1863 1575 respondere
1885 1493 1981 1578 parti-

798 1596 880 1663 eulis
904 1601 1080 1682 quaesunt
1104 1619 1171 1658 nam
1195 1595 1337 1660 etenim.

843 1703 878 1768 Si
900 1709 983 1769 reate
1005 1704 1073 1767 vim
1095 1703 1266 1768 verborum
1291 1708 1400 1779 teneo,
1424 1702 1509 1767 idem
1530 1703 1594 1768 fere
1613 1704 1658 1767 ait
1679 1702 1762 1788 qnod
1780 1703 1979 1791 Madvigius.

798 1809 885 1875 Haeo
912 1808 1006 1874 dieii:
1040 1807 1136 1884 „Was
1165 1807 1217 1872 die
1246 1807 1440 1894 Bedentung
1469 1830 1531 1874 von
1554 1808 1661 1872 etenim
1682 1808 1834 1896 andaugi,
1858 1831 1892 1874 so
1915 1817 1981 1875 ent»

799 1916 919 2002 sprioht
949 1935 981 1979 os
1011 1913 1111 1978 haum
1139 1912 1195 1978 der
1216 1935 1279 1978 von
1302 1937 1370 1977 nem
1394 1920 1426 1979 et
1448 1915 1542 1993 eninm
1567 1936 1599 1980 es
1623 1914 1710 1980 dient
1732 1917 1825 1981 mehr
1847 1938 1902 1981 nur
1926 1917 1982 1981 ur-

798 2023 970 2106 liuterung
999 2020 1065 2084 und
1095 2017 1220 2084 anehalt
1247 2021 1337 2084 nieht
1367 2019 1427 2085 den
1450 2019 1663 2107 eigentliehen
1687 2018 1817 2100 Grund,
1842 2022 1979 2088 sondern

799 2132 868 2196 eine
891 2128 1075 2213 Beziehung·
1096 2147 1152 2190 zur
1174 2124 1395 2212 Begriiuduug
1418 2133 1503 2213 (pag.
1529 2124 1641 2207 350).”

843 2236 915 2301 Non
948 2233 1039 2299 rideo
1073 2252 1135 2317 quo
1169 2230 1262 2296 modo
1292 2231 1351 2297 hoo
1381 2235 1414 2296 in
1446 2233 1552 2296 etenim
1581 2235 1683 2298 inesse
1714 2236 1831 2320 possit,
1863 2234 1917 2299 sed
1947 2234 1980 2299 id

798 2344 911 2427 utique
941 2337 1059 2403 falsum
1089 2337 1171 2401 mihi
1194 2336 1325 2421 quidem
1348 2337 1477 2403 videtur
1499 2339 1604 2402 etenim
1628 2360 1753 2426 semper
1774 2339 1860 2405 idem
1884 2343 1981 2426 signi-

799 2448 908 2524 ficare,
928 2466 990 2510 non
1008 2448 1110 2529 ipsam
1130 2446 1287 2509 rationem
1309 2446 1377 2509 sive
1396 2465 1542 2522 oausam,
1563 2446 1617 2510 sed
1636 2446 1668 2510 id
1688 2447 1770 2532 quod
1791 2446 1831 2511 ad
1850 2468 1980 2513 eausam

800 2556 946 2641 pertinet.

844 2661 888 2725 Ut
907 2661 1015 2746 paucis
1033 2656 1315 2742 eomprehendam,
1336 2678 1415 2743 quae
1435 2657 1544 2723 videor
1555 2660 1638 2723 mihi
1649 2659 1702 2724 hio
1714 2659 1979 2727 demonstravisse

800 2768 877 2832 haee
900 2771 991 2830 sunt:

847 2875 879 2953 l)
911 2871 1112 2936 Floreniibus
1142 2870 1260 2935 litteris
1291 2871 1429 2947 Latinis,
1452 2876 1523 2956 post
1546 2871 1700 2936 Plautum
1722 2879 1753 2938 et
1775 2872 1980 2951 Terentium,

800 2981 877 3045 enim
908 2998 1070 3063 nunquam
1102 2977 1214 3042 habere
1244 2981 1312 3042 vim
1335 2977 1512 3043 affirmandi
1536 2985 1591 3043 aut
1615 2980 1832 3057 asseverandi,
1857 3002 1982 3066 semper

800 3091 955 3153 rationem
986 3085 1040 3150 vel
1070 3105 1197 3149 eausam
1225 3084 1422 3171 significare,
1455 3089 1553 3175 etiam
1584 3089 1616 3151 in
1647 3089 1841 3152 carminibus
1872 3088 1984 3175 Vergi-

799 3193 910 3271 lianis;

846 3299 881 3377 2)
912 3297 1028 3360 biterrim
1057 3300 1182 3381 proprie
1206 3318 1272 3361 esse
1295 3297 1382 3361 idem
1405 3302 1499 3382 atque
1522 3305 1550 3360 et
1573 3305 1604 3362 et
1627 3299 1704 3362 enim
1727 3303 1909 3378 coniuncta,
1934 3305 1982 3367 ita

801 3410 937 3471 veroni
960 3403 1035 3466 enim
1058 3406 1212 3467 maiorem
1236 3406 1304 3467 vim
1328 3403 1458 3481 habeai;

847 3510 881 3590 3)
911 3509 1001 3574 Hane
1032 3511 1070 3575 ob
1102 3530 1230 3574 eausam
1261 3509 1423 3574 interdum
1452 3509 1539 3574 idem
1570 3531 1636 3575 esse
1660 3518 1755 3595 atque
1777 3514 1901 3591 etenim,
1923 3515 1981 3580 ubi

801 3619 921 3685 seilicet
951 3617 1026 3681 haee
1050 3615 1206 3702 particula
1227 3619 1261 3679 in
1284 3619 1414 3681 ineunte
1438 3619 1602 3681 enuntiato
1625 3617 1731 3682 sedem
1754 3619 1868 3685 habere
1892 3620 1982 3686 debe

800 3727 872 3801 bat,
896 3729 928 3788 et
951 3722 1034 3807 apud
1058 3729 1165 3807 poetas
1188 3724 1285 3787 metri
1307 3742 1414 3800 oausa3

846 3831 880 3910 4)
902 3829 1066 3893 Interdum
1090 3831 1174 3892 etin
1197 3828 1303 3892 etenim
1326 3828 1440 3893 habere
1464 3829 1628 3912 emphasin
1652 3829 1811 3913 quandam
1832 3837 1867 3895 ni
1887 3833 1984 3917 signi·

801 3936 889 4001 ficet:
911 3955 971 3998 non
990 3934 1071 3998 hano
1095 3938 1221 3998 tantum
1245 3941 1368 3998 exstare
1392 3953 1520 3998 oausam
1545 3935 1612 3997 sive
1635 3937 1801 4012 rationem,
1824 3936 1878 4000 sed
1902 3937 1983 4001 hane

801 4042 934 4108 alteram
957 4061 1080 4125 quoque
1103 4061 1176 4105 oum
1200 4039 1259 4104 illa
1280 4039 1544 4125 coniungendam.
