5125 6150
802 780 844 846 38
1146 799 1187 845 on
1209 798 1415 845 noosnnoms
1437 796 1622 845 rnnnsonrs.

803 964 965 1028 Pheneum
988 965 1110 1027 venisse
1133 972 1165 1026 et
1186 967 1281 1027 Assae
1299 962 1457 1048 templum
1477 962 1641 1027 Minervae
1660 983 1695 1026 ae
1714 961 1861 1046 Neptuno
1883 963 1982 1046 sospi-

801 1069 957 1133 tatoribus
987 1068 1162 1132 condidisse
1178 1070 1209 1145 ιι.
1241 1069 1324 1133 Nam
1349 1067 1475 1131 Ulixem
1499 1072 1532 1131 in
1552 1067 1684 1131 Arcadia
1706 1073 1744 1131 ut
1766 1066 1843 1131 alibi
1864 1074 1982 1131 notum

800 1175 898 1239 fuisse
922 1196 983 1239 non
1005 1194 1104 1259 neg03
1126 1173 1180 1238 sed
1204 1172 1267 1238 alia
1291 1195 1339 1237 res
1362 1180 1408 1237 est
1432 1194 1506 1238 eum
1529 1173 1574 1236 ibi
1594 1173 1691 1236 fuisse
1710 1175 1896 1259 cognitum,
1917 1171 1982 1237 alia

803 1279 962 1358 „fabulam
986 1278 1176 1363 insculptam
1204 1281 1237 1342 in
1262 1284 1382 1343 cratera
1406 1299 1467 1363 qua
1491 1279 1621 1343 donavit
1644 1276 1772 1343 Ulixem
1795 1277 1982 1365 Polyxenus

801 1386 878 1451 rex‘'
909 1387 956 1449 ibi
985 1388 1018 1449 in
1051 1406 1103 1450 ore
1134 1387 1279 1449 omnium
1312 1386 1357 1448 ita
1387 1387 1522 1460 vixisse,
1555 1391 1592 1446 ut
1623 1383 1723 1449 coloni
1744 1383 1982 1448 Mantineenses

802 1490 884 1557 nihil
907 1494 1069 1576 antiquius
1092 1492 1260 1567 haberent,
1285 1512 1381 1575 quam
1404 1497 1441 1554 ut
1465 1491 1544 1555 hane
1568 1490 1710 1555 fabulam
1732 1494 1766 1554 in
1790 1492 1980 1577 Aegyptum

801 1598 1015 1663 transferrent.
1047 1596 1118 1662 Non
1141 1598 1220 1673 fnit,
1243 1599 1272 1660 si
1295 1597 1372 1680 quid
1396 1597 1505 1674 video,
1530 1599 1653 1683 Augias
1678 1595 1784 1661 fabula
1814 1597 1854 1661 ab
1885 1598 1980 1661 initio

802 1707 967 1771 ooniuneta
997 1725 1071 1769 eum
1102 1702 1206 1768 Ulixis
1228 1703 1405 1779 erroribus,
1429 1725 1490 1768 non
1515 1705 1742 1788 commigravit
1764 1724 1803 1766 ex
1827 1701 1920 1767 Elide
1946 1705 1979 1767 in

803 1810 986 1885 Arcadiam.
1019 1830 1057 1874 ex
1085 1809 1219 1874 Arcadia
1245 1812 1277 1872 in
1302 1809 1459 1886 Africam;
1485 1830 1554 1873 sero
1578 1809 1708 1873 demum
1732 1816 1874 1892 tempore
1897 1828 1983 1872 nexu

767 1994 773 2009 Ι
801 1916 921 1981 laxiore
945 1937 1017 1980 eum
1040 1913 1135 1997 Ulixe
1159 1921 1207 1979 est
1230 1917 1396 1980 coniuncta
1419 1924 1451 1979 et
1473 1915 1512 1978 ab
1536 1935 1571 1979 eo
1595 1914 1740 1999 quidem,
1773 1916 1828 1998 qui
1856 1916 1982 1999 primus

801 2020 906 2086 Ulixis
939 2025 972 2086 in
1006 2021 1131 2086 Ulidsm
1166 2024 1228 2085 iter
1262 2021 1365 2085 fusius
1400 2024 1560 2085 tractavit.
1596 2020 1626 2085 ls
1662 2021 1724 2084 fuit
1757 2020 1981 2106 Ilugammon,

802 2133 895 2214 poete
924 2134 962 2192 ut
994 2127 1171 2193 videbimus
1203 2129 1335 2191 minime
1367 2126 1442 2191 ditis
1471 2129 1611 2211 ingenii,
1643 2127 1695 2190 sed
1723 2129 1778 2210 qui
1800 2126 1981 2191 Homerum

803 2255 898 2299 suum
922 2239 1074 2320 cognorat
1095 2240 1127 2298 et
1150 2254 1224 2299 eum
1247 2255 1324 2297 mere
1340 2240 1496 2315 poetarum
1519 2234 1691 2317 epelieerum
1709 2235 1755 2297 ita
1775 2231 1985 2317 amplificavit

803 2346 840 2406 ut
870 2361 887 2404 e
914 2341 1058 2404 versibus
1081 2340 1202 2424 aliquot
1225 2339 1384 2426 Odysseae
1406 2360 1526 2404 novum
1549 2338 1726 2423 episodium
1749 2338 1892 2424 fingeret.
1917 2338 1983 2403 Iter

804 2449 905 2533 igitur
936 2444 1041 2517 Ulixis
1075 2449 1108 2510 in
1141 2445 1268 2510 Elidem
1304 2452 1375 2510 ante
1410 2445 1665 2531 Eugammonem
1698 2447 1732 2508 in
1766 2443 1984 2529 Peloponneso

804 2551 995 2617 celebratum
1028 2572 1094 2616 esse
1124 2574 1186 2617 non
1208 2551 1317 2628 oredo;
1342 2558 1391 2616 est
1412 2572 1498 2615 mera
1520 2550 1726 2636 amplificatio
1750 2548 1908 2636 Odysseae
1933 2571 1986 2615 ex·

804 2660 945 2744 cogitata
976 2678 994 2722 a
1025 2679 1093 2724 sero
1124 2664 1234 2744 poeta,
1263 2658 1396 2723 Homeri
1419 2666 1558 2722 amatore
1580 2663 1613 2722 et
1634 2660 1811 2733 imitatore,
1835 2660 1891 2742 qui
1913 2656 1985 2723 loeo

804 2764 941 2849 quodam
960 2763 1130 2829 Homerico
1150 2765 1356 2829 fundamento
1375 2784 1452 2828 usus
1471 2785 1592 2829 norum
1612 2783 1737 2828 earmen
1757 2766 1983 2848 superstruxit.

803 2870 1007 2956 Eugammon
1037 2872 1123 2935 enim
1153 2867 1345 2956 Uyrenaieus
1376 2871 1454 2934 bene
1472 2890 1595 2935 memor
1618 2868 1721 2934 Ulixis
1745 2869 1916 2933 verborum
1942 2868 1982 2933 ad

805 2975 983 3060 Penelopen
1006 2982 1032 3055 ψ
1047 2975 1129 3040 354:

894 3083 1043 3159 κτήματα
1066 3084 1132 3161 μὲν,
1155 3081 1197 3147 σοὶ
1221 3106 1270 3160 μοι
1295 3082 1359 3147 ἔστι
1384 3080 1556 3164 κομιζέμεν·
1582 3082 1611 3145 ἕν
1635 3080 1812 3161 μεγάροισι,

895 3197 984 3265 μῆλα
1008 3188 1033 3251 δ’
1058 3185 1080 3252 ἶν’
1103 3212 1153 3265 μοι
1177 3197 1347 3268 μνηστῆρες
1372 3189 1556 3268 ὑπερφίαλοι
1581 3186 1768 3267 κατέκειραν,

895 3295 999 3359 πολλοὶ
1022 3295 1078 3371 μὲν
1102 3296 1224 3366 αὐτὸς
1249 3296 1323 3373 ἐγὼ
1348 3297 1594 3373 λνήοοομαι,
1618 3294 1705 3358 ἄλλα
1729 3295 1755 3359 δ’
1779 3294 1904 3375 Ἀχαιοὶ

895 3402 1016 3466 δώσονσ’
1039 3403 1080 3473 εἷς
1104 3398 1123 3467 b'
1142 3426 1176 3467 κε
1201 3402 1321 3472 πάντας
1343 3402 1542 3474 ἐνιπλήσωσιν
1566 3402 1740 3478 ἐπαύλους,

805 3529 861 3573 nee
884 3506 1002 3572 oblitus
1025 3509 1221 3574 Noemonem
1245 3508 1339 3573 3635
1363 3511 1446 3573 inter
1470 3528 1577 3593 prooos
1601 3508 1737 3572 dixisse:

1297 3616 1380 3695 χρνὼ
1405 3614 1429 3678 δ’
1454 3615 1509 3690 ἐμὲ
1532 3616 1678 3692 γίγνεται
1703 3614 1798 3688 αὐτῆς
1823 3616 1940 3693 (navis)

892 3719 996 3784 Ἤλιδ’
1021 3718 1049 3791 ἒς
1073 3719 1229 3801 εὐρύχορον
1254 3721 1458 3798 διαβήμεναι,
1483 3718 1551 3783 ἔνθα
1577 3743 1627 3796 μοι
1652 3719 1738 3784 ἵπποι

896 3825 1010 3890 δώδεκα
1035 3829 1152 3900 θήλειαι
1176 3842 1268 3892 ιι.τ.λ.
1283 3825 1320 3904 ³).

806 3932 864 3997 hoe
885 3935 947 3997 iter
970 3932 1074 3997 Ulixis
1092 3937 1125 3997 in
1144 3933 1270 3998 Elidem
1289 3935 1484 4019 excogitavit
1498 3931 1532 4012 3),
1553 3934 1734 4018 praemissis
1754 3933 1988 4016 precationibus

806 4037 846 4103 ad
865 4038 1032 4124 Nymphas
1052 4060 1130 4124 quas
1149 4042 1240 4105 heros
1259 4039 1467 4125 spoponderat
1486 4038 1702 4114 seso-360,
1716 4038 1837 4103 adieeto
1849 4039 1987 4124 hospitio

807 4145 962 4232 Polyxeni
991 4143 1144 4210 Eleorum
1175 4145 1263 4211 ducis
1294 4169 1310 4211 e
1340 4145 1484 4232 catalogo
1508 4151 1542 4226 (B
1557 4144 1748 4224 615-624)
1772 4147 1848 4210 noti.
1880 4144 1988 4210 Simul

843 4421 869 4484 l)
887 4419 954 4479 vl11,
972 4423 1012 4480 44,
1021 4424 1044 4469 4.
1067 4447 1095 4458 -
1113 4421 1139 4472 Il.
1158 4422 1241 4484 Meyer
1258 4437 1281 4485 p.
1299 4421 1358 4470 268:
1388 4420 1431 4469 „ln
1449 4420 1568 4470 Aristion
1587 4420 1677 4468 besteht
1695 4418 1785 4468 iberall
1803 4420 1845 4467 der
1862 4419 1991 4468 Poseidon·

806 4502 857 4551 oult
874 4502 899 4550 in
916 4502 992 4550 noller
1009 4502 1104 4552 olette.
1124 4505 1182 4552 Deos
1200 4504 1230 4552 ist
1247 4519 1273 4552 so
1291 4503 1432 4561 suffallend,
1456 4504 1509 4552 dass
1525 4519 1550 4551 es
1567 4502 1610 4551 ani
1625 4502 1662 4550 die
1681 4503 1830 4565 Vermutung
1847 4502 1929 4559 inin,
1947 4503 1991 4551 der

807 4584 952 4633 Arkadisohe
972 4586 1099 4644 Poseidon,
1116 4587 1158 4634 der
1175 4585 1350 4650 rossgestaltige
1367 4587 1425 4634 Gott
1443 4587 1485 4634 uer
1502 4585 1578 4634 Stiere
1596 4585 1642 4633 und
1661 4585 1759 4641 Pieris,
1774 4585 1815 4632 der
1830 4584 1931 4632 Gemshl
1947 4585 1991 4634 der

808 4666 948 4730 lirdgottin,
970 4667 1002 4714 sei
1028 4668 1193 4731 urspriinglielr
1217 4667 1296 4725 nicht,
1315 4668 1372 4716 oder
1389 4668 1528 4732 nenigstens
1545 4667 1612 4716 nieht
1629 4666 1829 4723 suesohfimalioh,
1846 4667 1889 4715 (lor
1907 4667 1990 4717 Mser·

807 4752 859 4812 gott
876 4747 1006 4810 genesen?

842 4831 870 4894 2)
887 4830 923 4879 Gi.
941 4831 1025 4880 0¹42&

843 4915 870 4979 ³)
888 4914 924 4962 Cf.
943 4915 1012 4962 Ροιιι.
1033 4913 1100 4974 VIII,
1117 4915 1155 4974 14,
1164 4917 1187 4965 4.
