5125 6150
1075 832 1119 879 ur
1144 830 1354 878 emineamus.
1749 809 1814 876 275

623 1018 696 1061 nem
720 994 880 1073 italicam,
906 1017 1003 1080 quam
1027 995 1189 1083 Vergilius
1204 994 1228 1074 ¹)
1251 994 1371 1060 vividis
1394 993 1552 1059 coloribus
1571 993 1733 1078 depinxit,
1754 1015 1817 1060 non

622 1102 723 1167 solam
759 1100 997 1166 Penthesileam
1033 1101 1087 1167 sed
1121 1104 1219 1165 etiam
1253 1100 1458 1188 Harpalycen
1488 1103 1522 1165 iu
1552 1107 1694 1165 mentem
1726 1101 1818 1165 nobis

623 1228 779 1273 revocare.
819 1207 914 1284 Fuit,
950 1210 978 1271 si
1013 1207 1090 1293 quid
1124 1207 1234 1283 video,
1270 1207 1347 1272 haec
1379 1206 1561 1294 Harpalyce
1592 1227 1666 1271 vera
1698 1208 1817 1272 Amazo

622 1335 754 1400 graeca,
791 1334 969 1398 nomenque
1005 1316 1074 1377 eius
1106 1313 1273 1377 cohaerere
1305 1320 1385 1397 puto
1417 1333 1493 1377 cum
1525 1311 1628 1377 Diana
1657 1312 1731 1390 illa,
1764 1315 1817 1377 cui

623 1419 840 1505 Hippolytus,
872 1422 900 1484 si
932 1418 1009 1483 fides
1041 1420 1244 1510 Pemqgetae,
1277 1418 1346 1482 vado
1372 1419 1507 1489 Λυκεὶκς
1533 1417 1711 1497 Ἀρτέμιδος
1735 1418 1819 1483 dedi·

623 1529 719 1591 cavit.
744 1524 932 1609 Suspicatus
956 1530 1064 1588 autem
1088 1523 1262 1589 Pausanias
1286 1525 1367 1588 hene
1390 1524 1562 1602 ἐκ1κλλσιν,
1587 1546 1684 1609 quam
1704 1546 1723 1589 a
1742 1545 1819 1589 voce

624 1632 707 1707 λύκῳ
727 1630 867 1705 derivat,
889 1630 1104 1695 Amazonibus
1123 1651 1250 1715 quoque
1269 1630 1368 1695 fuisse
1387 1631 1555 1695 tributam.
1576 1630 1672 1695 Haud
1688 1632 1818 1708 iniuria,

622 1740 685 1801 nisi
708 1736 793 1820 quod
818 1757 932 1800 nomen
955 1757 1030 1800 cum
1054 1736 1175 1798 lccccdi
1194 1735 1297 1800 radice
1321 1751 1408 1799 λυκ-
1431 1738 1595 1801 cohaerere
1616 1742 1706 1821 puto.
1727 1734 1818 1815 Quod

622 1846 650 1907 si
674 1845 746 1928 quis
769 1842 851 1906 forte
875 1842 1046 1907 contendat
1069 1840 1193 1927 Lyceae
1215 1862 1331 1906 nomen
1354 1841 1472 1906 idcirco
1494 1842 1532 1906 ab
1556 1843 1696 1927 antiquis
1720 1842 1818 1906 fuisse
1925 1901 1926 1905 ,

623 1951 803 2015 derivatum
840 1969 858 2013 a
892 1970 968 2014 voce
1005 1947 1104 2027 λύκῳ,
1140 1948 1225 2033 quod
1260 1950 1459 2013 Amazonum
1490 1951 1560 2013 vim
1591 1948 1725 2014 nocendi
1760 1948 1819 2012 hac

622 2059 765 2142 imagine
789 2057 927 2140 exprimi
950 2076 1041 2140 posse
1066 2057 1281 2139 opinarentur,
1307 2075 1381 2119 eum
1405 2076 1462 2120 nec
1485 2054 1675 2141 redarguere
1698 2055 1818 2139 possim

623 2184 680 2227 nec
705 2162 818 2226 ducem
842 2164 933 2246 sequi
958 2160 1066 2225 velim.

669 2266 781 2332 'Palem
817 2275 924 2332 autem
960 2270 1030 2332 vim
1066 2266 1204 2332 Dianam
1239 2288 1314 2332 cum
1348 2269 1441 2337 sociis
1477 2270 1543 2331 suis
1574 2268 1724 2333 habuisse
1755 2289 1818 2333 non

623 2373 715 2439 facile
750 2373 874 2438 refellet
909 2377 1102 2458 quicumque
1138 2374 1218 2438 hanc
1253 2375 1381 2438 turbam
1416 2394 1490 2438 cum
1526 2377 1710 2459 germanica
1743 2373 1817 2453 illa,

625 2501 705 2565 quae
742 2478 867 2556 „Wilde
903 2478 1008 2565 lagd”
1045 2478 1227 2565 appellatur
1261 2479 1316 2544 vel
1351 2480 1454 2544 obiter
1488 2483 1728 2563 comparaverit.
1765 2479 1819 2544 Sic

623 2588 770 2663 erinippo
803 2587 934 2650 fuerunt
965 2588 1105 2650 carmina
1136 2583 1330 2663 ἀλεξίκακοι,
1361 2589 1478 2670 quibus
1508 2586 1666 2671 agricolae
1689 2606 1818 2651 saevam

623 2693 887 2776 mortiferumque
910 2691 1001 2756 illam
1026 2692 1153 2756 turbam
1179 2713 1197 2756 a
1219 2692 1368 2778 frugibus
1391 2713 1495 2756 arcere
1518 2693 1721 2757 conabantur.

669 2798 781 2863 Fortes
813 2804 921 2862 autem
948 2799 1060 2862 heroes
1083 2819 1144 2862 non
1169 2797 1207 2862 ad
1233 2800 1375 2862 carmina
1398 2798 1453 2863 sed
1477 2797 1516 2863 ad
1540 2796 1688 2885 gladium
1712 2799 1819 2864 confu-

622 2905 771 2991 giebant,
803 2911 963 2969 certamen
995 2925 1070 2967 cum
1099 2905 1179 2987 ipsis
1207 2903 1414 2969 daemonibus
1438 2907 1571 2969 minime
1597 2905 1817 2970 detrectantes.

623 3010 710 3074 Talis
733 3011 810 3076 hero
830 3011 893 3074 fuit
912 3008 1069 3086 Theseus,
1092 3012 1199 3095 quiin
1219 3010 1330 3076 eadem
1351 3013 1496 3098 regione,
1516 3012 1574 3076 ubi
1594 3011 1816 3097 Periphetam,

624 3118 746 3187 Sinim.
782 3116 966 3193 Scironem,
1002 3115 1217 3201 Cercyonem,
1254 3119 1477 3194 Procrustam,
1509 3124 1558 3183 tot
1589 3116 1651 3182 alia
1675 3124 1818 3182 monstra

623 3230 754 3288 naturae
786 3226 869 3287 vires
900 3229 1049 3287 nocentes
1081 3223 1267 3300 referentia,
1297 3244 1314 3287 e
1339 3222 1619 3299 mediosustulit,
1644 3225 1818 3288 Amazones

622 3350 747 3414 quoque
777 3329 995 3413 impugnavit.
1028 3326 1097 3406 Qua
1129 3328 1167 3392 de
1198 3349 1292 3392 causa
1321 3349 1384 3392 non
1415 3329 1510 3393 modo
1542 3329 1676 3393 Athenis
1708 3328 1762 3393 sed
1786 3334 1818 3394 et

622 3433 695 3499 aliis
719 3432 815 3510 locis,
840 3442 919 3519 puta
942 3435 971 3495 ἐν
996 3434 1160 3511 Γενεθλίῳ,
1185 3456 1259 3498 cum
1282 3436 1324 3498 iis
1347 3440 1484 3499 certasse
1509 3436 1620 3500 fertur.
1646 3434 1816 3514 Necnon,

623 3548 660 3603 ut
696 3560 814 3625 magno
849 3540 939 3603 heroi
973 3561 1029 3625 par
1064 3545 1149 3617 erat,
1189 3561 1264 3605 cum
1300 3542 1498 3605 Amazonum
1533 3544 1818 3626 praestantissimis

622 3646 813 3723 concubuit,
849 3645 995 3731 filiosque
1031 3668 1067 3711 ex
1103 3650 1143 3710 iis
1179 3650 1375 3731 procreavit,
1409 3668 1545 3731 quorum
1575 3651 1705 3713 nomina
1734 3647 1817 3713 clare

621 3752 763 3816 indicant
793 3755 935 3837 ipsarum
965 3758 1107 3817 matrum
1139 3760 1299 3817 naturam.
1332 3752 1384 3817 Sic
1415 3774 1432 3817 e
1464 3753 1621 3840 Perigone
1644 3754 1728 3819 Sinis
1752 3753 1818 3819 filia

622 3861 738 3944 genuit
762 3858 981 3939 Melanippum,
1007 3881 1045 3924 er
1070 3860 1209 3943 Antiope
1230 3860 1440 3943 Hippolytum.
1465 3859 1577 3926 Nonne
1596 3863 1664 3945 ipsc
1684 3859 1818 3924 Alexan·

623 3964 678 4028 der
706 3963 847 4050 Magnus
879 3963 993 4029 Thesei
1024 3963 1209 4050 exemplum
1237 3970 1367 4031 secutus
1390 3986 1464 4031 cum
1483 3968 1683 4031 Amazonum
1706 3966 1818 4051 regina

622 4091 692 4135 rem
716 4070 864 4134 habuisse
888 4069 1092 4136 tradebatur?

670 4176 808 4261 Antiope
849 4177 958 4241 autem
996 4214 1036 4225 -
1073 4175 1252 4263 Hippolyte
1292 4198 1419 4263 quoque
1461 4182 1595 4241 vocatur
1629 4213 1672 4224 —
1707 4183 1817 4262 postea

621 4301 770 4366 pugnans
806 4280 940 4359 oceidit,
978 4282 1029 4345 acl
1066 4284 1120 4356 τὴν
1155 4284 1272 4357 στήλην
1306 4285 1362 4356 τὴν
1397 4282 1482 4359 παρὰ
1519 4284 1553 4345 τὸ
1585 4290 1638 4357 τῆς
1671 4288 1730 4353 Γῆς
1761 4288 1816 4353 τῆς

621 4387 806 4462 ’otauniae
839 4387 914 4466 ἱερὸν
945 4388 996 4453 ἐπὶ
1029 4389 1129 4470 ταύτῃ
1161 4390 1280 4453 κεῖσθαι
1312 4388 1484 4453 narrabant
1515 4391 1644 4473 posteri.
1677 4387 1817 4474 Roganti

622 4513 697 4557 vero
719 4513 799 4576 quae
823 4494 919 4557 fuerit
943 4502 985 4565 Γῆ
1010 4494 1068 4559 illa
1092 4494 1259 4569 Ὀλυμπία
1279 4494 1473 4559 Plutarchus
1487 4491 1512 4572 ²)
1532 4494 1700 4579 respondet
1719 4494 1816 4557 fuisse

621 4620 799 4684 cognomen
824 4647 920 4665 .....
945 4601 1065 4665 Lunae.
1102 4601 1226 4686 Ecquid
1259 4603 1359 4664 etiam
1394 4599 1606 4664 dubitandum
1641 4605 1706 4676 est,
1739 4601 1816 4683 quin

621 4703 802 4791 Hippolyte
835 4704 892 4770 illa
928 4728 1032 4771 comes
1062 4706 1182 4771 Dianae
1214 4705 1336 4770 lunaris
1367 4707 1388 4769 i.
1413 4726 1440 4770 e.
1473 4704 1549 4771 deae
1579 4726 1654 4770 vere
1684 4724 1816 4791 graecae

658 4948 685 5007 l)
704 4947 753 4995 vn
771 4948 828 5006 808,
846 4946 884 4996 xl
903 4947 951 4999 170
965 4962 1008 5011 sqq
1278 4945 1307 5008 2)
1325 4945 1360 4995 De
1377 4946 1462 4996 defeat.
1479 4962 1543 4996 orso.
1560 4947 1609 4995 alo
1620 4946 1649 4996 11.
