5125 6150
866 740 887 805 2
1369 763 1532 811 averanus.

910 927 1075 1013 fingenius
1104 926 1269 993 Mehlerus
1299 926 1510 993 himbricensis
1539 930 1627 992 venit
1655 926 1788 992 beidam
1818 925 1857 990 ad
1880 945 1938 989 nos
1961 942 2038 988 anno

869 1032 965 1099 1846.
990 1032 1128 1098 Vixdum
1152 1036 1347 1120 vigesimum
1370 1037 1483 1099 aetatis
1507 1055 1625 1099 annum
1650 1054 1796 1120 egressus
1818 1038 1886 1097 erat
1909 1036 1942 1095 et
1965 1028 2041 1094 Bon·

865 1161 923 1205 nae
957 1138 1063 1205 studia
1095 1143 1159 1205 iam
1194 1139 1389 1218 absolverat,
1427 1147 1539 1205 nactus
1573 1140 1795 1205 celeberrimos
1829 1142 2041 1222 praeceptores

866 1246 1069 1312 Welclxernm
1099 1252 1132 1312 et
1161 1245 1390 1323 Ritschelinm,
1422 1249 1540 1313 amicos
1570 1253 1696 1323 autem,
1728 1245 1766 1310 de
1795 1244 1911 1329 quibus
1934 1243 2041 1306 statim

866 1374 974 1419 omnes
1006 1355 1129 1438 optima
1158 1373 1299 1438 quaeque
1329 1354 1513 1438 sperabant,
1545 1351 1741 1439 Leopoldum
1773 1349 1991 1415 Schmidtium
2016 1353 2041 1413 et

863 1458 1014 1524 Iacobum
1044 1457 1266 1543 Bernaysium.
1299 1458 1464 1525 Welclxero
1495 1458 1573 1524 duce
1596 1462 1740 1523 animum
1763 1458 1925 1543 imprimis
1948 1452 2041 1540 appli

865 1572 950 1630 carat
977 1563 1016 1628 ad
1045 1563 1266 1651 mythologice
1289 1566 1448 1643 studium;
1473 1566 1547 1629 hinc
1571 1568 1670 1630 etiam
1692 1565 1753 1629 sibi
1773 1562 1915 1649 elegerat
1937 1560 2041 1625 dieser

864 1672 993 1736 tationis
1018 1676 1264 1756 argumentum,
1285 1673 1319 1735 in
1340 1691 1402 1755 qua
1422 1670 1461 1736 ad
1481 1670 1643 1756 publicam
1663 1669 1921 1735 commilitonum
1942 1664 2041 1750 dispu

864 1779 1017 1841 tationem
1055 1775 1241 1840 exhibuerat
1271 1778 1410 1861 priorem
1442 1783 1566 1861 partem
1598 1798 1709 1842 eorum
1739 1796 1818 1861 quae
1849 1774 1886 1838 de
1916 1770 2041 1836 Mnaser

865 1882 1030 1947 Patarensi
1059 1880 1240 1967 collegerat.
1276 1881 1338 1947 Sed
1369 1903 1431 1967 quc
1463 1886 1605 1967 primurn
1629 1883 1679 1948 die
1699 1881 1912 1968 Septimontio
1935 1876 2041 1943 relicte

863 1991 898 2053 in
919 1988 1000 2053 hanc
1023 1986 1198 2072 palustrem
1221 1993 1339 2052 terram
1363 1986 1487 2053 delatus
1510 1998 1574 2067 est,
1599 1996 1711 2074 eaptus
1734 1989 1798 2052 fnit
1821 2006 1926 2051 amore
1950 1983 2040 2047 Athe

771 2110 773 2115 '
865 2115 978 2160 narum
1010 2093 1205 2159 Batavorum
1236 2092 1437 2179 decrevitque
1461 2098 1563 2180 patria
1585 2095 1697 2161 relicta
1720 2095 1885 2159 nobiscum
1908 2109 2041 2155 manere

865 2200 937 2268 Cito
961 2201 1102 2266 moribus
1125 2203 1241 2264 nostris
1259 2200 1454 2265 assuefactus
1473 2207 1521 2265 est
1537 2210 1568 2265 et
1588 2203 1676 2267 brevi
1696 2209 1838 2287 tempore
1858 2196 2041 2263 Hellandict

863 2310 910 2372 ita
931 2306 1143 2383 fabulabatur,
1163 2308 1253 2370 utin
1272 2309 1471 2391 paucissimis
1491 2308 1637 2393 proderet
1657 2311 1856 2395 peregrinam
1876 2307 2039 2391 originem

865 2412 1011 2493 Quotidie
1041 2432 1105 2476 nna
1137 2419 1204 2477 erat
1233 2433 1307 2477 cum
1337 2413 1487 2478 studiosis
1515 2415 1685 2479 iuvenibus
1709 2417 1765 2498 qui
1789 2413 1921 2478 ducibus
1944 2410 2041 2476 Beki<

864 2526 896 2583 et
916 2517 1035 2585 Oobeto
1054 2520 1193 2602 antiquie
1212 2516 1314 2583 literis
1335 2539 1462 2604 operam
1479 2519 1607 2598 dabant;
1627 2542 1702 2585 mox
1720 2519 1876 2596 Cobetue,
1895 2516 2041 2595 (laelius,

864 2623 918 2689 alii
950 2624 1140 2709 professores
1170 2644 1245 2689 eum
1274 2628 1309 2687 in
1340 2624 1589 2691 familiaritatem
1614 2631 1799 2712 receperunt
1806 2647 1813 2703 ;
1839 2625 1951 2702 verbe,
1976 2628 2041 2689 erat

863 2730 948 2815 quod
977 2731 1037 2794 sibi
1069 2729 1249 2814 plauderet,
1272 2750 1348 2794 nam
1371 2752 1479 2797 omnes
1503 2735 1742 2819 augurabantur
1765 2754 1840 2797 mox
1862 2734 1927 2796 lore
1950 2735 1989 2795 nt
2013 2732 2041 2794 in

863 2834 970 2922 aliqua
1000 2835 1171 2901 honorifica
1200 2839 1336 2901 statione
1366 2837 1588 2918 collocaretur;
1621 2840 1674 2905 sed
1705 2841 1841 2906 doctoris
1869 2838 2041 2902 Bonnensis

862 2942 977 3008 titulus
1007 2965 1069 3007 non
1092 2943 1265 3008 sufficiebat
1288 2965 1323 3009 aa
1347 2966 1475 3029 prorsus
1499 2968 1620 3011 necesse
1643 2953 1711 3011 erat
1733 2953 1770 3010 ut
1793 2944 1894 3031 Regio
1917 2944 2041 3009 decreto

862 3052 1082 3116 convenienter
1112 3048 1268 3136 legitimis
1300 3052 1498 3117 examinibus
1530 3055 1664 3138 peractis
1686 3050 1769 3138 apud
1793 3072 1849 3116 nos
1872 3049 2041 3116 literarum

862 3156 972 3221 doctor
995 3160 1242 3221 renunciaretur.

908 3263 1087 3346 Antequam
1122 3261 1161 3326 ad
1194 3283 1315 3326 novum
1352 3247 1437 3348 opus
1460 3285 1493 3328 se
1524 3267 1720 3350 accingeret,
1753 3263 1915 3330 absolvere
1937 3260 2041 3327 voluit

864 3367 945 3435 quod
969 3367 1096 3432 Bonnae
1118 3369 1321 3433 incohaverat
1340 3385 1373 3433 et
1391 3390 1472 3434 anno
1494 3367 1579 3435 1847
1599 3369 1700 3434 edidit
1719 3377 1873 3456 quotquot
1892 3368 2041 3434 Mnaseas

862 3474 1039 3560 fragmenta
1078 3478 1214 3561 reperire
1253 3479 1359 3560 potuit
1398 3497 1471 3540 cum
1507 3477 1596 3542 docto
1630 3478 1875 3552 commentario,
1910 3477 1943 3539 in
1979 3495 2041 3560 quo

861 3587 933 3668 post
955 3580 1134 3646 Prellerum
1157 3581 1261 3646 multo
1284 3581 1409 3667 planius
1431 3582 1604 3668 explicavit
1627 3605 1706 3670 quae
1730 3585 1869 3648 strictim
1889 3583 2041 3667 attigerat

861 3690 895 3752 in
926 3689 1143 3752 dissertatione
1173 3688 1371 3753 Academica.
1404 3687 1523 3754 Deinde
1546 3691 1603 3756 hac
1626 3713 1701 3756 cura
1724 3689 1907 3776 profligata,
1931 3707 2041 3772 quarn·

861 3815 957 3879 quam
988 3793 1027 3858 ad
1057 3803 1236 3859 extremum
1266 3793 1464 3880 gloriabatur
1486 3796 1583 3860 fuisse
1607 3818 1639 3860 se
1664 3796 1873 3862 duumvirum
1898 3792 2041 3858 Bonnen-

861 3903 945 3965 sinm
975 3899 1184 3984 discipulum,
1218 3898 1331 3967 (lebeti
1361 3901 1506 3965 assiduus
1537 3902 1664 3967 auditor
1686 3902 1788 3966 factus
1811 3923 1885 3966 cum
1910 3897 2041 3983 reliquis

861 4005 1130 4071 commilitonibus
1149 4004 1188 4069 ad
1205 4004 1334 4071 illustre
1353 4006 1537 4092 exemplum
1554 4009 1638 4093 quod
1653 4009 1846 4084 intuebatur,
1860 4030 1893 4072 se
1905 4007 2041 4071 effinxit.

784 4197 787 4201 ¹
860 4111 921 4176 His
944 4110 1058 4175 studiis
1081 4113 1223 4174 intentus
1247 4132 1348 4175 unum
1373 4119 1404 4176 et
1428 4111 1565 4177 alterum
1589 4136 1706 4179 annum
1730 4117 1885 4200 transegit
1905 4120 1936 4178 et
1956 4132 2041 4176 anno

863 4216 1005 4281 1850111
1029 4215 1133 4282 lucem
1157 4219 1264 4281 emisit
1288 4217 1507 4302 Xenophontis
1531 4218 1724 4286 Convivinm
1747 4243 1821 4286 cum
1845 4222 1964 4286 criticis
1987 4219 2041 4283 ad·

860 4323 1091 4400 notationibus,
1115 4325 1147 4387 in
1170 4323 1286 4408 quibus
1309 4327 1416 4409 ipsum
1439 4330 1565 4390 textum
1588 4348 1680 4413 saepe
1702 4327 1837 4392 feliciter
1856 4326 2041 4392 emendavit

861 4428 1028 4511 omniaque
1058 4429 1254 4493 severissime
1276 4433 1384 4516 exegit
1406 4430 1444 4494 ad
1469 4452 1612 4496 normam
1635 4435 1759 4498 Atticae
1784 4433 1921 4497 dialecti.
1954 4432 2041 4496 Adu-

860 4530 1006 4597 lescentis
1024 4554 1117 4617 opera
1135 4541 1183 4599 est
1202 4534 1383 4619 multaque,
1404 4540 1453 4601 uti
1472 4540 1592 4622 opinor,
1613 4546 1721 4624 postea
1735 4539 1828 4604 aliter
1841 4540 2041 4606 administra·

861 4640 974 4714 visset;
1000 4636 1109 4702 sedin
1132 4639 1386 4705 adnotationibus
1409 4642 1494 4706 haud
1517 4664 1616 4727 pauca
1638 4648 1763 4709 inerant
1787 4667 1866 4730 quae
1891 4652 2041 4711 veterum

859 4741 1023 4806 literarum
1047 4751 1187 4808 amantes
1211 4746 1336 4812 allicere
1359 4753 1520 4831 poterant,
1546 4770 1619 4814 nam
1643 4759 1715 4835 post
1738 4752 1922 4816 Orationem
1946 4751 2041 4817 loan-

859 4847 1004 4934 guralem
1029 4847 1166 4915 Oobetus
1190 4872 1253 4914 nen
1271 4851 1408 4936 amplius
1428 4852 1467 4916 ad
1486 4854 1688 4920 scribendum
1707 4860 1852 4921 animum
1872 4856 2041 4943 appulerat
