5125 6150
683 782 746 848 104
1182 798 1351 846 sonamus.

680 969 714 1031 in
743 962 906 1030 vocabulis
937 960 1139 1046 disponendis
1170 982 1297 1026 summa
1330 962 1382 1026 hio
1412 964 1461 1026 uti
1490 960 1637 1027 libertate
1671 963 1862 1039 Horatium,

681 1092 755 1135 nam
785 1068 879 1133 modo
909 1088 1023 1132 nomen
1046 1066 1140 1132 modo
1164 1068 1358 1132 adiectivum
1383 1071 1563 1153 praeponit,
1589 1069 1682 1135 modo
1706 1072 1864 1134 artissime

681 1184 853 1260 utrumque
883 1177 966 1238 inter
989 1177 1152 1260 seiungit
1176 1174 1270 1239 modo
1295 1177 1403 1259 paucis
1427 1173 1613 1259 pluribusve
1635 1176 1798 1240 vocabulis
1821 1175 1864 1239 di-

680 1285 784 1360 rimit;
821 1283 899 1365 quin
933 1281 1048 1356 etiam,
1091 1300 1282 1365 quamquam
1319 1301 1389 1344 raro
1423 1281 1455 1344 id
1490 1280 1542 1357 fit,
1584 1303 1697 1346 nomen
1728 1285 1862 1346 omittit.

679 1388 783 1474 Ergo,
818 1393 855 1451 ut
888 1385 1015 1450 tandem
1050 1388 1093 1449 sit
1129 1385 1313 1470 disputandi
1346 1384 1435 1462 finis,
1471 1393 1570 1472 utque
1603 1386 1702 1452 lector
1733 1392 1860 1473 penitus

680 1496 795 1559 sentiat
824 1512 921 1576 quam
947 1512 1019 1556 vere
1043 1493 1085 1555 sit
1108 1491 1303 1556 Horatianus
1327 1491 1413 1556 color
1435 1491 1502 1557 loco
1526 1513 1543 1557 a
1566 1494 1655 1558 nobis
1678 1494 1858 1569 emendato,

679 1621 794 1686 quaeso
817 1605 962 1664 nostrum

814 1726 887 1770 cum
909 1703 1007 1769 semel
1031 1703 1182 1769 occideris
1206 1710 1238 1769 et
1262 1703 1300 1770 de
1324 1710 1373 1781 te,
1397 1706 1572 1787 splendide,
1596 1706 1702 1772 Minos

946 1810 1055 1874 fecerit
1077 1811 1224 1886 arbitria,

813 1939 891 1993 non,
916 1916 1076 2000 Torquate,
1100 1936 1218 2001 genus,
1242 1937 1306 1981 non
1331 1922 1362 1980 te
1386 1916 1550 1994 facundia,
1576 1939 1636 1982 non
1661 1924 1692 1982 te

946 2024 1093 2087 restituet
1116 2023 1217 2106 pietas

678 2153 752 2198 cum
775 2131 825 2195 his
847 2132 1053 2215 potissimum
1076 2127 1216 2193 conferat
1239 2126 1334 2223 locis:

723 2234 1004 2322 o.11,7,1sqq:

901 2341 927 2406 0
950 2362 1042 2426 saepe
1064 2360 1191 2405 mecum
1214 2345 1342 2424 tempus
1364 2343 1397 2404 in
1420 2340 1575 2406 ultimum

901 2448 1035 2512 Deducta
1057 2446 1156 2510 Bruto
1180 2445 1317 2511 militiae
1339 2446 1429 2522 duce,

945 2552 1022 2633 Quis
1045 2558 1078 2617 te
1100 2551 1265 2617 redonavit
1287 2551 1445 2632 Quiritem

989 2658 1046 2722 Dis
1070 2659 1182 2743 patriis
1204 2656 1347 2743 Italoque
1370 2657 1455 2723 caelo

900 2766 1036 2847 Pompei,
1061 2784 1206 2828 meorum
1229 2766 1332 2849 prime
1355 2763 1522 2830 sodalium.

675 2883 708 2943 ot
729 2875 832 2961 Epist.
857 2872 881 2950 I,
908 2871 1070 2957 l‚lsqq.:

810 2980 920 3045 Prima
943 2978 1021 3041 dicte
1043 2975 1142 3052 mihi,
1166 2977 1270 3060 prima
1293 2976 1416 3039 dicenda
1438 2973 1586 3055 Camena,

809 3087 994 3172 Spectatum
1017 3085 1094 3148 satis
1116 3088 1149 3147 et
1172 3082 1326 3147 donatum
1349 3085 1414 3147 iam
1438 3083 1516 3149 rude
1541 3086 1664 3169 quaeris

811 3195 985 3269 Maecenas,
1008 3194 1128 3254 iterum
1151 3192 1281 3274 antiquo
1305 3209 1357 3253 mo
1379 3187 1539 3255 includere
1562 3190 1648 3255 ludo.

675 3301 850 3386 Utrobique
874 3302 958 3364 enim
982 3311 1031 3362 sat
1053 3296 1188 3382 longum
1211 3301 1259 3360 est
1278 3296 1317 3360 ab
1336 3294 1491 3361 adjectivo
1510 3296 1548 3361 ad
1568 3318 1681 3362 nomen
1702 3300 1851 3382 spatium.

1124 3646 1166 3692 ΔΙ)
1189 3644 1410 3692 ΡΙνΠΤΔΒΟΗῦΜ.

719 3812 911 3878 Plutarchus
934 3814 968 3876 in
991 3814 1058 3877 rita
1080 3809 1192 3876 Thesei
1216 3832 1242 3875 c.
1267 3808 1330 3874 XII
1354 3808 1464 3888 (Sint.)
1485 3809 1562 3875 haec
1584 3817 1707 3875 narrat:

718 3907 861 3992 Aegeus,
885 3902 1015 3968 Medeae
1038 3922 1148 3967 aurem
1171 3902 1339 3986 praebens,
1365 3900 1540 3984 hospitem,
1565 3904 1619 3985 qui
1643 3900 1736 3966 modo
1760 3901 1852 3966 advo

673 4004 778 4070 norat,
810 4015 968 4079 quemque
998 3992 1156 4058 Theseum
1179 4014 1245 4057 esse
1268 4014 1332 4057 nou
1354 3991 1583 4076 suspicabatur,
1608 3992 1770 4057 demedio
1795 3993 1852 4057 tol-

672 4087 738 4154 lere
761 4086 915 4161 decrevit;
940 4084 1109 4169 prandium
1132 4104 1208 4168 ergo
1231 4085 1260 4147 ei
1283 4085 1387 4168 parari
1410 4085 1519 4160 iussit,
1544 4083 1583 4147 ad
1608 4084 1689 4167 quod
1712 4082 1852 4149 Theseus

673 4200 747 4246 cum
778 4178 976 4251 accessisset,
1000 4196 1038 4239 ne
1061 4177 1128 4259 ipse
1151 4176 1221 4258 quis
1245 4179 1327 4238 esset
1351 4171 1521 4238 declareret
1544 4183 1575 4250 (a
1597 4182 1685 4257 patre
1709 4178 1852 4239 enimse

673 4270 802 4356 agnosci
832 4266 984 4345 malebat)
1012 4271 1101 4342 κρεῶν
1124 4265 1353 4342 παρακειμένων
1377 4265 1575 4338 σπασάμενος
1598 4268 1653 4337 τὴν
1675 4266 1849 4345 μάχαιραν,

674 4360 720 4429 ὣς
744 4362 876 4422 ταῦτα
900 4356 1069 4432 τέμνων,
1092 4354 1237 4419 ἐδείκνυεν
1257 4356 1350 4435 αὐτῷ.
1375 4354 1574 4439 Ineptissime
1594 4357 1625 4418 in
1646 4354 1704 4419 hac
1715 4355 1850 4421 lectione

673 4453 778 4511 ταῦτα
809 4449 963 4523 abundat,
996 4448 1150 4510 vitiosum
1182 4450 1230 4511 est
1260 4448 1465 4530 participium
1484 4446 1655 4527 praesentis
1678 4450 1848 4531 temporis,

673 4540 807 4622 denique
830 4539 910 4603 nihil
934 4538 1051 4602 dicitur
1081 4536 1164 4622 quod
1196 4539 1229 4600 in
1260 4557 1327 4601 rem
1361 4545 1558 4620 praesentem
1581 4536 1685 4600 faciat.
1717 4537 1851 4622 Scripsit

672 4627 760 4691 Plut.
791 4631 830 4698 ὡς
860 4632 959 4708 ταύτῃ
988 4634 1097 4701 raude.
1132 4624 1244 4692 Oultro
1267 4626 1482 4712 agnoscendus
1505 4633 1553 4691 est
1575 4626 1730 4704 Theseus,
1754 4627 1849 4692 illum

673 4739 748 4804 ergo
773 4717 959 4803 destringit,
983 4719 1037 4784 sed
1057 4716 1271 4802 destringendi
1291 4724 1457 4801 praetextu
1477 4738 1556 4802 opus
1577 4724 1639 4782 est:
1660 4718 1754 4805 fingit
1774 4740 1850 4805 ergo

674 4829 707 4872 se
729 4807 785 4873 illo
809 4828 917 4874 carues
939 4813 1097 4894 appositas
1119 4829 1180 4872 esse
1201 4814 1374 4872 secutorum.
1653 4808 1682 4874 J.
1706 4808 1735 4874 J.
1760 4810 1802 4874 H.
