5125 6150
1191 832 1379 880 subsessor.
1812 812 1876 878 309

732 997 764 1062 ΙΙ
788 996 808 1062 3
832 996 861 1077 (Ι
885 996 953 1076 24),
967 997 999 1061 2,
1032 1003 1155 1076 καρπῶν
1184 995 1215 1060 Bt
1239 996 1385 1077 εὖφορίας
1408 995 1574 1074 γενομένης
1598 995 1758 1071 ἐκτίσομεν
1782 996 1876 1076 ἀὐτῷ

686 1106 728 1183 τῶ
751 1101 850 1183 μθτριρ
870 1103 923 1167 καί
943 1104 1050 1182 λῶιον’,
1071 1103 1139 1167 θάν
1158 1126 1219 1174 τις
1241 1101 1419 1183 άφθονία
1439 1099 1625 1179 γθνιρται.
1646 1099 1877 1168 Ultimaverba

685 1213 824 1295 turpiter
847 1208 1043 1275 abundantia
1065 1230 1145 1274 uum
1168 1209 1310 1295 genuina
1332 1209 1398 1272 siut
1419 1207 1542 1274 dubito.

733 1421 764 1486 II
791 1420 832 1486 19
856 1420 915 1501 (ΙΙΙ
940 1419 1008 1504 22),
1021 1418 1052 1485 2.
1084 1416 1239 1499 άργαλθοι
1269 1415 1420 1498 ἄνθρωποι
1446 1418 1497 1481 καί
1523 1415 1648 1498 δριμύς,
1671 1418 1877 1497 γνωμίδια

687 1527 753 1591 καί
779 1524 1150 1607 προβουλευμάτια
1174 1525 1312 1605 συνεχῶς
1336 1522 1386 1588 sar
1411 1532 1468 1599 τοῖς
1491 1524 1602 1596 πνυκὸς
1626 1523 1794 1600 Ἀθιρνιιίοις
1818 1525 1878 1590 είσ-

687 1634 865 1711 νγοάμενοι.
898 1632 981 1711 Quia
1010 1631 1275 1710 προβουλεύματα
1307 1635 1382 1695 sunt
1411 1637 1557 1707 senatus,
1590 1652 1652 1694 nou
1682 1632 1801 1714 privati
1824 1631 1878 1695 he

686 1741 800 1816 minis,
832 1737 905 1803 vide
935 1757 975 1802 ne
1005 1744 1182 1803 correctum
1214 1741 1359 1822 oporteat
1380 1734 1617 1815 βουλευμάτια,
1642 1735 1713 1801 coll.
1738 1735 1793 1800 Ar.
1817 1735 1876 1822 sq.

686 1867 717 1910 v.
744 1844 808 1909 100
839 1845 874 1920 ἢν
905 1844 968 1922 γάρ
991 1846 1144 1921 μεθυσθῶ,
1169 1843 1277 1908 πάντα
1301 1843 1392 1908 ταυτί
1418 1840 1595 1907 καταπάσω
1616 1842 1623 1928 1
1642 1840 1878 1919 βουλευματίων

685 1949 739 2015 καί
760 1947 931 2027 γνωμιδίων
951 1947 1004 2013 καὶ
1024 1947 1144 2027 voratas,
1166 1970 1261 2034 quem
1281 1951 1347 2014 iam
1367 1947 1501 2035 Bergler
1519 1946 1645 2025 attulit,
1666 1946 1748 2012 nihil
1769 1951 1877 2013 tamen

685 2057 718 2121 h.
741 2055 765 2120 l.
797 2054 884 2120 mali·
906 2056 1095 2139 suspicatus.
1121 2093 1163 2104 —
1187 2054 1266 2119 Mox
1296 2057 1458 2140 sequitur:
1491 2052 1596 2124 δείσας
1627 2053 1670 2130 μθ
1695 2076 1724 2118 τι
1749 2052 1877 2131 πάθοιμι

684 2161 773 2239 says
808 2161 876 2225 καί
911 2164 1016 2224 ταῦτα
1048 2159 1181 2226 τοιούτου
1213 2165 1316 2238 (τοῦ)
1349 2157 1498 2225 δεσπθτου
1529 2157 1629 2238 θντος,
1660 2161 1715 2234 σὺν
1747 2158 1877 2224 κλέττιν

683 2264 834 2331 άλιθπεκα
867 2263 1037 2342 συλλαβῶν
1061 2261 1235 2343 ίβουλθμκν
1259 2263 1458 2346 παραδοῦναι.
1483 2263 1654 2330 Formulae
1677 2262 1730 2328 καί
1754 2267 1877 2342 ταῦτα,

683 2375 775 2459 idque
793 2373 845 2438 hie
857 2378 965 2458 aperte
975 2370 1065 2437 loeus
1076 2394 1140 2437 non
1152 2377 1210 2438 est.
1230 2370 1419 2456 scripserim
1433 2369 1536 2443 δείσας
1550 2371 1594 2447 μή
1607 2393 1636 2436 τι
1649 2368 1776 2447 πάθοιμι
1789 2370 1877 2448 aare

685 2479 751 2544 διά
782 2483 907 2557 ταῦτα,
935 2476 1057 2544 scilieet
1079 2477 1164 2564 quod
1189 2477 1357 2564 Polyalsus
1381 2498 1509 2556 servus,
1533 2478 1585 2543 eui
1606 2478 1666 2543 hoe
1688 2476 1877 2542 mandatum

684 2586 807 2662 suerat,
838 2582 989 2668 vulpium
1018 2584 1226 2668 rapacitatem
1256 2603 1319 2648 nou
1349 2582 1544 2648 cohibuerat.
1577 2581 1745 2647 Praeterea
1767 2586 1875 2646 autem

685 2689 798 2755 malim
822 2686 994 2766 ίβουλίμκν
1017 2689 1151 2769 (abab)
1174 2685 1364 2769 παραδοῦναι
1387 2685 1440 2753 vel
1459 2689 1566 2774 potius
1587 2686 1758 2768 (θανάτῳ)
1778 2711 1878 2769 παρα-

683 2796 804 2879 δοῦναι,
837 2795 892 2860 sed
923 2797 990 2860 sine
1022 2792 1090 2859 ulla
1114 2795 1385 2860 controversiain
1407 2796 1486 2878 ipsis
1510 2795 1733 2879 sequentibus:
1759 2795 1875 2870 άλλ“ιί

684 2903 742 2980 μὲν
774 2901 835 2980 οὐχ
867 2898 937 2977 ἧκε·
969 2901 1133 2978 Πλαγγὼν
1164 2900 1194 2964 ti
1218 2899 1253 2964 τί
1277 2906 1449 2964 Μελιταῖον
1473 2899 1608 2977 κυνιῶιον,
1632 2891 1646 2963 θ
1670 2898 1876 2981 τρέφομεν

685 3006 809 3087 άθυρμα
832 3015 871 3090 τῇ
896 3006 1036 3088 δεσποίνρ
1055 3006 1216 3086 προσηνές,
1239 3006 1296 3072 ὑπὸ
1317 3013 1371 3081 τῆς
1390 3003 1478 3084 άγαν
1497 3005 1638 3084 λιγνείαο
1658 3005 1708 3071 ἐπὶ
1730 3005 1765 3071 τί
1786 3005 1876 3088 κρέας

682 3115 819 3194 θρμῆσαν
847 3114 949 3177 κεῖταί
973 3135 1017 3177 σοι
1042 3111 1146 3192 τρίτιρν
1171 3113 1291 3187 παάτιρν
1316 3110 1432 3192 ἡμέραν
1455 3110 1586 3187 ίκτάθκν
1609 3110 1708 3192 νεκρὸν
1731 3111 1786 3187 ἤδη
1813 3135 1877 3189 μυ-

683 3221 812 3293 δῆσαν
837 3218 1014 3284 absurdum
1038 3224 1088 3283 est
1111 3238 1258 3303 praeseus
1283 3217 1437 3300 τρέφομεν
1457 3218 1496 3284 de
1515 3237 1591 3283 eane
1609 3219 1676 3283 iam
1695 3222 1825 3283 mortuo
1845 3223 1878 3283 et
1957 3241 1965 3255 ·

684 3324 911 3411 corrigendum
934 3320 948 3386 ὃ
973 3323 1209 3406 ίτρίφιμεν.
1233 3325 1297 3391 Pro
1319 3322 1461 3401 μυῶιῑσαν
1481 3329 1590 3390 autem
1609 3322 1743 3402 malim,
1767 3343 1878 3409 quam·

685 3453 783 3516 quam
808 3431 978 3495 rescribere
1002 3451 1064 3495 non
1089 3429 1206 3507 eadee,
1230 3427 1373 3506 μυδῶν.

731 3641 827 3707 1121
860 3640 1057 3721 (11124),2.
1092 3643 1163 3708 Νοιι
1198 3647 1283 3709 reete
1318 3640 1421 3707 editor
1454 3641 1626 3708 lectionem
1659 3644 1875 3725 μυροπωλείοις

681 3750 814 3814 lectioni
844 3746 1045 3829 μυροπωλίοις
1077 3747 1239 3834 praetulit.
1272 3748 1472 3830 Μυροπάλιον
1502 3751 1596 3815 unice
1626 3745 1785 3816 Graecum
1810 3756 1875 3830 est,

683 3862 721 3920 ut
756 3854 952 3934 άρτοπῶλιον,
987 3853 1209 3934 παντοπώλιον,
1244 3851 1469 3935 ταριχοπῶλιον
1502 3861 1563 3921 ete.
1597 3854 1634 3920 Iu
1670 3857 1876 3940 sequentibus

683 3959 822 4024 notanda
854 3955 944 4038 αΙγεο
978 3959 1010 4026 δὲ
1042 3960 1153 4025 ίκεῖναι
1186 3961 1253 4025 sine
1285 3959 1422 4027 articulo
1454 3965 1486 4026 et
1512 3961 1567 4046 §3
1590 3961 1643 4025 καί
1668 3969 1706 4042 τῇ
1731 3961 1877 4046 σκαπάνρ

686 4066 883 4147 προσανίχων
909 4064 981 4130 ὑπὸ
1004 4075 1048 4147 τῇ
1072 4066 1241 4149 δικθλλρ
1264 4065 1331 4132 καί
1355 4076 1400 4149 τῇ
1425 4066 1572 4150 σμινθρ
1596 4073 1651 4142 τῆς
1676 4066 1732 4144 μθν
1756 4071 1876 4148 τρυφῆς

682 4172 887 4250 ἐπιλήσεται,
923 4174 1015 4237 euius
1050 4192 1129 4236 usus
1164 4192 1271 4259 praep.
1304 4171 1363 4239 ὖπί
1393 4194 1467 4239 eum
1499 4172 1608 4238 dativo
1638 4193 1695 4257 pro
1724 4175 1876 4259 genetivo

683 4277 813 4343 nullum
845 4276 934 4342 eliud
965 4277 1050 4363 apud
1076 4276 1304 4362 Aleipbronem
1328 4277 1514 4363 exemplum
1537 4277 1661 4344 offendi.
1686 4277 1875 4344 —Ibidem

683 4384 787 4449 παθῶν
807 4384 838 4449 δὲ
858 4383 1010 4461 γνάσεται
1031 4377 1090 4448 οΙίν
1109 4383 1175 4449 ἐστι
1195 4384 1229 4450 τθ
1243 4385 1298 4460 τὴν
1311 4382 1450 4464 άγροικον
1462 4382 1655 4465 συφροσάνιρν
1668 4382 1875 4467 άσπάζεσθοιι.

684 4490 798 4556 Editor
829 4489 867 4555 de
897 4509 955 4554 suo
986 4488 1074 4554 dedit
1106 4490 1200 4567 <μθι>
1230 4487 1445 4572 άτπάζετθαι,
1477 4489 1546 4555 fieri
1576 4495 1683 4575 potest
1714 4498 1752 4557 ut
1779 4497 1874 4557 reeta.

683 4595 733 4663 cf.
757 4601 865 4661 tamen
884 4594 961 4661 Eur.
980 4594 1067 4661 Med.
1089 4594 1131 4659 34
1151 4593 1264 4674 ἔγνωκε
1285 4596 1310 4660 δ’
1334 4597 1351 4672 ιθ
1371 4594 1508 4661 τάλαινα
1528 4599 1693 4677 συμφοράς
1713 4593 1771 4662 ὕπο
1792 4598 1798 4683 Ι
1817 4590 1875 4663 οΙον

682 4698 831 4782 πατρῴας
847 4703 898 4778 μὴ
916 4700 1142 4767 ἀπολείπεσθαι
1154 4700 1271 4781 χθινίο,
1286 4701 1343 4767 ubi
1355 4707 1464 4768 eontra
1474 4704 1678 4790 negationem
1690 4704 1798 4769 abesse
1809 4725 1875 4770 ma·

683 4805 737 4882 lis,
759 4826 856 4891 quare
876 4806 953 4873 olim
974 4808 1019 4872 ibi
1041 4806 1075 4882 διὶ
1095 4828 1153 4893 pro
1173 4807 1218 4882 μθι
1236 4806 1463 4892 proponebam.
1484 4805 1534 4876 of.
1554 4808 1624 4893 Ipb.
1638 4806 1711 4873 Aul.
1726 4805 1793 4873 490
1805 4809 1874 4889 πρὶν

684 4912 728 4977 τά
753 4912 922 4992 πράγματ’
946 4911 1079 4994 ἐγγύθεν
1099 4912 1105 4997 Ι
1126 4917 1243 4977 σκοπῶν
1267 4912 1380 4979 ἐσεῖδον
1403 4908 1483 4980 οΙον
1508 4910 1549 4991 ἦν
1572 4913 1699 4981 κτείνειν
1721 4911 1824 4980 τθιινοι.
