5125 6150
1157 854 1410 904 sambuclum.

1145 1102 1204 1169 ΠΙ.·
1232 1105 1282 1168 An
1305 1103 1427 1170 Nonus.

739 1325 792 1392 Vs.
819 1323 871 1389 15.
919 1321 1095 1405 ἱππάζεταί
1117 1348 1151 1389 τε
1176 1323 1228 1388 καὶ
1251 1323 1579 1405 ξυνινριιιεύεται.

694 1430 842 1498 Veterem
871 1452 979 1497 meem
1009 1433 1224 1496 coniecturam
1255 1430 1587 1527 ivaepetfdesac,
1618 1452 1714 1519 qnam
1734 1453 1875 1499 comme

694 1543 798 1604 morat
831 1537 944 1616 editor,
978 1537 1099 1602 dndum
1134 1537 1212 1602 alibi
1245 1541 1365 1603 retraxi
1393 1559 1525 1604 monens
1559 1539 1694 1605 formam
1722 1539 1876 1605 usuum

693 1645 857 1730 aphaeresi
887 1643 1043 1731 syllabica
1065 1648 1174 1709 natam
1197 1643 1300 1709 videri
1323 1665 1361 1710 ex
1384 1642 1663 1727 ξυνσιριδιιισύετσιι,Ι
1682 1652 1720 1711 ut
1740 1650 1876 1725 κομψευ-

693 1757 815 1831 ριπικῶς
835 1750 905 1836 (llq.
920 1750 986 1831 18),
1006 1749 1152 1837 qnelium
1171 1750 1348 1817 formarum
1366 1755 1400 1817 in
1416 1773 1559 1819 sermone
1578 1750 1698 1820 Graeco
1710 1755 1875 1841 ingentem

693 1859 817 1943 copiam
848 1878 915 1922 esse
945 1863 1087 1934 constat,
1118 1877 1157 1922 ex
1188 1877 1250 1943 qua
1278 1857 1457 1943 permultas
1487 1858 1604 1946 collegi
1627 1882 1652 1925 s.
1665 1881 1696 1925 v.
1720 1861 1876 1938 τριμισιυι

692 1966 726 2029 in
753 1963 854 2030 lexico
884 1985 956 2029 meo
986 1963 1181 2049 suppletorio
1212 1970 1244 2029 et
1272 1964 1455 2043 dialectico,
1478 1966 1563 2052 quod
1586 1965 1672 2051 prelo
1694 1966 1875 2032 subiectum

692 2069 878 2155 propediem
900 2068 1022 2156 publici
1044 2072 1125 2135 iuris
1147 2069 1213 2135 fiet.

736 2288 790 2354 Vs.
815 2287 958 2354 35-38.
982 2287 1147 2354 Zielinskii
1165 2291 1264 2367 ratio,
1287 2291 1343 2375 qni
1362 2312 1424 2356 non
1443 2296 1518 2357 ente
1537 2312 1584 2357 vs.
1605 2289 1650 2356 80
1668 2288 1872 2376 Phidipidem

692 2416 711 2461 a
740 2397 970 2482 spectatoribus
998 2399 1137 2482 conspici
1159 2402 1274 2482 putat,
1299 2398 1382 2461 mihi
1406 2397 1535 2483 quidem
1559 2397 1663 2463 mnlto
1684 2396 1877 2483 probabilior

690 2502 819 2568 videtur
841 2523 938 2588 quam
961 2502 1158 2579 Leenwenii,
1183 2503 1239 2587 qni
1265 2523 1313 2567 vs.
1339 2501 1382 2567 35
1402 2524 1477 2568 enm
1496 2503 1572 2568 facit
1590 2524 1607 2568 e
1624 2501 1707 2568 lecto
1725 2523 1874 2588 proruen-

691 2612 758 2673 tem
785 2611 818 2672 in
849 2630 976 2674 scenam
1006 2615 1038 2674 et
1070 2609 1177 2673 subito
1207 2613 1268 2688 (vs.
1293 2606 1351 2688 37)
1374 2609 1476 2675 denno
1499 2610 1645 2675 cubitum
1669 2617 1816 2687 euntem;
1839 2607 1873 2673 id

691 2714 774 2800 quod
802 2736 918 2800 parum
948 2715 1029 2780 duco
1060 2713 1222 2793 naturale,
1252 2735 1355 2801 neque
1378 2716 1475 2781 huius
1497 2737 1606 2782 scenae
1628 2719 1695 2781 vim
1718 2718 1870 2781 comicam

690 2841 728 2885 ex
752 2841 823 2886 mee
847 2823 1005 2886 sententie
1026 2827 1133 2907 anget.

733 3039 786 3106 Vs.
811 3037 886 3106 137.
911 3040 963 3105 καὶ
986 3039 1120 3121 φροντίδ’
1143 3037 1351 3117 ἐξήμβλωκας
1376 3038 1661 3121 ἐξηυρημένην.

690 3144 756 3224 „Ed
787 3147 973 3224 κεκινημένην
1004 3148 1079 3211 lusit
1107 3146 1345 3212 vHerwerden''
1375 3147 1485 3212 scribit
1513 3148 1624 3213 editor.
1655 3147 1774 3213 Utrum
1797 3170 1870 3215 vere

688 3257 733 3319 sie
763 3257 953 3320 coniecerim
982 3274 1094 3332 necne,
1125 3253 1190 3319 elia
1221 3256 1366 3339 quaestio
1398 3262 1464 3332 est,
1495 3255 1550 3320 sed
1573 3256 1679 3319 lasieso
1700 3277 1753 3321 me
1777 3256 1869 3322 vehe-

687 3365 812 3425 menter
841 3381 941 3447 nego,
973 3363 1123 3447 quonism
1152 3361 1198 3424 rei
1230 3361 1296 3423 iam
1319 3362 1482 3437 inventae,
1508 3381 1588 3446 quae
1609 3382 1685 3447 ergo
1709 3360 1781 3427 luce
1803 3365 1867 3427 iam

687 3467 824 3552 gaudet,
847 3466 936 3531 nullo
959 3465 1054 3532 modo
1078 3469 1247 3553 quisquam
1270 3466 1417 3531 abortum
1440 3468 1541 3532 facere
1564 3473 1677 3553 potest.
1708 3467 1743 3532 Si
1766 3472 1868 3556 igitur

687 3592 762 3637 sana
785 3580 833 3638 est
854 3574 971 3639 tradita
992 3573 1106 3651 lectio,
1129 3571 1337 3659 neglegenter
1359 3572 1530 3638 admodum
1550 3580 1644 3658 poeta
1662 3573 1791 3641 locutus
1810 3580 1868 3641 est.

732 3790 785 3856 Vs.
810 3790 885 3859 247.

776 3896 861 3964 Sccr.
919 3898 1020 3969 τσΙσυς
1043 3898 1124 3969 θεοὺς
1149 3900 1220 3975 ὀμεῖ
1239 3897 1295 3979 σύ;
1320 3904 1435 3980 τρῶτσν
1457 3899 1521 3979 γὰρ
1545 3900 1603 3965 leel

918 4005 990 4081 ημῖν
1013 4003 1137 4081 νόμισμ’
1161 4006 1215 4070 oda
1236 4004 1313 4069 ἔστι.

776 4109 894 4195 Streps.
1098 4111 1139 4189 τῷ
1164 4111 1241 4191 γὰρ
1264 4109 1400 4188 ὄμνυτ’
1424 4115 1463 4191 (s.
1486 4109 1699 4194 ὤμνυτ*);ἣ

917 4215 1103 4296 σιδαρέοισιν,
1126 4213 1225 4297 ὥσπερ
1249 4218 1278 4282 ἕν
1303 4214 1454 4299 Βυζαντίῳ
1462 4238 1471 4296 ;

685 4320 770 4388 Bene
791 4322 957 4408 repudiata
979 4319 1163 4409 Goetlingi‚
1195 4344 1274 4408 quae
1309 4322 1409 4411 vulgo
1431 4331 1556 4409 recepta
1578 4330 1643 4402 est,
1667 4328 1864 4404 coniectura,

685 4430 850 4513 aptissime
872 4428 974 4494 editor
996 4429 1034 4494 de
1057 4451 1114 4495 suo
1136 4433 1278 4515 reposuit
1297 4433 1338 4513 τῷ
1357 4431 1384 4495 δ’
1404 4429 1632 4512 ἀγοράζετ,
1651 4434 1685 4496 in
1703 4452 1766 4517 quo
1784 4431 1867 4498 nihil

684 4535 765 4598 mihi
795 4534 941 4622 displicet
970 4541 1095 4621 praeter
1124 4540 1312 4603 mutationis
1342 4539 1547 4624 gravitatem.
1579 4537 1693 4604 Paullo
1716 4542 1865 4605 minuea

683 4637 800 4705 litteris
833 4642 958 4707 traditis
990 4642 1100 4721 distet,
1136 4644 1220 4729 quod
1253 4642 1354 4709 simili
1383 4664 1477 4708 sensu
1505 4646 1605 4709 conici
1635 4652 1741 4729 potest
1771 4647 1813 4727 τῷ
1836 4645 1863 4710 δ’

685 4746 832 4810 basiet·
863 4748 921 4829 ἄρ’,
955 4748 1062 4814 addita
1096 4750 1252 4834 particula
1285 4749 1469 4814 huiusmodi
1502 4748 1573 4816 loco
1603 4752 1865 4817 accommodatis·

683 4870 765 4917 mma
786 4850 857 4933 σἰρα.
