5125 6150
690 792 757 857 284
1036 812 1080 856 an
1103 809 1236 857 rrrunos
1260 808 1527 857 scmmmnusus.

688 979 946 1060 copiosissimum
992 975 1277 1060 ,Inscriptionibus
1321 972 1473 1039 Graeciae
1507 973 1794 1060 septentrionalis”
1831 976 1883 1039 ad-

687 1084 810 1159 iunxit,
843 1081 1008 1146 diversum
1033 1082 1117 1145 huuc
1142 1082 1182 1145 eb
1205 1079 1262 1145 illo
1285 1081 1384 1144 fuisse
1406 1092 1529 1157 censet,
1554 1080 1693 1146 alterum
1717 1080 1882 1158 ’Δργνλὶνν

687 1189 847 1252 Acesines
870 1187 1121 1253 Orchomenium
1144 1186 1242 1250 fuisse
1261 1185 1425 1264 iudicans,
1445 1186 1585 1251 alterum
1603 1187 1881 1272 Acraepbiensem.

687 1291 735 1357 De
758 1294 817 1357 bac
841 1314 875 1357 re
899 1300 1006 1357 tamen
1029 1295 1141 1357 statim
1166 1291 1412 1368 addubitabam,
1438 1314 1517 1357 num
1540 1314 1654 1358 verum
1680 1292 1811 1357 vidisset
1831 1294 1883 1356 vir

686 1398 901 1465 doctissimus.
925 1399 1010 1463 Nam
1033 1403 1121 1464 casui
1144 1420 1206 1464 uon
1226 1401 1323 1462 nimis
1341 1398 1484 1463 multum
1504 1398 1645 1465 dandum
1664 1408 1713 1464 est
1732 1402 1765 1462 iu
1784 1399 1881 1463 rebus

687 1505 854 1582 humanis,
886 1508 1015 1570 nomina
1047 1508 1174 1591 propria
1206 1505 1302 1590 paulo
1333 1507 1452 1570 rariora
1483 1520 1558 1569 suut
1588 1514 1622 1569 at
1651 1504 1816 1584 ’Λργνλίνις
1848 1511 1882 1568 et

687 1612 846 1682 Ανδνινινς.
867 1611 945 1690 Quis
965 1610 1057 1675 facile
1077 1611 1139 1675 sibi
1158 1613 1217 1676 boc
1237 1611 1443 1695 persuadeat,
1463 1632 1537 1675 cum
1558 1609 1642 1695 apud
1655 1610 1883 1675 Orchomenios

686 1717 784 1782 fuisse
814 1719 979 1796 ’Λργνλὶνιν
1009 1718 1168 1781 Acestam
1200 1716 1360 1800 aliquem,
1393 1728 1465 1780 tum
1495 1714 1579 1800 apud
1610 1712 1883 1800 Acraepbieuses?

685 1821 782 1906 Optio
813 1831 862 1886 est
892 1821 1052 1887 facienda:
1089 1830 1145 1886 aut
1177 1823 1422 1906 Acraepbieusis
1452 1829 1519 1886 erat
1550 1828 1607 1886 aut
1637 1820 1882 1886 Orchomenius.

684 1929 887 2012 Argumenta
918 1940 1024 1992 tamen
1056 1931 1153 1992 etiam
1184 1926 1341 1991 validiora
1364 1925 1555 1991 desiderabit
1579 1930 1750 2012 quispiam.
1775 1925 1880 2005 Quid,

684 2035 711 2097 si
735 2033 871 2098 secundo
895 2032 1044 2118 exemplo
1063 2035 1114 2097 uti
1134 2032 1209 2097 licet
1233 2032 1375 2096 hominis
1398 2031 1573 2110 eiusmodi,
1598 2036 1654 2117 qui
1677 2036 1709 2097 iu
1732 2031 1881 2117 catalogo

685 2145 793 2203 nostro
817 2137 1029 2204 Orchomenio
1048 2146 1265 2214 enumeretur,
1285 2137 1399 2202 deiude
1417 2138 1615 2222 polemarchi
1633 2159 1766 2203 munere
1785 2138 1881 2223 fungi

683 2243 831 2309 tradatur
860 2247 893 2308 in
924 2244 1039 2320 titulo,
1071 2247 1127 2328 qui
1158 2244 1300 2329 profecto
1325 2242 1557 2308 Orchomenius
1581 2265 1644 2309 non
1667 2241 1737 2308 est?
1759 2243 1819 2307 Est
1843 2246 1882 2306 ti-

684 2348 774 2414 tulus
798 2346 959 2434 Copaeus,
984 2371 1047 2434 quo
1070 2351 1190 2413 tirones
1213 2354 1418 2412 recensentur
1437 2351 1579 2413 civitatis
1599 2346 1742 2434 Gopaoae
1760 2345 1878 2428 (leel

685 2478 735 2521 no.
769 2453 857 2520 2781
882 2480 922 2505 =
946 2454 1067 2519 Miebel
1099 2477 1151 2519 uo.
1178 2453 1266 2533 625),
1299 2456 1392 2517 cuius
1413 2456 1546 2518 initium
1568 2454 1628 2519 boc
1651 2460 1717 2519 est:
1745 2454 1879 2536 ,[or]o‘c.

688 2560 883 2638 Μελαντίχνν
907 2559 1073 2640 ἄρχοντος,
1097 2560 1148 2624 roi
1169 2560 1402 2638 ἐπεγράψαντο
1425 2561 1457 2622 ἔν
1480 2558 1612 2631 ὁπλίταις
1624 2608 1633 2638 ,
1654 2559 1881 2638 πολεμαρχνόν·

684 2689 744 2729 των
777 2665 967 2743 Paraetoni,
1002 2665 1164 2742 Σνῶνδνιν,
1196 2666 1291 2730 otc.’'.
1327 2666 1451 2730 Nomen
1481 2668 1647 2750 proprium
1677 2668 1877 2730 rarissimum

687 2771 832 2841 Σαώνδνις
857 2777 923 2848 est,
947 2791 1057 2835 rarum
1079 2768 1248 2846 Ἑαννιξίων.
1273 2770 1369 2835 Hunc
1390 2776 1500 2836 autem
1519 2769 1700 2845 Farazteva
1724 2769 1878 2848 Σαῶνδνιν,

685 2896 782 2962 quem
813 2875 1054 2960 polemarcbum
1085 2878 1182 2941 fuisse
1210 2879 1393 2941 invenimus
1417 2880 1449 2940 in
1474 2876 1570 2942 titulo
1594 2874 1734 2961 Copaeo,
1758 2880 1879 2942 iterum

582 2988 586 2997 '
684 2981 795 3047 laudat
818 2980 901 3066 lapis
925 2983 1012 3047 idem
1035 2982 1281 3047 Orchomenius:
1308 2983 1361 3046 hic
1388 3004 1513 3068 quoque
1536 2986 1621 3047 inter
1647 2985 1771 3068 equites
1799 2984 1877 3060 fuit,

685 3092 740 3174 qui
776 3092 809 3152 in
845 3091 921 3153 Asia
956 3091 1015 3154 sub
1051 3089 1233 3155 Alexandro
1267 3089 1465 3174 stipendium
1508 3096 1693 3155 meruerant
1733 3088 1818 3170 (les
1858 3091 1875 3153 1

684 3217 735 3260 no.
768 3193 910 3279 3206„).
943 3195 991 3260 Ne
1022 3197 1104 3260 mihi
1134 3196 1302 3270 obiciatur,
1334 3199 1367 3259 iu
1398 3198 1604 3282 inscriptione
1629 3195 1761 3281 Copaea,
1787 3199 1879 3261 onius

684 3300 827 3364 subsidio
850 3302 945 3376 nitor,
970 3299 1118 3380 ἄρχοντος
1142 3301 1338 3366 Boeotorum
1362 3304 1509 3365 omnium
1532 3304 1663 3366 omniuo
1681 3305 1877 3367 mentionem

684 3427 744 3470 non
758 3404 842 3483 fieri,
863 3405 1106 3491 polemarchum
1118 3409 1222 3492 igitur
1232 3412 1286 3471 τοῦ
1301 3411 1395 3470 κοινοῦ
1408 3414 1466 3470 τῶν
1479 3414 1610 3472 Βοιωτῶν
1622 3407 1711 3473 nullo
1723 3429 1877 3493 umquam

684 3512 780 3576 modo
811 3532 879 3577 esse
912 3516 1054 3599 potuisse
1084 3511 1275 3587 Γνναξίωνα.
1313 3513 1400 3577 Haec
1424 3513 1602 3578 observatio
1627 3513 1765 3592 valeret,
1790 3518 1817 3578 si
1840 3514 1879 3579 de

685 3616 784 3681 titulo
805 3616 1017 3683 Orchomeuio
1037 3639 1142 3684 sermo
1162 3624 1263 3696 esset,
1286 3618 1324 3682 de
1344 3617 1440 3683 titulo
1460 3617 1703 3704 Acraephiensi,
1724 3620 1878 3707 Hyettio,

685 3720 870 3786 Lebadensi.
892 3723 988 3808 Apud
1008 3722 1148 3809 Oopeeos
1169 3731 1294 3800 contra,
1317 3722 1536 3800 Plataoeuses,
1549 3724 1776 3810 Thespienses,
1790 3726 1879 3791 This-

685 3827 813 3904 benses,
847 3827 1039 3907 Haliartios,
1073 3827 1265 3906 Coronaeos,
1298 3827 1549 3907 Chaeronenses,
1583 3834 1638 3915 qui
1669 3852 1767 3914 aeque
1799 3831 1879 3897 Tbe-

683 3933 840 3997 banorum
871 3933 998 4020 legibus
1031 3935 1211 4012 interdum,
1236 3956 1276 3999 ne
1300 3935 1404 3999 dicam
1428 3934 1545 4020 vulgo,
1571 3937 1706 4022 subjecti
1729 3944 1818 4002 eraut
1842 3959 1879 4004 ac

685 4041 782 4103 ceteri
816 4038 946 4116 Boeoti,
982 4043 1016 4104 in
1047 4041 1300 4125 praefationibus
1332 4039 1520 4116 titulorum,
1552 4047 1709 4127 quotquot
1739 4049 1877 4109 aetatem

684 4142 847 4222 tulerunt,
868 4166 1026 4230 nusquam
1046 4144 1151 4226 ἄρχων
1171 4147 1365 4212 Boeotorum
1385 4154 1591 4224 memoratur,
1612 4168 1668 4212 nec
1687 4169 1781 4213 causa
1793 4156 1879 4215 certa

685 4270 762 4335 ergo
785 4250 1017 4335 impedimento
1042 4260 1107 4329 est,
1133 4256 1209 4337 quin
1233 4252 1414 4329 archontes,
1435 4250 1671 4336 polemarchos‚
1693 4254 1812 4319 scribas
1831 4256 1879 4320 ibi

682 4354 828 4422 laudatos
858 4357 992 4421 foederis
1024 4357 1166 4422 Boeotioi
1198 4360 1409 4443 magistratus
1440 4358 1539 4422 fuisse
1562 4380 1738 4423 sumamus.
1764 4358 1881 4424 Verisi-

684 4461 796 4527 milius
816 4463 945 4547 quidem
965 4462 1104 4540 videtur,
1126 4463 1331 4548 singularum
1351 4466 1524 4528 civitatum
1542 4485 1596 4529 eos
1614 4465 1725 4543 fuisse,
1746 4474 1881 4550 possunt

683 4573 792 4632 tamen
824 4574 877 4632 τοῦ
910 4574 1003 4634 κοινοῦ
1036 4569 1145 4632 fuisse.
1178 4569 1223 4633 Ut
1252 4569 1292 4634 ad
1319 4566 1498 4645 Ἑαναξίωννι
1524 4575 1667 4635 nostrum
1692 4571 1878 4650 redeamus,

684 4676 783 4738 etiam
815 4673 853 4738 de
885 4674 944 4739 hoc
977 4673 1106 4739 homine
1138 4672 1365 4760 Dittenberger
1397 4677 1430 4738 in
1456 4675 1604 4751 „Indice”
1630 4678 1774 4762 scripsit,
1799 4678 1880 4742 duos

684 4779 782 4844 fuisse
812 4779 1011 4856 Ρνννξίνννις
1037 4779 1202 4857 tabutas,
1227 4780 1366 4844 alterum
1391 4778 1571 4865 Oopaeum,
1596 4780 1736 4847 alterum
1760 4784 1878 4849 Orcho-

683 4886 838 4948 menium.
872 4882 932 4950 Oui
963 4890 1070 4950 tamen
1100 4888 1146 4950 sic
1169 4887 1319 4951 scribenti
1342 4886 1419 4951 fides
1443 4895 1489 4952 est
1515 4888 1716 4973 deneganda:
1741 4896 1799 4954 aut
1822 4889 1879 4954 Or-

569 5263 762 5373 A
