5125 6150
796 808 861 873 126
1296 825 1468 874 nonnos.

792 989 935 1053 ductum.
968 988 1080 1053 Novus
1111 989 1162 1052 hie
1194 996 1297 1052 terrae
1328 987 1495 1063 dominns,
1527 986 1698 1066 ἀριφραδὲς
1721 987 1811 1063 ιίνιίρ,
1835 987 1978 1071 Neptuni

789 1114 914 1178 quoque
949 1092 1129 1156 dominium
1159 1095 1292 1177 appetit.
1327 1092 1471 1176 Longius
1503 1091 1694 1176 longiusque
1725 1091 1835 1155 relicto
1867 1090 1977 1155 littore

791 1201 891 1261 verrit
913 1217 1048 1280 aequora
1071 1196 1184 1281 gracili
1207 1197 1323 1282 cymba
1346 1196 1499 1273 confisus,
1524 1196 1623 1261 donee
1646 1217 1718 1262 orae
1739 1203 1882 1261 assuetae
1901 1195 1979 1260 obli·

791 1314 843 1366 tus
872 1301 937 1366 alta
964 1305 1043 1386 petit
1067 1322 1131 1365 nno
1156 1313 1250 1365 vento
1272 1304 1398 1365 itineris
1421 1304 1546 1365 eomite.
1577 1301 1729 1366 Nereides
1750 1301 1922 1384 Tritonque
1945 1306 1978 1364 et

789 1412 858 1492 ipse
881 1408 1049 1491 Neptunus
1072 1414 1201 1490 stupent
1223 1405 1373 1470 mortales
1396 1427 1452 1489 par
1474 1409 1617 1491 ipsorum
1641 1409 1786 1492 regiones
1808 1413 1915 1470 ventos

927 1515 1148 1595 miranturque
1171 1532 1271 1575 novas
1295 1512 1414 1575 formas
1437 1518 1469 1575 et
1492 1532 1555 1574 non
1578 1531 1636 1575 sna
1659 1519 1807 1576 monstra.

837 1616 980 1681 Maxima
1014 1618 1090 1680 haec
1125 1623 1172 1680 est
1206 1617 1347 1680 hominis
1378 1619 1528 1694 victoria3
1563 1637 1625 1680 non
1656 1615 1768 1702 glebae
1798 1615 1977 1700 adscriptus

790 1723 920 1807 posthae
951 1725 984 1784 in
1015 1730 1151 1807 angusto
1181 1722 1291 1806 aliquo
1323 1728 1482 1785 terrarum
1514 1720 1642 1806 angello
1671 1720 1851 1785 delitescet:
1871 1724 1977 1785 enneli

788 1830 853 1891 iam
884 1829 968 1892 orbis
991 1829 1019 1890 ei
1044 1833 1155 1910 patent
1178 1847 1262 1910 opas.
1295 1825 1364 1890 Iam
1388 1847 1485 1891 naves
1508 1829 1610 1911 ipsius
1633 1828 1762 1911 ingenio
1786 1826 1922 1890 directae
1946 1833 1977 1889 et

788 1931 891 1996 veluti
921 1934 1021 2016 ipsius
1052 1940 1158 1995 mente
1189 1934 1330 2016 agitatae
1353 1930 1545 2016 longinquas
1570 1951 1639 1995 oras
1663 1938 1794 2015 petunt,
1819 1952 1875 1994 cen
1898 1933 1977 1993 aeci-

789 2041 904 2122 pitres,
936 2058 1073 2120 quorum
1105 2034 1205 2099 oculis
1237 2039 1364 2100 eminus
1394 2044 1571 2100 monstrata
1595 2043 1644 2100 est
1666 2036 1796 2121 praeda,
1821 2057 1878 2099 eeu
1901 2037 1975 2119 equi

788 2144 951 2228 generosi,
983 2144 1039 2226 qui
1069 2162 1146 2205 voce
1177 2144 1308 2226 aurigae
1337 2143 1461 2204 incitati
1490 2145 1653 2226 periteque
1678 2144 1746 2206 eins
1768 2161 1865 2205 manu
1888 2141 1975 2204 ducti

788 2252 819 2311 in
844 2268 977 2331 scopum
1000 2252 1033 2310 et
1054 2244 1136 2310 colla
1159 2252 1191 2310 et
1214 2266 1346 2330 corpora
1370 2245 1514 2310 tendunt.

834 2352 901 2416 Nae
919 2350 1025 2433 pelopi
1048 2351 1133 2434 equi,
1159 2350 1236 2421 ιὶλὲς
1259 2348 1346 2414 ίπποι
1364 2349 1398 2431 ¹),
1422 2371 1537 2415 nomen
1560 2371 1663 2415 unum
1686 2353 1830 2416 omnium
1849 2351 1909 2416 hoc
1928 2357 1976 2415 est

789 2459 996 2541 aptissimum
1029 2458 1227 2532 carinarum,
1261 2456 1380 2540 quibus
1415 2461 1517 2520 terrae
1552 2454 1657 2540 proles
1687 2456 1848 2540 Neptunia
1877 2476 1975 2541 regna

788 2564 892 2625 visere
916 2561 1073 2636 sustinet,

922 2664 1043 2740 ὄμματ’
1069 2666 1099 2728 ἒν
1122 2662 1274 2741 ἄστροισιν
1298 2666 1406 2745 ψυχὴν
1428 2663 1454 2727 δ’
1478 2665 1509 2727 ἐν
1529 2664 1629 2743 πίντιρ
1652 2661 1820 2743 ἔχουσαί).

789 2771 854 2848 „Ut
878 2770 1051 2855 quadrigae
1075 2769 1133 2833 snb
1157 2772 1223 2833 ictu
1248 2768 1369 2855 flagelli
1387 2772 1526 2833 animose
1546 2790 1580 2833 se
1598 2769 1800 2845 attollentes,
1820 2772 1865 2833 sie
1885 2771 1976 2833 navis

787 2896 962 2961 exsurgens
986 2879 1111 2958 pectere
1133 2877 1167 2937 in
1191 2877 1290 2938 maris
1312 2874 1415 2938 undas
1437 2894 1471 2937 se
1493 2876 1627 2938 coniecit
1645 2877 1707 2938 iter
1729 2874 1887 2938 initura'’:

922 2975 939 3045 ίι
963 2978 1001 3055 δ’,
1025 2976 1063 3049 ὥς
1087 2980 1115 3041 τ’
1140 2979 1169 3041 ἐν
1194 2979 1287 3055 πεδίιρ
1311 2979 1464 3055 τετράοροι
1487 2977 1610 3055 ιἰροενες
1632 2978 1719 3042 ίπποι

923 3085 1040 3155 πάντες
1064 3081 1123 3155 ἅμ’
1147 3084 1323 3163 ίρριηίίντες
1349 3086 1406 3149 ὑπὸ
1429 3094 1587 3165 πληγῇσιν
1611 3084 1764 3159 ίμιίσίλης

922 3189 1011 3268 ὑψίσ·
1035 3189 1200 3266 ἀειρόμενοι
1223 3193 1328 3269 slepa
1352 3191 1518 3266 πρήσσουσι
1543 3189 1692 3266 ιιίλενίον,

921 3291 959 3366 ὦς
984 3294 1046 3372 Epa
1069 3303 1124 3368 τιῑς
1149 3294 1246 3377 πρῴρη
1270 3296 1327 3371 μὲν
1351 3296 1487 3373 ἀείρετο,
1512 3299 1599 3372 edua
1622 3296 1648 3359 δ’
1671 3294 1773 3360 ὄπισθε

921 3400 1089 3478 πορφύρεον
1111 3400 1187 3476 μέγ’
1211 3399 1277 3464 ἔθυε
1302 3400 1547 3478 πολυφλοίσβοιο
1570 3398 1740 3474 tenderes.

921 3501 938 3576 ἣ
964 3505 994 3568 δὲ
1018 3503 1100 3581 pata·
1122 3506 1296 3583 σ’σΦιιλίοις
1320 3505 1392 3570 'Olea
1417 3505 1567 3581 ἔμπεδον·
1592 3504 1659 3570 οὐδέ
1681 3530 1732 3570 ιιεν
1755 3503 1820 3584 ίρηξ

922 3608 1019 3685 κίρκος
1043 3612 1252 3687 ὁμαρτήσειεν,
1278 3610 1494 3688 ἐλαφρότατος
1518 3617 1667 3685 πετεηνῶν
1681 3610 1717 3690 ³).
1852 3685 1855 3690 ,

830 3710 931 3777 cuius
971 3717 1123 3798 imaginis
1137 3713 1163 3798 ⁴)
1194 3718 1395 3780 inventorem
1428 3719 1460 3779 in
1490 3714 1672 3780 Thessaliae
1702 3718 1809 3800 potius
1838 3714 1974 3780 saltibus

785 3838 883 3902 quam
913 3821 947 3881 in
979 3818 1143 3883 littoribus
1173 3820 1278 3884 Ioniae
1304 3842 1370 3884 esse
1394 3828 1506 3884 natum
1530 3821 1686 3884 affirmare
1709 3820 1826 3885 audeo:
1851 3824 1975 3905 peperit

784 3942 854 3986 eam
886 3922 1072 3999 admiratio,
1105 3945 1168 4007 qua
1200 3925 1358 3989 feriuntur
1388 3929 1444 4010 qui
1477 3931 1634 3989 terrarum
1657 3928 1807 3990 interiora
1828 3925 1974 3991 incolunt

784 4047 858 4091 eum
883 4030 1026 4110 primum
1047 4028 1226 4113 adspiciunt
1250 4032 1382 4116 navigia
1405 4052 1461 4114 per
1484 4029 1584 4094 undas
1606 4033 1801 4094 cursitantis,

830 4127 898 4197 Ceu
928 4154 1101 4217 generosus
1132 4155 1232 4218 equus
1263 4137 1355 4197 navis
1385 4134 1566 4199 Phaeacum
1597 4134 1744 4218 provolat
1766 4156 1879 4220 spuma
1903 4157 1974 4200 eon-

784 4257 900 4321 sperea.
925 4237 1000 4303 Solo
1025 4240 1154 4322 quidem
1178 4260 1280 4323 neque
1304 4238 1397 4324 plano
1420 4243 1525 4304 utitur
1547 4262 1650 4325 neque
1672 4241 1780 4317 firmo,
1810 4248 1848 4304 ut
1870 4242 1973 4306 homi·

784 4363 864 4404 num
894 4364 1006 4407 sumus
1037 4346 1092 4428 qui
1114 4364 1170 4428 per
1193 4364 1322 4428 campos
1345 4353 1461 4423 ruunt,
1486 4367 1559 4410 nam
1584 4367 1639 4431 per
1662 4349 1765 4430 spatia
1787 4345 1918 4411 mobilia
1942 4354 1974 4412 et

784 4647 795 4698 a
816 4568 850 4695 3
873 4569 956 4631 Odyss.
980 4567 1072 4628 tto&
1100 4571 1129 4619 et
1159 4571 1231 4619 Hom.
1257 4572 1334 4635 epigr.
1358 4573 1401 4620 le:
1429 4573 1500 4620 ἵπποι
1526 4571 1549 4621 δ’
1571 4569 1604 4621 ad
1627 4572 1713 4624 πεδίον
1736 4577 1842 4635 κόσμος»
1865 4578 1920 4634 νῆες
1944 4575 1973 4627 δὲ

798 4664 814 4695 οι
852 4665 921 4704 σσης.

816 4731 844 4793 2)
862 4731 968 4778 Aristeas
985 4730 1011 4779 in
1030 4733 1175 4798 Arimaspoe.

815 4813 843 4875 8)
861 4813 947 4875 Odyss.
965 4815 1014 4861 ν81
1026 4829 1090 4877 sqq.;
1108 4832 1178 4880 quem
1196 4815 1274 4865 loenm
1292 4815 1453 4865 intotonat
1470 4817 1726 4881 apolloniatum
1744 4821 1808 4867 1⁶04
1816 4833 1868 4884 sqq.

815 4895 843 4956 4)
861 4894 916 4942 Non
933 4894 986 4942 dien
1003 4910 1084 4944 verens
1098 4912 1170 4961 snpra
1186 4897 1287 4955 allatos.
1304 4897 1344 4947 sed
1361 4897 1437 4966 ipsam
1454 4899 1522 4948 naris
1537 4915 1591 4948 cnm
1607 4915 1668 4965 equo
1684 4899 1893 4967 eomparatienem.
