5125 6150
1013 816 1186 865 memnurrs
1207 817 1358 865 11111111.
1708 803 1771 867 411

589 986 800 1061 afficerentur,
823 989 948 1069 praetor
970 988 1002 1047 et
1026 990 1153 1047 senatus
1173 983 1331 1069 designati
1351 989 1426 1048 sunt
1445 986 1499 1068 qui
1517 1004 1585 1049 rem
1605 989 1775 1050 tractarent

589 1101 621 1157 et
643 1091 738 1157 litem
761 1093 975 1156 aestimarent.

632 1197 1017 1281 Gratisne'accipiebatur
1039 1193 1247 1282 sympolitial
1267 1196 1314 1260 En
1339 1198 1597 1282 inscriptionibus
1617 1204 1772 1283 quantum

588 1308 652 1371 scio
684 1303 767 1368 nihil
799 1303 837 1368 de
868 1323 904 1368 ea
935 1324 967 1368 re
995 1302 1072 1366 disci
1096 1310 1218 1387 potest,
1243 1303 1297 1367 sed
1320 1306 1461 1388 suspicor
1484 1302 1721 1389 sympolitiam,
1746 1308 1774 1370 si

587 1418 702 1498 sponte
733 1431 751 1474 a
782 1412 913 1474 civitate
944 1407 1051 1493 aliqua
1081 1410 1259 1494 petebatur,
1295 1410 1416 1474 tributo
1448 1408 1646 1476 militibusve
1668 1410 1772 1476 aliove

536 1496 537 1511 ἵ
588 1520 693 1604 pretio
718 1537 786 1581 esse
808 1516 1017 1599 redemptam.

632 1622 706 1687 Hoc
737 1629 846 1687 autem
877 1620 1080 1686 commodum
1112 1619 1269 1684 eiusmodi
1293 1620 1417 1686 foedera
1440 1621 1609 1688 afferebant
1630 1622 1769 1701 Aetolis,

585 1729 671 1815 quod
703 1730 737 1792 in
769 1727 952 1813 regionibus
983 1727 1206 1791 remotioribus
1236 1725 1305 1790 loca
1334 1729 1375 1791 iis
1406 1733 1529 1812 praesto
1556 1735 1663 1806 erant,
1687 1728 1771 1795 unde

584 1833 871 1920 proficiscerentur,
903 1836 931 1896 si
954 1832 1032 1896 alias
1055 1839 1167 1917 gentes
1189 1831 1325 1917 diripere
1347 1835 1381 1896 in
1404 1836 1511 1898 animo
1535 1834 1694 1900 haberent.
1720 1835 1771 1900 Sic

585 1961 671 2005 anno
698 1939 762 2003 221
795 1939 1005 2004 Dorimachus
1029 1936 1180 2024 Phigalia
1202 1938 1378 2024 profectus,
1403 1939 1578 2005 Messenios
1601 1941 1772 2027 populatus

584 2054 635 2112 est
651 2045 686 2123 ¹).
717 2045 757 2109 Et
786 2048 820 2109 in
852 2048 1001 2110 universo
1032 2051 1155 2109 constat
1186 2045 1244 2109 hoc
1266 2066 1381 2130 genere
1404 2049 1562 2114 societatis
1586 2047 1770 2113 Aetolorum

582 2176 656 2219 rem
690 2153 908 2218 firmissimam
943 2155 1077 2218 stetisse.
1115 2151 1167 2217 Sic
1198 2155 1283 2217 enim
1314 2156 1391 2218 socii
1421 2157 1595 2221 arctissime
1624 2158 1708 2220 inter
1739 2178 1771 2222 se

584 2261 749 2326 coniuncti
779 2266 885 2338 erent;
918 2262 973 2344 qui
998 2262 1064 2323 suis
1087 2258 1214 2344 legibus
1236 2258 1334 2325 libere
1358 2261 1538 2337 utebantur,
1563 2265 1627 2327 tuti
1650 2264 1689 2328 ab
1712 2264 1771 2329 Ae-

584 2365 728 2432 tolorum
748 2365 939 2444 latrociniis,
959 2364 1042 2430 bella
1061 2371 1170 2429 autem
1193 2369 1220 2429 si
1242 2364 1379 2452 gerenda
1403 2375 1523 2444 essent,
1548 2369 1609 2433 sibi
1632 2372 1771 2435 invicem

586 2471 839 2559 opitulabantur.
872 2471 983 2556 Itaque
1012 2493 1091 2536 anno
1117 2470 1179 2536 189
1211 2471 1346 2536 Romani
1368 2475 1401 2536 in
1424 2473 1662 2540 condicionibus
1686 2481 1770 2562 pacis

584 2602 662 2646 cum
684 2578 822 2656 Aetolis,
844 2582 1022 2643 metuentes
1041 2599 1080 2643 ne
1100 2579 1202 2643 denuo
1222 2581 1318 2643 nimis
1337 2588 1525 2657 crescerent,
1538 2585 1771 2648 constituerunt

585 2688 723 2767 ,urbem
746 2707 785 2750 ne
809 2705 904 2770 quam
927 2683 1082 2750 formulae
1106 2687 1156 2749 sui
1175 2687 1255 2749 iuris
1274 2685 1444 2762 facerent’',
1464 2685 1498 2751 id
1517 2692 1565 2752 est
1584 2689 1771 2775 sympolitia
1820 2725 1826 2738 ·

584 2794 730 2859 societati
749 2812 824 2857 suae
840 2791 1050 2876 adiungerent
1063 2789 1099 2871 ²).
1119 2791 1202 2856 Nam
1215 2792 1273 2856 hoc
1285 2795 1470 2877 praesertim
1484 2814 1600 2880 genere
1613 2797 1771 2859 societatis

586 2920 639 2965 eos
656 2902 832 2963 maximam
843 2897 935 2964 illam
948 2904 1139 2984 potestatem
1151 2900 1211 2964 sibi
1223 2919 1422 2985 comparasse
1434 2901 1529 2985 probe
1540 2899 1770 2966 intellexerant.

632 3005 744 3092 Neque
774 3003 1003 3093 negligendum
1034 3010 1082 3071 est
1111 3004 1199 3069 aliud
1228 3005 1432 3070 commodum
1466 3006 1672 3093 sympolitiae
1703 3028 1771 3093 pro

584 3116 710 3200 prium,
732 3112 815 3198 quod
835 3116 914 3177 item
934 3133 973 3176 ex
992 3114 1198 3197 inscriptione
1218 3119 1325 3176 nostra
1343 3115 1489 3198 cognosci
1509 3119 1622 3200 potest.
1647 3113 1770 3199 Nempe

582 3218 771 3307 sympolitia
791 3222 879 3283 viam
899 3219 1060 3303 aperiebat
1080 3218 1119 3283 ad
1139 3220 1305 3283 civitatem
1323 3221 1355 3282 in
1377 3218 1519 3304 qualibet
1538 3220 1616 3284 urbe
1628 3219 1770 3285 Aetolica

582 3325 837 3411 adipiscendam,
857 3324 1129 3410 quemadmodum
1149 3347 1180 3388 v.
1193 3345 1219 3388 c.
1240 3328 1353 3389 civitas
1371 3324 1770 3411 OeensibusaNaupactiis

584 3452 731 3498 concessa
761 3430 858 3510 1113).
889 3430 954 3495 Nec
984 3451 1097 3496 nomen
1129 3431 1186 3495 hoc
1217 3436 1286 3495 erat
1316 3433 1382 3495 eine
1412 3453 1461 3508 re,
1486 3453 1560 3497 nam
1584 3431 1768 3497 huiusmodi

585 3538 722 3603 decretis
752 3540 900 3602 civitates
931 3540 997 3601 suis
1027 3539 1165 3602 invicem
1189 3538 1313 3601 civibus
1336 3540 1407 3602 iura
1427 3540 1551 3623 privata
1574 3540 1766 3606 tribuebant.

586 3644 615 3711 Ii
639 3645 770 3708 demum
790 3646 845 3729 qui
863 3645 954 3707 iuxta
974 3642 1194 3730 sympolitiam
1214 3646 1312 3708 etiam
1335 3646 1497 3708 civitatem
1520 3644 1657 3710 alicuius
1679 3646 1767 3710 urbis

585 3753 723 3817 assecuti
753 3755 852 3827 erant,
880 3753 987 3814 omnia
1008 3753 1079 3814 iura
1102 3748 1224 3814 Aetolis
1249 3752 1431 3815 communia
1454 3754 1583 3836 exsequi
1605 3758 1766 3837 poterant;

585 3880 649 3923 non
673 3856 776 3922 solum
801 3855 1019 3933 Panaetolico,
1044 3855 1126 3941 quod
1150 3858 1201 3920 ius
1223 3858 1263 3920 iis
1287 3857 1456 3941 praebebat
1486 3857 1689 3943 sympolitia‚
1714 3858 1768 3922 sed

585 3969 685 4033 etiam
716 3967 784 4029 eius
814 3965 983 4048 municipii
1015 3966 1153 4028 comitiis
1171 3966 1321 4029 interesse
1344 3966 1385 4028 iis
1408 3962 1524 4029 licebat
1547 3967 1637 4029 cuius
1660 3966 1769 4029 civita

584 4077 654 4137 tem
677 4069 783 4154 adepti
806 4075 904 4135 erant.
930 4069 1000 4134 Uno
1023 4070 1137 4146 verbo,
1162 4072 1268 4135 omnia
1291 4072 1361 4135 iura
1380 4077 1412 4136 11
1431 4069 1602 4158 privilegia
1623 4074 1765 4157 ipsorum

585 4175 771 4242 Aetolorum
795 4178 835 4240 iis
858 4197 1003 4241 concessa
1026 4183 1114 4241 erant
1140 4182 1160 4255 ).

630 4282 808 4368 Supersunt
830 4284 924 4348 urbes
948 4304 1028 4368 quae
1052 4281 1126 4347 licet
1149 4282 1334 4368 sympolitia
1357 4284 1546 4363 fruerentur,
1571 4286 1766 4371 praefectum

584 4391 646 4456 sibi
678 4389 834 4455 habebant
857 4395 1035 4475 praetorem
1059 4386 1241 4453 Aetolicum
1255 4391 1293 4467 ⁵).
1324 4388 1411 4455 Haec
1434 4390 1602 4477 Phigaliae
1625 4393 1765 4458 condicio

591 4540 785 4551 --—-—-—·--

622 4631 645 4690 l)
662 4627 744 4690 Polyb.
764 4625 797 4675 lv
815 4630 889 4691 tlsqq.
1056 4629 1081 4687 1)
1098 4627 1133 4676 Cf.
1150 4643 1222 4692 snpra
1239 4645 1261 4692 p.
1281 4630 1339 4678 409.
1506 4632 1531 4690 8)
1549 4629 1654 4681 Dittenb.
1673 4631 1730 4684 247.

617 4714 644 4768 4)
661 4709 732 4758 lbid.:
758 4706 869 4757 δεδόσθαι
894 4706 921 4756 tt
945 4706 1032 4766 αὐτοῖς
1055 4707 1097 4758 καὶ
1120 4709 1248 4758 πολιτείαν
1272 4708 1296 4758 ἓν
1320 4709 1474 4760 Nascantur
1497 4713 1539 4760 nal
1562 4715 1612 4775 yle
1629 4712 1670 4761 nal
1687 4711 1765 4769 clusae

582 4791 713 4856 ἵγκτησιν,
737 4790 779 4839 καὶ
801 4794 850 4838 τῶν
874 4789 957 4839 ἄλλων
980 4790 1104 4846 ἁπάντων.
1126 4785 1201 4852 ὦνπερ
1219 4792 1332 4840 11111111
1350 4793 1509 4842 Ναυπάκτιοι
1528 4794 1689 4859 μετέχουσιν,
1708 4796 1766 4853 τούς

583 4874 670 4931 Κείους
686 4872 814 4936 μετέχειν.
833 4874 868 4923 Cf.
887 4874 963 4922 Csuer
982 4874 1093 4923 Deiectus
1111 4874 1560 4938 11111111111111116111111111112291.

620 4961 644 5019 1)
661 4956 742 5020 rocyo.
759 4956 842 5006 xvru
860 4958 875 5006 s
894 4958 953 5019 tll.
972 4957 1013 5006 nv
1034 4957 1125 5019 1111.
