5125 6150
693 833 758 902 354
1060 849 1103 895 sn
1126 848 1358 897 anierornsrus
1380 850 1519 898 seusun.

692 1018 781 1081 mitti
817 1021 921 1100 potest
953 1014 1035 1080 iilud
1068 1015 1108 1078 ἐν.
1140 1014 1193 1079 sic
1222 1036 1247 1079 e.
1272 1036 1306 1101 g.
1338 1016 1423 1101 apud
1453 1021 1602 1083 nostrum
1633 1019 1777 1085 Athenae
1810 1023 1887 1086 urbs

692 1123 811 1187 dieitur
841 1126 919 1186 τοῖσι
944 1125 1023 1195 κσινῖς
1048 1120 1244 1185 ἐναποτεῖσαι
1268 1122 1441 1202 χρήματα,
1465 1121 1552 1188 lodix
1576 1127 1727 1201 μαλύακέι
1748 1128 1888 1203 ἐγκατα-

691 1236 846 1305 κλινῆναι,
878 1228 991 1292 thorax
1022 1226 1190 1300 ἐπιτήδειος
1222 1228 1441 1306 ἐναποπατεῖν,
1473 1229 1559 1314 apud
1590 1229 1794 1297 Herodotum
1820 1231 1887 1318 pla·

690 1337 785 1399 nities
829 1333 1030 1398 Marathonia
1072 1332 1203 1399 Boeotia
1243 1332 1390 1399 Thriasia
1432 1341 1588 1401 vocantur
1631 1337 1886 1412 incrustaturas

690 1443 891 1516 ἐνιππεῦσαι,
923 1439 1298 1517 ἐνστρατοπεδεύεασύαι,
1331 1440 1601 1520 ἐμααχέσασύαι,
1632 1442 1756 1509 Dorisoi
1788 1443 1885 1509 littus

690 1546 858 1618 ἐπιτύδειον
891 1543 1070 1622 ἐνδιατάξαι
1102 1544 1241 1625 στοασύν,
1273 1545 1359 1630 apud
1391 1546 1582 1632 Euripidem
1604 1547 1741 1614 Penthei
1767 1571 1885 1615 nomen

690 1653 915 1731 ἐνδυστυχῆσαι
949 1650 1116 1725 ἐπιτήδειον
1147 1651 1274 1732 dieitur,
1307 1650 1465 1737 pluraque
1496 1654 1655 1718 eiusmodi
1688 1654 1783 1719 facile
1817 1677 1887 1740 pos·

690 1765 766 1824 sunt
803 1757 924 1844 colligi.
961 1755 1151 1823 Cuiusmodi
1181 1756 1261 1822 loeis
1292 1758 1412 1822 scribe:
1445 1758 1537 1831 πύλις
1568 1761 1647 1834 κοινὴ
1676 1759 1885 1826 ἐναποτεῖσαι

690 1868 727 1929 ἐν
759 1866 881 1944 αὐτῇ,
913 1864 1013 1928 πεδῖσν
1045 1862 1213 1937 ἐπιτήδειον
1238 1863 1427 1928 ἐνιππεῦσαι
1451 1865 1487 1928 ἐν
1511 1865 1634 1945 αύτῷ,
1659 1863 1754 1943 ὄνομα
1780 1866 1886 1941 ἐπιτύ-

689 1969 765 2034 δεισν
797 1968 1032 2051 ἐνδυστυχῆσαι
1065 1969 1102 2032 ἐν
1134 1970 1240 2049 αύτῷ
1265 2006 1308 2018 -
1333 1975 1366 2034 et
1395 1991 1499 2036 meras
1530 1971 1661 2036 habebis
1692 1972 1804 2037 sordes
1829 1995 1885 2058 pro

689 2076 849 2162 elegantia
872 2077 989 2141 Attica.

732 2183 843 2268 Itaque
878 2187 915 2246 ut
950 2181 989 2246 ad
1023 2186 1171 2246 nostrum
1202 2181 1310 2246 locum
1342 2181 1489 2258 redeam,
1522 2181 1667 2249 (larionis
1699 2185 1799 2250 verba
1834 2186 1885 2262 ,,ἐν

686 2289 793 2370 αῦτςῖ”
816 2287 902 2352 idem
927 2286 1035 2353 valent
1059 2287 1144 2371 quod
1168 2290 1202 2353 in
1224 2287 1307 2352 Iusti
1331 2290 1395 2352 viri
1420 2309 1569 2372 responso
1589 2292 1786 2374 praepositio
1810 2292 1884 2367 ,,ἐν”

687 2396 783 2461 verbo
799 2397 889 2474 ῥιγῶν
904 2395 1092 2478 praemissa;
1110 2395 1264 2458 vitiosum
1277 2399 1386 2457 eutem
1400 2398 1449 2458 est
1470 2393 1675 2470 ἐαμυνύῆναι
1698 2394 1736 2457 ἐν
1755 2398 1883 2477 αύτῷ,

687 2507 720 2565 et
751 2521 839 2565 mero
869 2520 973 2564 errore
1003 2497 1194 2582 particulam
1226 2506 1312 2562 ΟΤΝ
1344 2497 1395 2563 vei
1426 2505 1480 2562 8N
1505 2500 1543 2564 ab
1568 2497 1667 2564 altero
1692 2499 1829 2566 librario
1852 2505 1883 2566 in

690 2615 744 2671 ΕΝ
776 2612 937 2671 mutatam
968 2626 1053 2681 esse,
1086 2605 1124 2668 ab
1155 2603 1254 2670 altero
1287 2624 1342 2688 per
1373 2603 1639 2690 haplographiam
1670 2612 1743 2690 post
1776 2616 1882 2672 ΜΩΝ

686 2717 856 2790 omissam,
881 2714 958 2776 satis
980 2710 1170 2787 luculenter,
1195 2717 1232 2774 ut
1255 2731 1363 2796 spero,
1388 2713 1454 2774 iem
1478 2716 1620 2795 apparet.

731 2932 784 2999 Vs.
811 2931 875 2998 737
896 2951 942 3015 sq.
969 2968 1010 2979 —
1043 2929 1091 2993 De
1114 2929 1164 2993 his
1188 2927 1332 2996 (larionis
1356 2929 1395 2994 ad
1419 2931 1529 2995 heram
1555 2933 1677 3008 verbis,
1702 2934 1737 2995 in
1761 2935 1881 3018 quibus

685 3039 916 3125 aliquantisper
939 3036 1027 3100 haesi
1051 3040 1083 3100 et
1107 3032 1313 3121 Blaydesium
1338 3035 1476 3101 haesisse
1499 3035 1609 3115 video,
1634 3036 1809 3104 dicendum
1835 3048 1879 3105 est

687 3146 827 3230 aliquid:

910 3249 961 3312 καὶ
986 3246 1054 3326 πρῖν
1077 3270 1111 3309 σε
1136 3245 1269 3317 κοτύλας
1296 3248 1410 3311 ἐκπιεῖν
1433 3246 1511 3313 οἴνου
1534 3248 1628 3325 δέκα,

908 3356 921 3418 ὃ
946 3357 1100 3429 Πλοῦτος,
1125 3348 1146 3416 ὦ
1172 3353 1313 3431 δέσποιν’,
1337 3354 1509 3427 ἐνειστήκει
1533 3353 1671 3431 βλέπων.

683 3461 825 3527 Conieeit
855 3459 991 3546 Blaydea
1016 3459 1148 3530 κοτύλας
1173 3460 1201 3524 τ’
1224 3458 1272 3537 ἄν,
1298 3482 1359 3524 non
1382 3466 1486 3536 reete,
1511 3463 1538 3523 si
1562 3460 1638 3545 quid
1661 3460 1776 3538 video,
1801 3462 1874 3526 lieet

683 3567 762 3633 olim
793 3567 875 3629 mihi
906 3568 1107 3650 persuaserit.
1140 3565 1210 3630 Hoc
1245 3567 1331 3629 enim
1363 3566 1572 3651 significaret:
1598 3565 1690 3647 priua
1721 3589 1811 3649 qis-ens
1843 3576 1872 3629 ιν

683 3676 779 3737 decem
798 3672 910 3754 cotylae
925 3709 964 3719 -
979 3678 1042 3735 tres
1062 3671 1127 3735 fere
1147 3669 1237 3734 litras
1251 3707 1291 3718 —
1306 3672 1417 3734 ebihere
1429 3673 1581 3752 potuisses
1601 3672 1629 3735 si
1648 3673 1821 3754 adfuisses
1834 3711 1873 3719 —

683 3788 716 3844 at
752 3776 841 3841 nulla
871 3776 1001 3840 mulieri
1032 3774 1147 3859 pocula
1178 3782 1303 3860 praesto
1334 3776 1468 3840 fuissent
1499 3780 1532 3840 in
1564 3776 1747 3862 Aesculapii
1786 3780 1872 3853 fano,

683 3884 857 3949 absurdum
892 3885 994 3968 igitur
1029 3882 1062 3946 id
1097 3882 1187 3946 foret.
1223 3880 1365 3966 Vulgata
1398 3903 1475 3947 vero
1507 3882 1657 3947 vertenda
1689 3889 1755 3947 est:
1784 3886 1874 3966 prise

683 4013 769 4075 qaam
794 3996 826 4050 tu
845 3990 940 4051 decem
960 3987 1072 4069 coeptas
1091 3987 1187 4048 abibas
1207 3990 1273 4050 sive
1293 3988 1405 4050 ebibere
1423 3988 1509 4051 soles.
1533 3987 1633 4051 Adest
1656 3994 1768 4052 autem
1793 4012 1873 4054 nuno

683 4098 717 4158 in
742 4115 834 4159 scena
858 4096 988 4167 vinum,
1013 4091 1097 4176 quod
1122 4093 1196 4156 hera
1218 4089 1348 4157 Carioni
1372 4092 1495 4157 attulit.

729 4200 798 4263 Non
824 4220 886 4283 quo
910 4219 1025 4282 negem
1049 4196 1169 4261 insoliti
1194 4197 1270 4282 quid
1294 4198 1410 4262 habere
1435 4199 1492 4262 hoe
1516 4202 1740 4274 enuntiatum,
1767 4206 1801 4263 et
1825 4199 1879 4266 Ga·

685 4309 822 4380 sionem,
855 4306 882 4367 si
912 4302 1065 4367 voluisset
1097 4308 1241 4366 accurate
1273 4302 1380 4386 loqui,
1413 4305 1575 4367 dicturum
1600 4304 1699 4368 fuisse
1723 4304 1876 4370 fortasse:

684 4415 794 4477 ύοῖττιν
825 4413 842 4484 ἢ
875 4410 912 4473 σῦ
946 4410 1059 4477 ἐκπῖοις
1091 4405 1128 4471 σῦν
1159 4407 1211 4472 vel
1243 4410 1353 4473 ύιῦττον
1379 4410 1395 4482 ἢ
1422 4409 1460 4472 σύ
1485 4410 1617 4481 ἐκπῖνεις
1642 4412 1780 4481 κοτύλας
1806 4411 1876 4475 δέκα

684 4518 736 4584 vel
761 4514 867 4581 simile
890 4514 976 4599 quid.
1001 4513 1062 4579 Sed
1087 4517 1216 4578 omnino
1242 4535 1324 4600 nego
1347 4516 1484 4578 vitiosum
1509 4536 1576 4580 esse
1596 4524 1652 4580 aut
1672 4521 1803 4581 textum
1823 4528 1877 4582 aut

682 4626 751 4706 ipsa
776 4643 856 4707 quae
878 4628 971 4705 poeta
995 4620 1082 4685 dedit
1106 4622 1211 4685 verba.

730 4823 781 4886 Vs.
808 4822 883 4889 976.
912 4859 952 4871 -
982 4824 1060 4885 Erat
1083 4824 1157 4886 milri
1182 4861 1224 4871 -
1249 4825 1395 4907 queritur
1418 4823 1530 4888 vetula
1554 4862 1596 4873 -

1321 4929 1477 5009 μειράκιον
1499 4932 1601 5008 Φῖλον,
