5125 6150
689 820 756 887 370
1219 836 1341 885 nrsrss.

685 1025 760 1069 cum
783 1004 959 1065 sententiae
981 1001 1173 1065 detrimento
1193 1000 1339 1087 elapsum
1358 1010 1407 1067 est
1422 1001 1456 1081 ¹).
1479 1000 1565 1077 Αὕτη
1586 1025 1644 1087 pro
1665 1005 1748 1077 αὕτη
1772 1027 1884 1070 omnes

686 1107 910 1193 corrigendum
934 1127 1001 1171 esse
1024 1106 1191 1190 viderunt,
1211 1109 1442 1189 βασανισθείη
1460 1115 1532 1194 post
1551 1108 1715 1174 Blassium
1734 1118 1771 1176 et
1790 1111 1885 1176 Thal-

687 1215 846 1278 heimium
866 1215 993 1299 scripsi,
1017 1212 1174 1294 [μάλιστα
1197 1213 1292 1296 iisd,
1313 1236 1392 1300 quae
1412 1218 1500 1279 varia
1519 1215 1612 1281 lectio
1626 1217 1758 1282 videtur
1771 1239 1882 1283 eorum

687 1341 768 1405 quae
788 1322 809 1384 i.
823 1319 845 1382 f.
867 1322 885 1402 §
905 1317 963 1381 ¹15
984 1318 1147 1404 leguntur,
1169 1318 1402 1384 damnauerunt
1420 1321 1655 1385 Herwerdenus
1676 1320 1777 1398 olim,
1799 1345 1882 1388 nune

686 1425 917 1489 'Phalheimius
948 1424 1088 1488 Tandem
1116 1432 1228 1510 gratus
1256 1428 1295 1492 ab
1328 1427 1440 1492 eodem
1475 1427 1691 1493 Herwerdeno
1717 1432 1879 1495 sumsisti

686 1532 771 1604 λήσει
808 1529 929 1595 οὐδέν·
960 1552 1017 1615 pro
1053 1530 1145 1608 οὐδὲν,
1180 1535 1214 1596 in
1249 1536 1363 1597 ceteris
1397 1554 1478 1618 quas
1514 1537 1690 1599 immutata
1724 1536 1881 1602 servanda

686 1639 835 1702 existimo
858 1637 897 1701 ab
921 1638 990 1701 eius
1013 1636 1131 1702 iudicio
1155 1637 1353 1704 dissentiens.

731 1853 831 1918 Plura
861 1857 989 1919 enotavi
1019 1855 1059 1918 ad
1090 1859 1265 1920 orationem
1296 1862 1431 1935 sextam,
1464 1879 1544 1942 quas
1576 1863 1609 1923 et
1639 1861 1711 1944 ipsa
1742 1863 1880 1945 pessime

683 1961 792 2024 habita
822 1968 870 2023 est
901 1966 933 2023 et
964 1959 1087 2025 lacunis
1118 1967 1218 2025 scatet
1248 1982 1377 2027 omnem
1402 1964 1566 2028 interdum
1590 1964 1766 2048 supplendi
1791 1987 1880 2050 spem

684 2063 904 2141 eludentibus,
929 2066 1013 2150 quod
1035 2068 1183 2150 inprimis
1203 2067 1291 2131 valet
1311 2067 1350 2132 do
1370 2088 1487 2154 magno
1506 2068 1564 2133 illo
1585 2070 1678 2134 hiatu
1698 2078 1777 2154 post
1797 2070 1881 2155 549,

685 2173 741 2235 ubi
760 2192 824 2234 nno
843 2170 920 2235 folio
940 2170 1079 2235 Palatini
1100 2172 1236 2236 abscisso
1256 2172 1365 2238 decem
1386 2174 1450 2238 fere
1470 2174 1686 2259 paragraphos
1705 2176 1883 2241 desiderari

687 2279 814 2341 monuit
848 2275 1079 2340 Thalheimius.
1113 2277 1263 2361 Spuriam
1297 2299 1365 2343 esse
1399 2282 1591 2360 orationem,
1624 2279 1657 2343 id
1689 2288 1741 2345 est
1766 2282 1883 2368 Lysiae

687 2403 754 2448 osse
775 2381 1028 2459 abiudIoandam,
1049 2389 1082 2447 et
1101 2394 1248 2448 veterum
1269 2383 1413 2449 nonnulli
1433 2388 1566 2449 sensisse
1587 2386 1741 2450 videntur
1753 2395 1883 2452 etnunc

685 2490 902 2553 interamnae
926 2494 1050 2553 constat
1073 2498 1175 2573 nequo
1197 2495 1244 2554 est
1268 2510 1324 2556 cur
1347 2493 1415 2574 ipse
1438 2496 1546 2556 contra
1570 2490 1693 2570 dicam;
1723 2492 1784 2558 sed
1808 2516 1881 2559 cum

720 2733 748 2797 1)
772 2731 832 2780 Vilii
856 2730 990 2796 pervulgati
1014 2746 1026 2779 a
1048 2731 1115 2779 codd.
1139 2730 1275 2779 testimonia
1297 2732 1406 2796 prolerre
1428 2730 1490 2779 nihil
1513 2746 1580 2795 opus.
1603 2729 1647 2779 Sed
1672 2731 1779 2781 ίοτίαεεο
1797 2734 1843 2783 hoc
1859 2734 1882 2783 in

685 2818 826 2863 transcursu
850 2828 946 2861 monera
968 2812 1031 2861 hanrl
1054 2811 1094 2860 aba
1117 2828 1142 2860 rs
1166 2813 1246 2861 fuerit.
1271 2811 1301 2861 In
1324 2810 1436 2861 laseratis
1459 2814 1502 2861 Or.
1523 2812 1588 2862 VIII
1611 2811 1678 2872 (περὶ
1696 2811 1809 2875 Είρηνης)
1826 2817 1882 2875 994

685 2897 765 2945 adltur
789 2911 817 2944 οε
842 2894 966 2943 Urbinatis
987 2894 1141 2943 auctoritate:
1166 2893 1225 2942 ὅτου
1249 2896 1299 2955 γαρ
1324 2892 1481 2954 Ἀθηνόδωρος
1504 2893 1547 2950 καί
1569 2893 1785 2954 Καλλίστρατος,
1807 2896 1881 2956 ὁμὲν

686 2976 785 3034 ἰδιώτης
810 2977 823 3024 θ
846 2975 872 3024 δὲ
895 2974 995 3037 φυγάς,
1020 2973 1113 3023 οίκίσαι
1136 2978 1221 3032 πόλεις
1243 2972 1294 3024 οίοί
1313 2992 1343 3024 τε
1366 2978 1508 3038 γεγόνασιν,
1533 2972 1596 3031 ἦτον
1620 2975 1789 3035 βουληθέντες
1813 2976 1881 3038 ἡμεῖς

686 3059 827 3116 πολλοὺς
852 3057 887 3107 ἂν
914 3059 1006 3114 τθτονς
1032 3056 1162 3116 τοιούτους
1188 3059 1377 3120 κατασχεῖν
1403 3054 1601 3117 δυνηθεῖμεν.
1627 3058 1718 3107 Omnia
1747 3064 1823 3118 reete,
1840 3076 1880 3109 naa

686 3141 789 3191 multum
809 3142 905 3190 sanant
926 3141 1019 3189 codices
1036 3140 1173 3190 deteriores.
1191 3141 1235 3189 Sed
1253 3141 1278 3189 in
1297 3155 1386 3205 papyro
1405 3139 1585 3202 antiquissimo,
1602 3155 1649 3203 quo
1667 3140 1748 3188 maior
1765 3142 1880 3191 orationis

685 3240 740 3288 pars
758 3223 847 3288 partim
866 3223 941 3270 lacera
958 3222 1047 3287 partim
1065 3222 1157 3285 iutegrs
1174 3222 1318 3279 continetur,
1336 3222 1424 3285 quique
1438 3219 1524 3269 adltori
1541 3221 1649 3284 Kanyoui
1663 3222 1799 3282 (θίαεείσοί
1814 3223 1881 3271 Testa

685 3310 731 3355 etc.
748 3322 770 3370 p.
788 3306 828 3363 84)
843 3304 915 3369 primi
931 3321 953 3368 p.
969 3304 1025 3352 Chr.
1043 3304 1129 3352 saeculi
1144 3305 1207 3352 alsus
1221 3307 1268 3363 est,
1285 3303 1389 3352 haesita
1403 3304 1551 3351 conformata
1565 3302 1681 3366 legistas.-
1695 3331 1730 3339 -
1740 3331 1772 3340 —
1783 3303 1880 3365 βουληθ.

687 3385 757 3446 ἡμεῖς
781 3386 815 3434 ἂν
840 3386 981 3442 πολλοὺς
1003 3387 1096 3442 τόπους
1113 3384 1208 3435 τοισιίτ.
1225 3386 1368 3445 κατασχεῖν
1387 3381 1441 3432 σθκ
1459 3382 1494 3432 ἂν
1512 3383 1554 3411 m
1571 3383 1707 3443 θείημεν.
1727 3386 1815 3434 Scriba
1832 3387 1879 3434 sine

685 3468 756 3516 dubio
782 3468 859 3516 voluit
884 3466 927 3515 σιίκ
953 3466 982 3515 tv
1004 3465 1217 3526 <δννη>θείημεν,
1239 3467 1339 3515 absurde
1363 3470 1390 3514 nt
1414 3465 1475 3514 nibil
1499 3481 1578 3530 supra.
1603 3466 1674 3530 Quod
1692 3467 1721 3514 ad
1742 3468 1879 3516 PalatInnm

686 3554 795 3598 nostrum
817 3551 919 3609 attinet,
942 3551 1035 3612 negatio
1058 3548 1106 3610 (οὐ,
1132 3547 1176 3609 μή)
1196 3550 1221 3597 in
1239 3565 1266 3597 eo
1285 3563 1410 3614 perperam
1429 3549 1495 3597 detst
1513 3550 1557 3596 Or.
1575 3546 1636 3596 VIII
1655 3548 1707 3609 917
1727 3548 1786 3607 (eris
1803 3551 1879 3599 addid.

688 3632 787 3689 usius),
805 3633 838 3679 IX
856 3634 922 3692 912;
941 3634 962 3681 Χ
979 3634 1044 3692 915;
1062 3632 1109 3681 XII
1127 3633 1192 3693 961;
1210 3632 1271 3680 XIII
1291 3630 1341 3693 978
1356 3630 1405 3691 (ίίτι
1415 3627 1601 3692 <οθτιι>οθτιι
1616 3630 1710 3695 primns
1720 3633 1879 3697 Stephanus);

686 3713 718 3763 ib.
736 3713 802 3774 §865
826 3713 868 3761 XX
887 3717 935 3774 §8;
960 3714 1015 3762 XXI
1033 3716 1097 3775 §1s;
1122 3713 1199 3763 XXVI
1218 3716 1253 3775 96
1276 3713 1329 3775 (ubi
1352 3712 1435 3760 Contii
1458 3717 1482 3760 et
1504 3712 1601 3774 Tsylori
1619 3710 1746 3760 ἀδύνατον
1767 3714 1879 3778 praetulit

685 3796 840 3854 ThalheIm.);
859 3794 889 3843 ib.
909 3796 957 3856 98;
976 3795 1081 3843 XXVIII
1100 3797 1152 3857 912
1170 3796 1224 3852 i.r.;
1244 3795 1308 3842 XXX
1328 3796 1389 3855 910.
1407 3794 1491 3842 Latius
1508 3798 1627 3858 sarpssrnt
1645 3794 1737 3843 malum
1757 3798 1801 3845 Or.
1820 3796 1878 3845 XIII

686 3879 746 3939 949,
761 3877 800 3925 ubi
818 3878 850 3925 X:
867 3874 905 3924 δεῖ
917 3878 966 3938 γὰρ
981 3874 1057 3923 αὐτὸν
1071 3874 1201 3941 ἀποδεῖξαι
1217 3904 1288 3914 --
1304 3874 1348 3924 slis
1363 3874 1464 3923 δθναιτο
1479 3872 1599 3923 οὐδέποτε
1615 3873 1757 3940 ἀποδεῖξαι,
1773 3893 1819 3942 pro
1833 3894 1878 3942 quo

688 3959 874 4007 vindobonensis
888 3957 948 4006 liber
961 3957 975 4005 a
989 3955 1033 4005 οὐκ
1048 3957 1076 4005 as
1092 3969 1158 4013 κτλ,
1173 3960 1192 4007 C
1207 3958 1264 4019 θτερ
1282 3956 1325 4006 οθκ
1343 3956 1380 4013 lis,
1397 3957 1551 4021 nuperrimos
1568 3957 1646 4005 editor
1665 3959 1800 4020 praetulit,
1817 3960 1879 4023 quod

685 4049 791 4090 suaserat
805 4040 913 4097 Contine,
923 4038 1006 4102 (ἀλλ’
1015 4036 1081 4091 οἰν>κ
1096 4038 1124 4086 ἂν
1140 4037 1189 4089 δθν.
1204 4038 1298 4100 οὐδέσι,
1316 4044 1439 4104 praeterea
1449 4054 1502 4087 cuin
1512 4038 1621 4086 Scheibio
1630 4038 1737 4087 alterum
1747 4038 1837 4088 ἀποδει
1854 4058 1878 4088 αι

684 4123 772 4171 delens.
789 4122 940 4185 Aliquotiens
956 4125 1039 4169 contra
1056 4121 1149 4185 negatio
1166 4138 1220 4170 enm
1238 4122 1368 4170 sententiae
1386 4120 1530 4169 detrirnsuto
1548 4119 1666 4177 abundat,
1681 4120 1833 4185 saepiuscule
1848 4120 1881 4181 μέ

686 4221 713 4253 ex
736 4203 825 4266 syllaba
848 4203 913 4251 finali
936 4203 1096 4267 praecedentis
1118 4202 1224 4252 vocabuli
1247 4203 1310 4251 mslc
1334 4203 1477 4261 adhaerens,
1501 4216 1673 4263 nonnunquam
1697 4202 1774 4251 etism
1798 4202 1834 4259 οὐ.
1857 4206 1881 4253 nt

689 4288 732 4334 Or.
756 4284 817 4333 XIII
840 4286 892 4345 920
909 4285 924 4332 ἰ.
940 4284 969 4332 i:
993 4282 1025 4341 ὡς
1047 4282 1171 4340 τοιούτοις
1195 4282 1250 4332 ον’νκ
1268 4278 1353 4339 cies,
1373 4283 1412 4332 nbi
1429 4298 1495 4331 mera
1509 4286 1544 4330 est
1563 4281 1741 4346 dittographia,
1759 4288 1784 4333 at
1803 4283 1880 4333 XXIV

688 4368 754 4428 520:
773 4367 889 4414 πλεῖστοι
908 4366 952 4425 μὲν
970 4369 1010 4425 (se.
1027 4369 1142 4426 φοιτῶσι)
1159 4364 1190 4421 ὡς
1208 4362 1347 4427 ἐγγυτάτω
1366 4367 1411 4421 τῆς
1430 4363 1523 4426 ἀγορᾶς
1541 4363 1810 4423 κατεσκευασμένους,
1824 4362 1882 4414 ἐλεί-

688 4465 777 4511 χιστοι
794 4446 821 4495 δὲ
837 4447 868 4504 ὡς
886 4448 917 4495 si
935 4448 1055 4496 erasisset
1069 4446 1216 4510 ἀπέχοντας
1230 4446 1322 4504 αὐτῆς,
1339 4446 1466 4495 bellissime
1484 4462 1528 4511 pro
1549 4445 1581 4503 ὡς
1597 4446 1703 4507 (τοὺς)
1719 4443 1781 4509 ἒγγ.
1798 4465 1823 4495 τ.
1839 4447 1880 4509 ἀγ.

691 4528 939 4589 κατεσκευασμένους
957 4533 981 4577 st
999 4527 1030 4585 ὡς
1047 4530 1122 4583 τους
1139 4532 1259 4578 πλεῖστον
1276 4527 1356 4590 ἀτέχ.
1376 4526 1469 4587 αὐτῆς,
1487 4529 1549 4592 quod
1568 4528 1656 4576 vitium
1675 4530 1809 4594 utrumque
1830 4547 1882 4595 pro·

686 4615 779 4661 curavit
803 4612 941 4675 Stephanus.
965 4611 1068 4660 Tandem
1093 4612 1121 4659 de
1144 4616 1226 4659 nostro
1244 4611 1296 4659 leco
1313 4610 1498 4668 observandum,
1518 4610 1542 4658 id
1560 4610 1622 4672 qnod
1641 4611 1766 4672 Kayserus
1783 4628 1827 4677 per
1844 4612 1879 4661 lit·

687 4696 750 4740 teras
773 4692 881 4741 Scheibio
907 4692 1065 4747 indicaverat,
1093 4692 1202 4755 aLysiam
1225 4690 1269 4740 sibi
1292 4691 1339 4740 tale
1364 4691 1454 4754 aliquid
1479 4690 1599 4754 scripsisse
1617 4690 1708 4739 rideri:
1729 4692 1815 4740 καίτοι
1834 4692 1881 4756 (sel

689 4774 831 4837 simpliciter
853 4774 905 4835 sal)
922 4771 949 4821 οίι
968 4772 1052 4829 λη’σειν
1071 4772 1182 4835 ἡγούμην
1199 4771 1242 4822 οθκ
1257 4772 1313 4821 ’ίσσν
1331 4771 1415 4835 ’έγιιγε
1432 4771 1499 4834 ’έχοιν
1517 4770 1711 4833 βασανισθείσης
1729 4773 1883 4834 ταύτης”,ε

686 4854 777 4901 tradita
795 4855 894 4905 lectione
912 4856 982 4903 nimis
999 4855 1059 4904 illud
1077 4857 1200 4915 recedens,
1219 4856 1300 4904 eodem
1316 4855 1393 4903 redite
1408 4858 1479 4918 atqua
1494 4870 1595 4918 eaquae
1611 4854 1716 4918 pressius
1730 4857 1761 4904 arl
1775 4855 1879 4906 Palatini

689 4932 766 4994 apices
782 4936 832 4998 ipss
848 4953 921 5002 supra
939 4937 1059 5001 proposui.
