<?xml version="1.0" encoding="UTF-8"?>
<!DOCTYPE html PUBLIC "-//W3C//DTD XHTML 1.0 Transitional//EN"
    "http://www.w3.org/TR/xhtml1/DTD/xhtml1-transitional.dtd">
<html xmlns="http://www.w3.org/1999/xhtml" xml:lang="en" lang="en">
 <head>
  <title>
</title>
<meta http-equiv="Content-Type" content="text/html;charset=utf-8" />
  <meta name='ocr-system' content='tesseract 3.04.00' />
  <meta name='ocr-capabilities' content='ocr_page ocr_carea ocr_par ocr_line ocrx_word'/>
</head>
<body>
  <div class='ocr_page' id='page_1' title='image "./mnemosyne04verdgoog_0235.png"; bbox 0 0 5125 6150; ppageno 0'>
   <div class='ocr_carea' id='block_1_1' title="bbox 689 831 1367 897">
    <p class='ocr_par' dir='ltr' id='par_1_1' title="bbox 689 831 1367 897">
     <span class='ocr_line' id='line_1_1' title="bbox 689 831 1367 897; baseline 0.001 -1"><span class='ocrx_word' id='word_1_1' title='bbox 689 831 757 896; x_wconf 78' lang='grc'>234</span> <span class='ocrx_word' id='word_1_2' title='bbox 1189 846 1367 897; x_wconf 75' lang='lat' dir='ltr'>nourrius.</span> 
     </span>
    </p>
   </div>
   <div class='ocr_carea' id='block_1_2' title="bbox 684 1012 1880 3951">
    <p class='ocr_par' dir='ltr' id='par_1_2' title="bbox 687 1012 1880 3014">
     <span class='ocr_line' id='line_1_2' title="bbox 735 1012 1880 1080; baseline -0.002 0"><span class='ocrx_word' id='word_1_3' title='bbox 735 1014 838 1080; x_wconf 74' lang='lat' dir='ltr'>aliur</span> <span class='ocrx_word' id='word_1_4' title='bbox 856 1018 963 1078; x_wconf 90' lang='lat' dir='ltr'>tamen</span> <span class='ocrx_word' id='word_1_5' title='bbox 982 1015 1089 1077; x_wconf 87' lang='lat' dir='ltr'>visum</span> <span class='ocrx_word' id='word_1_6' title='bbox 1109 1020 1158 1077; x_wconf 89' lang='lat' dir='ltr'>est</span> <span class='ocrx_word' id='word_1_7' title='bbox 1177 1015 1362 1078; x_wconf 78' lang='lat' dir='ltr'><strong>recentioris</strong></span> <span class='ocrx_word' id='word_1_8' title='bbox 1385 1015 1497 1078; x_wconf 89' lang='lat' dir='ltr'>aetatis</span> <span class='ocrx_word' id='word_1_9' title='bbox 1516 1013 1709 1078; x_wconf 87' lang='lat' dir='ltr'>hominibus.</span> <span class='ocrx_word' id='word_1_10' title='bbox 1726 1012 1880 1079; x_wconf 79' lang='lat' dir='ltr'>Telemus</span> 
     </span>
     <span class='ocr_line' id='line_1_3' title="bbox 691 1117 1880 1206; baseline -0.002 -20"><span class='ocrx_word' id='word_1_11' title='bbox 691 1121 805 1186; x_wconf 88' lang='lat' dir='ltr'>obiisse</span> <span class='ocrx_word' id='word_1_12' title='bbox 835 1122 963 1206; x_wconf 82' lang='lat' dir='ltr'>reginas</span> <span class='ocrx_word' id='word_1_13' title='bbox 992 1117 1163 1203; x_wconf 88' lang='lat' dir='ltr'>lanamque</span> <span class='ocrx_word' id='word_1_14' title='bbox 1193 1141 1268 1184; x_wconf 94' lang='lat' dir='ltr'>cum</span> <span class='ocrx_word' id='word_1_15' title='bbox 1301 1118 1426 1184; x_wconf 82' lang='lat' dir='ltr'>ancillis</span> <span class='ocrx_word' id='word_1_16' title='bbox 1450 1119 1578 1184; x_wconf 84' lang='lat' dir='ltr'>duxisse</span> <span class='ocrx_word' id='word_1_17' title='bbox 1601 1122 1634 1183; x_wconf 93' lang='lat' dir='ltr'>in</span> <span class='ocrx_word' id='word_1_18' title='bbox 1658 1120 1800 1186; x_wconf 82' lang='lat' dir='ltr'>conclavi</span> <span class='ocrx_word' id='word_1_19' title='bbox 1824 1121 1880 1185; x_wconf 88' lang='lat' dir='ltr'>ubi</span> 
     </span>
     <span class='ocr_line' id='line_1_4' title="bbox 689 1222 1880 1311; baseline 0 -20"><span class='ocrx_word' id='word_1_20' title='bbox 689 1249 745 1292; x_wconf 83' lang='lat' dir='ltr'>rex</span> <span class='ocrx_word' id='word_1_21' title='bbox 775 1224 1014 1291; x_wconf 90' lang='lat' dir='ltr'>nobilissimum</span> <span class='ocrx_word' id='word_1_22' title='bbox 1046 1245 1204 1310; x_wconf 91' lang='lat' dir='ltr'>quemque</span> <span class='ocrx_word' id='word_1_23' title='bbox 1235 1228 1380 1311; x_wconf 81' lang='lat' dir='ltr'>excipere</span> <span class='ocrx_word' id='word_1_24' title='bbox 1403 1222 1541 1291; x_wconf 75' lang='lat' dir='ltr'>soleret?</span> <span class='ocrx_word' id='word_1_25' title='bbox 1564 1228 1652 1291; x_wconf 72' lang='lat' dir='ltr'>devo</span> <span class='ocrx_word' id='word_1_26' title='bbox 1674 1225 1730 1291; x_wconf 92' lang='lat' dir='ltr'>illo</span> <span class='ocrx_word' id='word_1_27' title='bbox 1754 1228 1880 1291; x_wconf 90' lang='lat' dir='ltr'>heroico</span> 
     </span>
     <span class='ocr_line' id='line_1_5' title="bbox 690 1330 1880 1418; baseline 0 -20"><span class='ocrx_word' id='word_1_28' title='bbox 690 1354 708 1398; x_wconf 94' lang='lat' dir='ltr'>a</span> <span class='ocrx_word' id='word_1_29' title='bbox 731 1332 844 1397; x_wconf 91' lang='lat' dir='ltr'>mundi</span> <span class='ocrx_word' id='word_1_30' title='bbox 866 1330 1024 1396; x_wconf 89' lang='lat' dir='ltr'>natalibus</span> <span class='ocrx_word' id='word_1_31' title='bbox 1043 1352 1139 1416; x_wconf 93' lang='lat' dir='ltr'>prope</span> <span class='ocrx_word' id='word_1_32' title='bbox 1160 1331 1309 1408; x_wconf 84' lang='lat' dir='ltr'>distanti,</span> <span class='ocrx_word' id='word_1_33' title='bbox 1331 1353 1394 1416; x_wconf 90' lang='lat' dir='ltr'>quo</span> <span class='ocrx_word' id='word_1_34' title='bbox 1415 1335 1477 1396; x_wconf 88' lang='lat' dir='ltr'>viri</span> <span class='ocrx_word' id='word_1_35' title='bbox 1495 1332 1640 1397; x_wconf 91' lang='lat' dir='ltr'>fortiores</span> <span class='ocrx_word' id='word_1_36' title='bbox 1660 1342 1763 1398; x_wconf 88' lang='lat' dir='ltr'>essent</span> <span class='ocrx_word' id='word_1_37' title='bbox 1783 1356 1880 1418; x_wconf 91' lang='lat' dir='ltr'>quam</span> 
     </span>
     <span class='ocr_line' id='line_1_6' title="bbox 690 1436 1878 1524; baseline 0 -21"><span class='ocrx_word' id='word_1_38' title='bbox 690 1446 815 1524; x_wconf 89' lang='lat' dir='ltr'>postea,</span> <span class='ocrx_word' id='word_1_39' title='bbox 853 1437 989 1502; x_wconf 91' lang='lat' dir='ltr'>feminae</span> <span class='ocrx_word' id='word_1_40' title='bbox 1024 1437 1140 1523; x_wconf 81' lang='lat' dir='ltr'>dignae</span> <span class='ocrx_word' id='word_1_41' title='bbox 1175 1446 1280 1502; x_wconf 88' lang='lat' dir='ltr'>essent</span> <span class='ocrx_word' id='word_1_42' title='bbox 1315 1458 1395 1522; x_wconf 89' lang='lat' dir='ltr'>qnae</span> <span class='ocrx_word' id='word_1_43' title='bbox 1431 1458 1449 1502; x_wconf 93' lang='lat' dir='ltr'>a</span> <span class='ocrx_word' id='word_1_44' title='bbox 1482 1436 1649 1503; x_wconf 89' lang='lat' dir='ltr'>coelitibus</span> <span class='ocrx_word' id='word_1_45' title='bbox 1684 1446 1878 1516; x_wconf 90' lang='lat' dir='ltr'>amarentur,</span> 
     </span>
     <span class='ocr_line' id='line_1_7' title="bbox 689 1542 1879 1632; baseline -0.001 -21"><span class='ocrx_word' id='word_1_46' title='bbox 689 1544 781 1611; x_wconf 88' lang='lat' dir='ltr'>aedes</span> <span class='ocrx_word' id='word_1_47' title='bbox 814 1565 892 1608; x_wconf 90' lang='lat' dir='ltr'>auro</span> <span class='ocrx_word' id='word_1_48' title='bbox 926 1545 1129 1629; x_wconf 81' lang='lat' dir='ltr'>gemmisque</span> <span class='ocrx_word' id='word_1_49' title='bbox 1163 1542 1399 1628; x_wconf 73' lang='lat' dir='ltr'>resplendentes</span> <span class='ocrx_word' id='word_1_50' title='bbox 1434 1543 1565 1609; x_wconf 91' lang='lat' dir='ltr'>Helenis</span> <span class='ocrx_word' id='word_1_51' title='bbox 1600 1545 1804 1632; x_wconf 88' lang='lat' dir='ltr'>Hecubisque</span> <span class='ocrx_word' id='word_1_52' title='bbox 1840 1568 1879 1610; x_wconf 87' lang='lat' dir='ltr'>ne</span> 
     </span>
     <span class='ocr_line' id='line_1_8' title="bbox 688 1650 1879 1738; baseline 0.001 -23"><span class='ocrx_word' id='word_1_53' title='bbox 688 1650 722 1716; x_wconf 92' lang='lat' dir='ltr'>id</span> <span class='ocrx_word' id='word_1_54' title='bbox 762 1651 892 1737; x_wconf 92' lang='lat' dir='ltr'>quidem</span> <span class='ocrx_word' id='word_1_55' title='bbox 930 1651 1111 1735; x_wconf 86' lang='lat' dir='ltr'>praebuisse</span> <span class='ocrx_word' id='word_1_56' title='bbox 1148 1650 1232 1735; x_wconf 92' lang='lat' dir='ltr'>quod</span> <span class='ocrx_word' id='word_1_57' title='bbox 1269 1657 1378 1736; x_wconf 89' lang='lat' dir='ltr'>postea</span> <span class='ocrx_word' id='word_1_58' title='bbox 1417 1650 1469 1716; x_wconf 83' lang='lat' dir='ltr'>vel</span> <span class='ocrx_word' id='word_1_59' title='bbox 1509 1656 1728 1738; x_wconf 88' lang='lat' dir='ltr'>pauperrimae</span> <span class='ocrx_word' id='word_1_60' title='bbox 1763 1656 1879 1738; x_wconf 91' lang='lat' dir='ltr'>cuique</span> 
     </span>
     <span class='ocr_line' id='line_1_9' title="bbox 689 1752 1878 1845; baseline 0.002 -23"><span class='ocrx_word' id='word_1_61' title='bbox 689 1755 927 1822; x_wconf 81' lang='lat' dir='ltr'>matrifamilias</span> <span class='ocrx_word' id='word_1_62' title='bbox 950 1759 985 1820; x_wconf 90' lang='lat' dir='ltr'>in</span> <span class='ocrx_word' id='word_1_63' title='bbox 1006 1758 1101 1821; x_wconf 73' lang='lat' dir='ltr'>Asiae</span> <span class='ocrx_word' id='word_1_64' title='bbox 1126 1752 1318 1822; x_wconf 81' lang='lat' dir='ltr'>Graeciaeve</span> <span class='ocrx_word' id='word_1_65' title='bbox 1341 1755 1448 1842; x_wconf 87' lang='lat' dir='ltr'>aliqua</span> <span class='ocrx_word' id='word_1_66' title='bbox 1471 1759 1548 1823; x_wconf 89' lang='lat' dir='ltr'>urbe</span> <span class='ocrx_word' id='word_1_67' title='bbox 1572 1759 1730 1824; x_wconf 90' lang='lat' dir='ltr'>habitanti</span> <span class='ocrx_word' id='word_1_68' title='bbox 1753 1766 1878 1845; x_wconf 84' lang='lat' dir='ltr'>praesto</span> 
     </span>
     <span class='ocr_line' id='line_1_10' title="bbox 689 1862 1879 1950; baseline 0 -20"><span class='ocrx_word' id='word_1_69' title='bbox 689 1862 791 1931; x_wconf 77' lang='lat' dir='ltr'>esset?</span> <span class='ocrx_word' id='word_1_70' title='bbox 822 1863 890 1943; x_wconf 85' lang='lat' dir='ltr'>Quo</span> <span class='ocrx_word' id='word_1_71' title='bbox 923 1871 1066 1948; x_wconf 88' lang='lat' dir='ltr'>tempore</span> <span class='ocrx_word' id='word_1_72' title='bbox 1094 1864 1192 1927; x_wconf 88' lang='lat' dir='ltr'>etiam</span> <span class='ocrx_word' id='word_1_73' title='bbox 1215 1863 1378 1941; x_wconf 88' lang='lat' dir='ltr'>homines,</span> <span class='ocrx_word' id='word_1_74' title='bbox 1404 1865 1519 1950; x_wconf 88' lang='lat' dir='ltr'>quibus</span> <span class='ocrx_word' id='word_1_75' title='bbox 1543 1868 1648 1930; x_wconf 90' lang='lat' dir='ltr'>tenuis</span> <span class='ocrx_word' id='word_1_76' title='bbox 1671 1872 1740 1930; x_wconf 90' lang='lat' dir='ltr'>erat</span> <span class='ocrx_word' id='word_1_77' title='bbox 1762 1887 1811 1930; x_wconf 88' lang='lat' dir='ltr'>res</span> <span class='ocrx_word' id='word_1_78' title='bbox 1836 1866 1879 1930; x_wconf 93' lang='lat' dir='ltr'>fa-</span> 
     </span>
     <span class='ocr_line' id='line_1_11' title="bbox 688 1968 1880 2058; baseline -0.001 -22"><span class='ocrx_word' id='word_1_79' title='bbox 688 1970 841 2047; x_wconf 87' lang='lat' dir='ltr'>miliaris,</span> <span class='ocrx_word' id='word_1_80' title='bbox 878 1968 999 2055; x_wconf 84' lang='lat' dir='ltr'>duplici</span> <span class='ocrx_word' id='word_1_81' title='bbox 1032 1972 1082 2034; x_wconf 93' lang='lat' dir='ltr'>uti</span> <span class='ocrx_word' id='word_1_82' title='bbox 1113 1975 1258 2054; x_wconf 90' lang='lat' dir='ltr'>poterant</span> <span class='ocrx_word' id='word_1_83' title='bbox 1287 1969 1396 2048; x_wconf 86' lang='lat' dir='ltr'>domo,</span> <span class='ocrx_word' id='word_1_84' title='bbox 1429 1970 1556 2056; x_wconf 88' lang='lat' dir='ltr'>qualem</span> <span class='ocrx_word' id='word_1_85' title='bbox 1587 1994 1604 2036; x_wconf 91' lang='lat' dir='ltr'>e</span> <span class='ocrx_word' id='word_1_86' title='bbox 1635 1971 1751 2058; x_wconf 80' lang='lat' dir='ltr'>Lysiae</span> <span class='ocrx_word' id='word_1_87' title='bbox 1774 1975 1880 2058; x_wconf 90' lang='lat' dir='ltr'>prima</span> 
     </span>
     <span class='ocr_line' id='line_1_12' title="bbox 689 2075 1879 2156; baseline -0.001 -14"><span class='ocrx_word' id='word_1_88' title='bbox 689 2080 829 2143; x_wconf 87' lang='lat' dir='ltr'>oratione</span> <span class='ocrx_word' id='word_1_89' title='bbox 860 2079 1026 2152; x_wconf 85' lang='lat' dir='ltr'>novimus,</span> <span class='ocrx_word' id='word_1_90' title='bbox 1060 2078 1152 2140; x_wconf 91' lang='lat' dir='ltr'>cuins</span> <span class='ocrx_word' id='word_1_91' title='bbox 1179 2075 1340 2141; x_wconf 87' lang='lat' dir='ltr'>conclavia</span> <span class='ocrx_word' id='word_1_92' title='bbox 1363 2078 1427 2142; x_wconf 88' lang='lat' dir='ltr'>duo</span> <span class='ocrx_word' id='word_1_93' title='bbox 1448 2078 1596 2143; x_wconf 89' lang='lat' dir='ltr'>inferiora</span> <span class='ocrx_word' id='word_1_94' title='bbox 1620 2080 1673 2152; x_wconf 68' lang='grc' dir='ltr'><strong><em>τὴν</em></strong></span> <span class='ocrx_word' id='word_1_95' title='bbox 1698 2077 1879 2156; x_wconf 71' lang='grc' dir='ltr'><strong><em>ἀνδρωνῖτιν,</em></strong></span> 
     </span>
     <span class='ocr_line' id='line_1_13' title="bbox 689 2182 1880 2269; baseline 0 -21"><span class='ocrx_word' id='word_1_96' title='bbox 689 2186 850 2269; x_wconf 87' lang='lat' dir='ltr'>superiora</span> <span class='ocrx_word' id='word_1_97' title='bbox 884 2185 939 2256; x_wconf 68' lang='lat' dir='ltr'>riv</span> <span class='ocrx_word' id='word_1_98' title='bbox 974 2189 1185 2259; x_wconf 73' lang='grc' dir='ltr'>γυναικωνῖτιν</span> <span class='ocrx_word' id='word_1_99' title='bbox 1219 2182 1393 2261; x_wconf 90' lang='lat' dir='ltr'>efficerent,</span> <span class='ocrx_word' id='word_1_100' title='bbox 1429 2182 1580 2249; x_wconf 88' lang='lat' dir='ltr'>credibile</span> <span class='ocrx_word' id='word_1_101' title='bbox 1615 2206 1678 2249; x_wconf 89' lang='lat' dir='ltr'>non</span> <span class='ocrx_word' id='word_1_102' title='bbox 1709 2186 1880 2250; x_wconf 83' lang='lat' dir='ltr'>videbatur</span> 
     </span>
     <span class='ocr_line' id='line_1_14' title="bbox 688 2287 1879 2376; baseline 0.001 -21"><span class='ocrx_word' id='word_1_103' title='bbox 688 2289 943 2355; x_wconf 82' lang='lat' dir='ltr'>Andromacham</span> <span class='ocrx_word' id='word_1_104' title='bbox 972 2288 1024 2354; x_wconf 83' lang='lat' dir='ltr'>vel</span> <span class='ocrx_word' id='word_1_105' title='bbox 1056 2287 1235 2374; x_wconf 88' lang='lat' dir='ltr'>Penelopen</span> <span class='ocrx_word' id='word_1_106' title='bbox 1266 2290 1345 2354; x_wconf 89' lang='lat' dir='ltr'>cibis</span> <span class='ocrx_word' id='word_1_107' title='bbox 1376 2289 1523 2375; x_wconf 89' lang='lat' dir='ltr'>parandis</span> <span class='ocrx_word' id='word_1_108' title='bbox 1552 2311 1679 2356; x_wconf 88' lang='lat' dir='ltr'>vacasse</span> <span class='ocrx_word' id='word_1_109' title='bbox 1703 2294 1879 2376; x_wconf 90' lang='lat' dir='ltr'>ceterisque</span> 
     </span>
     <span class='ocr_line' id='line_1_15' title="bbox 688 2394 1877 2483; baseline -0.001 -22"><span class='ocrx_word' id='word_1_110' title='bbox 688 2397 836 2483; x_wconf 90' lang='lat' dir='ltr'>operibns</span> <span class='ocrx_word' id='word_1_111' title='bbox 871 2394 1078 2460; x_wconf 88' lang='lat' dir='ltr'>muliebribus</span> <span class='ocrx_word' id='word_1_112' title='bbox 1113 2394 1287 2480; x_wconf 86' lang='lat' dir='ltr'>praefuisse</span> <span class='ocrx_word' id='word_1_113' title='bbox 1321 2398 1356 2459; x_wconf 92' lang='lat' dir='ltr'>in</span> <span class='ocrx_word' id='word_1_114' title='bbox 1391 2395 1503 2461; x_wconf 92' lang='lat' dir='ltr'>eodem</span> <span class='ocrx_word' id='word_1_115' title='bbox 1538 2394 1679 2461; x_wconf 88' lang='lat' dir='ltr'>conclavi</span> <span class='ocrx_word' id='word_1_116' title='bbox 1715 2397 1770 2461; x_wconf 90' lang='lat' dir='ltr'>ubi</span> <span class='ocrx_word' id='word_1_117' title='bbox 1802 2418 1877 2461; x_wconf 91' lang='lat' dir='ltr'>eum</span> 
     </span>
     <span class='ocr_line' id='line_1_16' title="bbox 687 2500 1877 2590; baseline 0 -23"><span class='ocrx_word' id='word_1_118' title='bbox 687 2504 884 2590; x_wconf 90' lang='lat' dir='ltr'>principibus</span> <span class='ocrx_word' id='word_1_119' title='bbox 914 2500 1103 2567; x_wconf 88' lang='lat' dir='ltr'>deliberaret</span> <span class='ocrx_word' id='word_1_120' title='bbox 1134 2503 1267 2579; x_wconf 83' lang='lat' dir='ltr'>coniux,</span> <span class='ocrx_word' id='word_1_121' title='bbox 1299 2523 1375 2566; x_wconf 83' lang='lat' dir='ltr'>mox</span> <span class='ocrx_word' id='word_1_122' title='bbox 1402 2504 1437 2565; x_wconf 94' lang='lat' dir='ltr'>in</span> <span class='ocrx_word' id='word_1_123' title='bbox 1469 2522 1579 2567; x_wconf 89' lang='lat' dir='ltr'>cenam</span> <span class='ocrx_word' id='word_1_124' title='bbox 1611 2523 1663 2567; x_wconf 91' lang='lat' dir='ltr'>eos</span> <span class='ocrx_word' id='word_1_125' title='bbox 1695 2508 1877 2567; x_wconf 85' lang='lat' dir='ltr'>vocaturus.</span> 
     </span>
     <span class='ocr_line' id='line_1_17' title="bbox 687 2609 1876 2695; baseline -0.003 -20"><span class='ocrx_word' id='word_1_126' title='bbox 687 2609 776 2675; x_wconf 77' lang='lat' dir='ltr'>&#39;lunc</span> <span class='ocrx_word' id='word_1_127' title='bbox 792 2612 894 2695; x_wconf 83' lang='lat' dir='ltr'>igitur</span> <span class='ocrx_word' id='word_1_128' title='bbox 912 2614 987 2673; x_wconf 90' lang='lat' dir='ltr'>nata</span> <span class='ocrx_word' id='word_1_129' title='bbox 1006 2615 1054 2673; x_wconf 91' lang='lat' dir='ltr'>est</span> <span class='ocrx_word' id='word_1_130' title='bbox 1073 2609 1195 2693; x_wconf 90' lang='lat' dir='ltr'>opinio,</span> <span class='ocrx_word' id='word_1_131' title='bbox 1217 2628 1297 2692; x_wconf 89' lang='lat' dir='ltr'>quae</span> <span class='ocrx_word' id='word_1_132' title='bbox 1316 2610 1499 2673; x_wconf 86' lang='lat' dir='ltr'>recentioris</span> <span class='ocrx_word' id='word_1_133' title='bbox 1517 2610 1589 2673; x_wconf 87' lang='lat' dir='ltr'>aevi</span> <span class='ocrx_word' id='word_1_134' title='bbox 1609 2610 1752 2673; x_wconf 88' lang='lat' dir='ltr'>moribus</span> <span class='ocrx_word' id='word_1_135' title='bbox 1771 2609 1876 2673; x_wconf 89' lang='lat' dir='ltr'>multo</span> 
     </span>
     <span class='ocr_line' id='line_1_18' title="bbox 688 2713 1878 2802; baseline -0.003 -20"><span class='ocrx_word' id='word_1_136' title='bbox 688 2720 793 2802; x_wconf 76' lang='lat' dir='ltr'>magis</span> <span class='ocrx_word' id='word_1_137' title='bbox 823 2721 891 2781; x_wconf 89' lang='lat' dir='ltr'>erat</span> <span class='ocrx_word' id='word_1_138' title='bbox 921 2721 1145 2792; x_wconf 88' lang='lat' dir='ltr'>consentanea,</span> <span class='ocrx_word' id='word_1_139' title='bbox 1179 2722 1339 2779; x_wconf 89' lang='lat' dir='ltr'>matronas</span> <span class='ocrx_word' id='word_1_140' title='bbox 1371 2715 1558 2780; x_wconf 84' lang='lat' dir='ltr'>Homericae</span> <span class='ocrx_word' id='word_1_141' title='bbox 1581 2736 1655 2779; x_wconf 88' lang='lat' dir='ltr'>cnm</span> <span class='ocrx_word' id='word_1_142' title='bbox 1678 2713 1786 2779; x_wconf 88' lang='lat' dir='ltr'>liberis</span> <span class='ocrx_word' id='word_1_143' title='bbox 1810 2717 1878 2778; x_wconf 90' lang='lat' dir='ltr'>suis</span> 
     </span>
     <span class='ocr_line' id='line_1_19' title="bbox 688 2819 1878 2906; baseline -0.003 -18"><span class='ocrx_word' id='word_1_144' title='bbox 688 2829 721 2890; x_wconf 88' lang='lat' dir='ltr'>et</span> <span class='ocrx_word' id='word_1_145' title='bbox 750 2821 881 2887; x_wconf 89' lang='lat' dir='ltr'>famulis</span> <span class='ocrx_word' id='word_1_146' title='bbox 911 2824 946 2886; x_wconf 92' lang='lat' dir='ltr'>in</span> <span class='ocrx_word' id='word_1_147' title='bbox 977 2820 1106 2897; x_wconf 83' lang='lat' dir='ltr'>aedium</span> <span class='ocrx_word' id='word_1_148' title='bbox 1137 2819 1243 2905; x_wconf 88' lang='lat' dir='ltr'>aliquo</span> <span class='ocrx_word' id='word_1_149' title='bbox 1274 2842 1399 2886; x_wconf 88' lang='lat' dir='ltr'>recessu</span> <span class='ocrx_word' id='word_1_150' title='bbox 1429 2819 1593 2886; x_wconf 87' lang='lat' dir='ltr'>latitantes</span> <span class='ocrx_word' id='word_1_151' title='bbox 1621 2819 1732 2906; x_wconf 88' lang='lat' dir='ltr'>procul</span> <span class='ocrx_word' id='word_1_152' title='bbox 1756 2842 1774 2886; x_wconf 91' lang='lat' dir='ltr'>a</span> <span class='ocrx_word' id='word_1_153' title='bbox 1797 2823 1878 2885; x_wconf 87' lang='lat' dir='ltr'>viris</span> 
     </span>
     <span class='ocr_line' id='line_1_20' title="bbox 687 2930 1015 3014; baseline -0.015 -18"><span class='ocrx_word' id='word_1_154' title='bbox 687 2933 791 2996; x_wconf 80' lang='lat' dir='ltr'>vitam</span> <span class='ocrx_word' id='word_1_155' title='bbox 815 2930 1015 3014; x_wconf 84' lang='lat' dir='ltr'>transegisse.</span> 
     </span>
    </p>

    <p class='ocr_par' dir='ltr' id='par_1_3' title="bbox 684 3032 1876 3951">
     <span class='ocr_line' id='line_1_21' title="bbox 732 3032 1876 3122; baseline -0.004 -20"><span class='ocrx_word' id='word_1_156' title='bbox 732 3035 843 3122; x_wconf 85' lang='lat' dir='ltr'>Itaque</span> <span class='ocrx_word' id='word_1_157' title='bbox 873 3035 975 3100; x_wconf 89' lang='lat' dir='ltr'>sicubi</span> <span class='ocrx_word' id='word_1_158' title='bbox 998 3035 1102 3120; x_wconf 85' lang='lat' dir='ltr'>prisca</span> <span class='ocrx_word' id='word_1_159' title='bbox 1125 3035 1267 3099; x_wconf 89' lang='lat' dir='ltr'>carmina</span> <span class='ocrx_word' id='word_1_160' title='bbox 1291 3033 1589 3099; x_wconf 90' lang='lat' dir='ltr'>matremfamilias</span> <span class='ocrx_word' id='word_1_161' title='bbox 1613 3032 1820 3099; x_wconf 87' lang='lat' dir='ltr'>ostendebant</span> <span class='ocrx_word' id='word_1_162' title='bbox 1845 3035 1876 3098; x_wconf 77' lang='grc' dir='ltr'><strong><em>ἐν</em></strong></span> 
     </span>
     <span class='ocr_line' id='line_1_22' title="bbox 687 3139 1875 3225; baseline -0.004 -17"><span class='ocrx_word' id='word_1_163' title='bbox 687 3146 729 3224; x_wconf 75' lang='grc' dir='ltr'>τῷ</span> <span class='ocrx_word' id='word_1_164' title='bbox 749 3141 876 3223; x_wconf 72' lang='grc' dir='ltr'><strong><em>μεγάρῳ</em></strong></span> <span class='ocrx_word' id='word_1_165' title='bbox 896 3141 997 3207; x_wconf 90' lang='lat' dir='ltr'>officia</span> <span class='ocrx_word' id='word_1_166' title='bbox 1017 3143 1101 3206; x_wconf 88' lang='lat' dir='ltr'>vitae</span> <span class='ocrx_word' id='word_1_167' title='bbox 1121 3139 1323 3225; x_wconf 88' lang='lat' dir='ltr'>quotidianae</span> <span class='ocrx_word' id='word_1_168' title='bbox 1342 3142 1530 3219; x_wconf 83' lang='lat' dir='ltr'>obeuntem,</span> <span class='ocrx_word' id='word_1_169' title='bbox 1551 3141 1581 3204; x_wconf 75' lang='grc' dir='ltr'><strong><em>ἐν</em></strong></span> <span class='ocrx_word' id='word_1_170' title='bbox 1598 3150 1636 3221; x_wconf 72' lang='grc' dir='ltr'>τῇ</span> <span class='ocrx_word' id='word_1_171' title='bbox 1649 3139 1875 3217; x_wconf 72' lang='grc' dir='ltr'><strong><em>γυναικωνίτιδι</em></strong></span> 
     </span>
     <span class='ocr_line' id='line_1_23' title="bbox 685 3247 1875 3332; baseline -0.005 -16"><span class='ocrx_word' id='word_1_172' title='bbox 685 3270 756 3316; x_wconf 91' lang='lat' dir='ltr'>eam</span> <span class='ocrx_word' id='word_1_173' title='bbox 788 3250 908 3314; x_wconf 84' lang='lat' dir='ltr'>versari</span> <span class='ocrx_word' id='word_1_174' title='bbox 938 3248 1093 3332; x_wconf 86' lang='lat' dir='ltr'>putabant</span> <span class='ocrx_word' id='word_1_175' title='bbox 1123 3254 1267 3312; x_wconf 90' lang='lat' dir='ltr'>cantores</span> <span class='ocrx_word' id='word_1_176' title='bbox 1299 3250 1487 3311; x_wconf 90' lang='lat' dir='ltr'>recentiores</span> <span class='ocrx_word' id='word_1_177' title='bbox 1519 3254 1551 3312; x_wconf 89' lang='lat' dir='ltr'>et</span> <span class='ocrx_word' id='word_1_178' title='bbox 1581 3248 1725 3311; x_wconf 89' lang='lat' dir='ltr'>homines</span> <span class='ocrx_word' id='word_1_179' title='bbox 1756 3247 1875 3331; x_wconf 90' lang='lat' dir='ltr'>quibus</span> 
     </span>
     <span class='ocr_line' id='line_1_24' title="bbox 684 3353 1872 3438; baseline -0.003 -17"><span class='ocrx_word' id='word_1_180' title='bbox 684 3355 734 3421; x_wconf 88' lang='lat' dir='ltr'>illi</span> <span class='ocrx_word' id='word_1_181' title='bbox 757 3356 926 3431; x_wconf 86' lang='lat' dir='ltr'>canebant,</span> <span class='ocrx_word' id='word_1_182' title='bbox 951 3362 983 3418; x_wconf 90' lang='lat' dir='ltr'>et</span> <span class='ocrx_word' id='word_1_183' title='bbox 1005 3357 1050 3418; x_wconf 92' lang='lat' dir='ltr'>sic</span> <span class='ocrx_word' id='word_1_184' title='bbox 1072 3360 1184 3438; x_wconf 89' lang='lat' dir='ltr'>sponte</span> <span class='ocrx_word' id='word_1_185' title='bbox 1203 3374 1260 3418; x_wconf 91' lang='lat' dir='ltr'>sna</span> <span class='ocrx_word' id='word_1_186' title='bbox 1279 3374 1316 3418; x_wconf 92' lang='lat' dir='ltr'>eo</span> <span class='ocrx_word' id='word_1_187' title='bbox 1336 3353 1570 3418; x_wconf 88' lang='lat' dir='ltr'>deducebantur</span> <span class='ocrx_word' id='word_1_188' title='bbox 1589 3360 1626 3418; x_wconf 89' lang='lat' dir='ltr'>ut</span> <span class='ocrx_word' id='word_1_189' title='bbox 1647 3375 1724 3419; x_wconf 83' lang='lat' dir='ltr'>voce</span> <span class='ocrx_word' id='word_1_190' title='bbox 1743 3355 1872 3434; x_wconf 78' lang='grc' dir='ltr'><strong><em>μεγάρῳ</em></strong></span> 
     </span>
     <span class='ocr_line' id='line_1_25' title="bbox 685 3460 1873 3545; baseline -0.001 -19"><span class='ocrx_word' id='word_1_191' title='bbox 685 3462 822 3526; x_wconf 72' lang='lat' dir='ltr'>comiaco</span> <span class='ocrx_word' id='word_1_192' title='bbox 851 3464 884 3525; x_wconf 88' lang='lat' dir='ltr'>in</span> <span class='ocrx_word' id='word_1_193' title='bbox 909 3462 1098 3525; x_wconf 89' lang='lat' dir='ltr'>universum</span> <span class='ocrx_word' id='word_1_194' title='bbox 1121 3460 1294 3545; x_wconf 77' lang='lat' dir='ltr'>significari</span> <span class='ocrx_word' id='word_1_195' title='bbox 1318 3460 1558 3536; x_wconf 86' lang='lat' dir='ltr'>arbitrarentur,</span> <span class='ocrx_word' id='word_1_196' title='bbox 1582 3481 1643 3524; x_wconf 94' lang='lat' dir='ltr'>non</span> <span class='ocrx_word' id='word_1_197' title='bbox 1666 3464 1744 3525; x_wconf 92' lang='lat' dir='ltr'>certi</span> <span class='ocrx_word' id='word_1_198' title='bbox 1769 3463 1873 3525; x_wconf 92' lang='lat' dir='ltr'>cuius-</span> 
     </span>
     <span class='ocr_line' id='line_1_26' title="bbox 686 3565 1873 3652; baseline -0.002 -19"><span class='ocrx_word' id='word_1_199' title='bbox 686 3568 762 3633; x_wconf 91' lang='lat' dir='ltr'>dam</span> <span class='ocrx_word' id='word_1_200' title='bbox 784 3566 942 3632; x_wconf 90' lang='lat' dir='ltr'>conelavis</span> <span class='ocrx_word' id='word_1_201' title='bbox 965 3587 1032 3631; x_wconf 92' lang='lat' dir='ltr'>esse</span> <span class='ocrx_word' id='word_1_202' title='bbox 1055 3587 1168 3631; x_wconf 91' lang='lat' dir='ltr'>nomen</span> <span class='ocrx_word' id='word_1_203' title='bbox 1189 3568 1363 3651; x_wconf 88' lang='lat' dir='ltr'>proprium.</span> <span class='ocrx_word' id='word_1_204' title='bbox 1389 3565 1511 3630; x_wconf 80' lang='lat' dir='ltr'>Exinde</span> <span class='ocrx_word' id='word_1_205' title='bbox 1529 3568 1633 3652; x_wconf 80' lang='lat' dir='ltr'>igitur</span> <span class='ocrx_word' id='word_1_206' title='bbox 1651 3569 1684 3630; x_wconf 92' lang='lat' dir='ltr'>in</span> <span class='ocrx_word' id='word_1_207' title='bbox 1703 3566 1873 3631; x_wconf 89' lang='lat' dir='ltr'>hominum</span> 
     </span>
     <span class='ocr_line' id='line_1_27' title="bbox 685 3671 1871 3756; baseline -0.002 -18"><span class='ocrx_word' id='word_1_208' title='bbox 685 3677 792 3739; x_wconf 89' lang='lat' dir='ltr'>mente</span> <span class='ocrx_word' id='word_1_209' title='bbox 824 3674 905 3737; x_wconf 81' lang='lat' dir='ltr'>vixit</span> <span class='ocrx_word' id='word_1_210' title='bbox 933 3678 1085 3748; x_wconf 79' lang='grc' dir='ltr'><strong><em>γυνιιικῶν</em></strong></span> <span class='ocrx_word' id='word_1_211' title='bbox 1114 3672 1249 3751; x_wconf 84' lang='grc' dir='ltr'><strong><em>μέγιιριν</em></strong></span> <span class='ocrx_word' id='word_1_212' title='bbox 1282 3673 1386 3735; x_wconf 92' lang='lat' dir='ltr'>nescio</span> <span class='ocrx_word' id='word_1_213' title='bbox 1411 3671 1495 3756; x_wconf 93' lang='lat' dir='ltr'>quod</span> <span class='ocrx_word' id='word_1_214' title='bbox 1518 3693 1536 3736; x_wconf 93' lang='lat' dir='ltr'>a</span> <span class='ocrx_word' id='word_1_215' title='bbox 1559 3671 1702 3736; x_wconf 82' lang='lat' dir='ltr'>conclavi</span> <span class='ocrx_word' id='word_1_216' title='bbox 1727 3674 1871 3736; x_wconf 85' lang='lat' dir='ltr'>virorum</span> 
     </span>
     <span class='ocr_line' id='line_1_28' title="bbox 686 3775 1872 3864; baseline -0.002 -20"><span class='ocrx_word' id='word_1_217' title='bbox 686 3780 867 3855; x_wconf 84' lang='lat' dir='ltr'>diversum,</span> <span class='ocrx_word' id='word_1_218' title='bbox 891 3777 985 3862; x_wconf 92' lang='lat' dir='ltr'>idque</span> <span class='ocrx_word' id='word_1_219' title='bbox 1008 3780 1106 3843; x_wconf 89' lang='lat' dir='ltr'>etiam</span> <span class='ocrx_word' id='word_1_220' title='bbox 1130 3777 1223 3843; x_wconf 90' lang='lat' dir='ltr'>hodie</span> <span class='ocrx_word' id='word_1_221' title='bbox 1246 3780 1280 3841; x_wconf 91' lang='lat' dir='ltr'>in</span> <span class='ocrx_word' id='word_1_222' title='bbox 1301 3775 1430 3842; x_wconf 87' lang='lat' dir='ltr'>aedium</span> <span class='ocrx_word' id='word_1_223' title='bbox 1449 3777 1693 3842; x_wconf 88' lang='lat' dir='ltr'>Homericorum</span> <span class='ocrx_word' id='word_1_224' title='bbox 1714 3777 1872 3864; x_wconf 83' lang='lat' dir='ltr'>diagram-</span> 
     </span>
     <span class='ocr_line' id='line_1_29' title="bbox 686 3883 1050 3951; baseline -0.008 0"><span class='ocrx_word' id='word_1_225' title='bbox 686 3886 782 3951; x_wconf 89' lang='lat' dir='ltr'>matis</span> <span class='ocrx_word' id='word_1_226' title='bbox 805 3883 885 3949; x_wconf 90' lang='lat' dir='ltr'>solet</span> <span class='ocrx_word' id='word_1_227' title='bbox 907 3883 1050 3948; x_wconf 89' lang='lat' dir='ltr'>indicari.</span> 
     </span>
    </p>
   </div>
   <div class='ocr_carea' id='block_1_3' title="bbox 683 3988 1872 4714">
    <p class='ocr_par' dir='ltr' id='par_1_4' title="bbox 683 3988 1872 4714">
     <span class='ocr_line' id='line_1_30' title="bbox 731 3988 1869 4077; baseline -0.001 -20"><span class='ocrx_word' id='word_1_228' title='bbox 731 3988 831 4057; x_wconf 85' lang='lat' dir='ltr'>Cuius</span> <span class='ocrx_word' id='word_1_229' title='bbox 871 3992 986 4055; x_wconf 90' lang='lat' dir='ltr'>erroris</span> <span class='ocrx_word' id='word_1_230' title='bbox 1028 3989 1191 4055; x_wconf 87' lang='lat' dir='ltr'>luculenta</span> <span class='ocrx_word' id='word_1_231' title='bbox 1225 3988 1380 4074; x_wconf 89' lang='lat' dir='ltr'>quaedam</span> <span class='ocrx_word' id='word_1_232' title='bbox 1415 3988 1555 4076; x_wconf 85' lang='lat' dir='ltr'>Odyssea</span> <span class='ocrx_word' id='word_1_233' title='bbox 1591 3990 1686 4056; x_wconf 88' lang='lat' dir='ltr'>habet</span> <span class='ocrx_word' id='word_1_234' title='bbox 1721 3993 1869 4077; x_wconf 78' lang='lat' dir='ltr'>vestigia.</span> 
     </span>
     <span class='ocr_line' id='line_1_31' title="bbox 684 4094 1608 4161; baseline -0.002 0"><span class='ocrx_word' id='word_1_235' title='bbox 684 4096 863 4161; x_wconf 82' lang='lat' dir='ltr'>Audiamus</span> <span class='ocrx_word' id='word_1_236' title='bbox 888 4096 983 4160; x_wconf 89' lang='lat' dir='ltr'>verba</span> <span class='ocrx_word' id='word_1_237' title='bbox 1005 4095 1147 4161; x_wconf 88' lang='lat' dir='ltr'>Helenae</span> <span class='ocrx_word' id='word_1_238' title='bbox 1170 4094 1360 4160; x_wconf 76' lang='lat' dir='ltr'>Telemacho</span> <span class='ocrx_word' id='word_1_239' title='bbox 1385 4094 1608 4161; x_wconf 83' lang='lat' dir='ltr'>valedicentis:</span> 
     </span>
     <span class='ocr_line' id='line_1_32' title="bbox 820 4201 1666 4281; baseline -0.001 -15"><span class='ocrx_word' id='word_1_240' title='bbox 820 4201 907 4281; x_wconf 74' lang='grc' dir='ltr'><strong><em>δῶρόν</em></strong></span> <span class='ocrx_word' id='word_1_241' title='bbox 931 4225 975 4266; x_wconf 82' lang='grc' dir='ltr'>τοι</span> <span class='ocrx_word' id='word_1_242' title='bbox 1000 4203 1052 4266; x_wconf 74' lang='grc' dir='ltr'>καὶ</span> <span class='ocrx_word' id='word_1_243' title='bbox 1077 4202 1155 4279; x_wconf 75' lang='grc' dir='ltr'><strong><em>ἐγώ,</em></strong></span> <span class='ocrx_word' id='word_1_244' title='bbox 1182 4201 1283 4266; x_wconf 66' lang='grc' dir='ltr'><strong><em>τέκνων</em></strong></span> <span class='ocrx_word' id='word_1_245' title='bbox 1309 4204 1402 4279; x_wconf 72' lang='grc' dir='ltr'><strong><em>Φίλε,</em></strong></span> <span class='ocrx_word' id='word_1_246' title='bbox 1427 4206 1515 4266; x_wconf 79' lang='grc' dir='ltr'><strong><em>τοῦτο</em></strong></span> <span class='ocrx_word' id='word_1_247' title='bbox 1540 4201 1666 4281; x_wconf 73' lang='grc' dir='ltr'><strong><em>δίδωμι,</em></strong></span> 
     </span>
     <span class='ocr_line' id='line_1_33' title="bbox 819 4305 1716 4388; baseline 0 -18"><span class='ocrx_word' id='word_1_248' title='bbox 819 4310 917 4385; x_wconf 77' lang='grc' dir='ltr'><strong><em>μνῆμ’</em></strong></span> <span class='ocrx_word' id='word_1_249' title='bbox 939 4307 1065 4381; x_wconf 76' lang='grc' dir='ltr'><strong><em>Ἑλένης</em></strong></span> <span class='ocrx_word' id='word_1_250' title='bbox 1089 4314 1207 4388; x_wconf 82' lang='grc' dir='ltr'><strong><em>χειρῶν,</em></strong></span> <span class='ocrx_word' id='word_1_251' title='bbox 1232 4307 1423 4385; x_wconf 62' lang='grc' dir='ltr'><strong><em>πολυηράτου</em></strong></span> <span class='ocrx_word' id='word_1_252' title='bbox 1447 4309 1491 4379; x_wconf 74' lang='grc' dir='ltr'>εἷς</span> <span class='ocrx_word' id='word_1_253' title='bbox 1515 4308 1620 4384; x_wconf 77' lang='grc' dir='ltr'><strong><em>γιὲμυυ</em></strong></span> <span class='ocrx_word' id='word_1_254' title='bbox 1645 4305 1716 4387; x_wconf 72' lang='grc' dir='ltr'><strong><em>ὥρην</em></strong></span> 
     </span>
     <span class='ocr_line' id='line_1_34' title="bbox 819 4413 1632 4496; baseline 0 -18"><span class='ocrx_word' id='word_1_255' title='bbox 819 4423 857 4496; x_wconf 70' lang='grc' dir='ltr'>τῇ</span> <span class='ocrx_word' id='word_1_256' title='bbox 882 4414 992 4493; x_wconf 70' lang='grc' dir='ltr'><strong><em>ἀλόχῳ</em></strong></span> <span class='ocrx_word' id='word_1_257' title='bbox 1015 4415 1149 4494; x_wconf 79' lang='grc' dir='ltr'><strong><em>Φυρέειι·</em></strong></span> <span class='ocrx_word' id='word_1_258' title='bbox 1175 4422 1244 4488; x_wconf 79' lang='grc' dir='ltr'><strong><em>τῆος</em></strong></span> <span class='ocrx_word' id='word_1_259' title='bbox 1271 4413 1304 4478; x_wconf 72' lang='grc' dir='ltr'>δὲ</span> <span class='ocrx_word' id='word_1_260' title='bbox 1328 4416 1407 4495; x_wconf 71' lang='grc' dir='ltr'>Φίλρ</span> <span class='ocrx_word' id='word_1_261' title='bbox 1431 4414 1516 4492; x_wconf 68' lang='grc' dir='ltr'>παρὰ</span> <span class='ocrx_word' id='word_1_262' title='bbox 1541 4415 1632 4490; x_wconf 73' lang='grc' dir='ltr'><strong><em>μητρὶ</em></strong></span> 
     </span>
     <span class='ocr_line' id='line_1_35' title="bbox 819 4520 1194 4599; baseline 0 -16"><span class='ocrx_word' id='word_1_263' title='bbox 819 4520 925 4584; x_wconf 72' lang='grc' dir='ltr'><strong><em>κείσθω</em></strong></span> <span class='ocrx_word' id='word_1_264' title='bbox 951 4521 990 4583; x_wconf 77' lang='grc' dir='ltr'><strong><em>ε’νὶ</em></strong></span> <span class='ocrx_word' id='word_1_265' title='bbox 1015 4522 1144 4599; x_wconf 73' lang='grc' dir='ltr'><strong><em>μεγάρῳ</em></strong></span> <span class='ocrx_word' id='word_1_266' title='bbox 1160 4520 1194 4599; x_wconf 86' lang='lat'>¹),</span> 
     </span>
     <span class='ocr_line' id='line_1_36' title="bbox 683 4625 1872 4714; baseline 0.003 -23"><span class='ocrx_word' id='word_1_267' title='bbox 683 4649 746 4714; x_wconf 92' lang='lat' dir='ltr'>quo</span> <span class='ocrx_word' id='word_1_268' title='bbox 767 4626 837 4692; x_wconf 90' lang='lat' dir='ltr'>loco</span> <span class='ocrx_word' id='word_1_269' title='bbox 857 4648 920 4691; x_wconf 89' lang='lat' dir='ltr'>non</span> <span class='ocrx_word' id='word_1_270' title='bbox 939 4628 1047 4691; x_wconf 91' lang='lat' dir='ltr'>minus</span> <span class='ocrx_word' id='word_1_271' title='bbox 1066 4647 1162 4712; x_wconf 88' lang='lat' dir='ltr'>quam</span> <span class='ocrx_word' id='word_1_272' title='bbox 1181 4626 1253 4691; x_wconf 91' lang='lat' dir='ltr'>duri</span> <span class='ocrx_word' id='word_1_273' title='bbox 1272 4647 1384 4691; x_wconf 83' lang='lat' dir='ltr'>versus</span> <span class='ocrx_word' id='word_1_274' title='bbox 1405 4629 1530 4690; x_wconf 89' lang='lat' dir='ltr'>numeri</span> <span class='ocrx_word' id='word_1_275' title='bbox 1543 4627 1569 4706; x_wconf 76' lang='grc'>2)</span> <span class='ocrx_word' id='word_1_276' title='bbox 1590 4625 1736 4711; x_wconf 90' lang='lat' dir='ltr'>displicet</span> <span class='ocrx_word' id='word_1_277' title='bbox 1750 4633 1872 4695; x_wconf 90' lang='lat' dir='ltr'>mentio</span> 
     </span>
    </p>
   </div>
   <div class='ocr_carea' id='block_1_4' title="bbox 688 4793 882 4802">
    <p class='ocr_par' dir='ltr' id='par_1_5' title="bbox 688 4793 882 4802">
     <span class='ocr_line' id='line_1_37' title="bbox 688 4793 882 4802; baseline -0.01 0"><span class='ocrx_word' id='word_1_278' title='bbox 688 4793 882 4802; x_wconf 79' lang='lat'><strong>—-——</strong></span> 
     </span>
    </p>
   </div>
   <div class='ocr_carea' id='block_1_5' title="bbox 717 4902 951 5045">
    <p class='ocr_par' dir='ltr' id='par_1_6' title="bbox 717 4902 951 5045">
     <span class='ocr_line' id='line_1_38' title="bbox 719 4902 909 4965; baseline 0.005 -17"><span class='ocrx_word' id='word_1_279' title='bbox 719 4903 744 4963; x_wconf 93' lang='lat' dir='ltr'>l)</span> <span class='ocrx_word' id='word_1_280' title='bbox 762 4916 774 4948; x_wconf 85' lang='grc' dir='ltr'><strong><em>υ</em></strong></span> <span class='ocrx_word' id='word_1_281' title='bbox 794 4902 840 4949; x_wconf 80' lang='lat' dir='ltr'>lau</span> <span class='ocrx_word' id='word_1_282' title='bbox 858 4917 909 4965; x_wconf 76' lang='lat' dir='ltr'>sqq.</span> 
     </span>
     <span class='ocr_line' id='line_1_39' title="bbox 717 4979 951 5045; baseline -0.004 -13"><span class='ocrx_word' id='word_1_283' title='bbox 717 4983 744 5043; x_wconf 77' lang='lat'>2)</span> <span class='ocrx_word' id='word_1_284' title='bbox 761 4984 820 5039; x_wconf 71' lang='grc' dir='ltr'>τῆος</span> <span class='ocrx_word' id='word_1_285' title='bbox 838 4979 865 5031; x_wconf 77' lang='lat' dir='ltr'>dl</span> <span class='ocrx_word' id='word_1_286' title='bbox 882 4982 951 5045; x_wconf 65' lang='lat' dir='ltr'>olas.</span> 
     </span>
    </p>
   </div>
   <div class='ocr_carea' id='block_1_6' title="bbox 0 0 2568 6150">
    <p class='ocr_par' dir='ltr' id='par_1_7' title="bbox 0 0 2568 6150">
     <span class='ocr_line' id='line_1_40' title="bbox 0 0 2568 6150; baseline 0 3"><span class='ocrx_word' id='word_1_287' title='bbox 0 0 2568 6150; x_wconf 95' lang='lat' dir='ltr'> </span> 
     </span>
    </p>
   </div>
  </div>
 </body>
</html>
