5125 6150
1140 845 1259 894 ursus.
1722 831 1787 900 427

599 1021 640 1077 nt
673 1011 841 1076 censebant
864 1010 942 1075 olim
964 1010 1098 1088 eruditi,
1124 1032 1206 1075 nunc
1230 1013 1307 1075 satis
1330 1016 1469 1090 constet,
1494 1033 1608 1100 eosque
1632 1015 1790 1081 fuissent

564 1157 569 1165 -
600 1117 785 1203 plurimum
809 1138 911 1203 genus
933 1118 1100 1181 hommum
1120 1123 1157 1181 ut
1177 1117 1344 1203 stupidum
1364 1120 1411 1183 ita
1430 1124 1588 1204 spectatae
1600 1119 1788 1207 plerumque

599 1225 677 1290 fidei
696 1223 832 1290 libenter
852 1227 1064 1311 agnoscimus.
1089 1223 1352 1310 Interpolationes
1376 1227 1567 1311 scriptorum
1586 1226 1788 1294 classicorum

601 1335 660 1418 qni
691 1331 842 1396 dicuntur
872 1329 1039 1416 pleraeque
1063 1334 1175 1416 quinto
1199 1338 1328 1396 sextove
1351 1338 1423 1416 post
1445 1328 1520 1397 Ghr.
1546 1332 1670 1399 saeculo
1693 1333 1789 1422 longe

600 1444 680 1502 sunt
715 1440 918 1522 antiquiores.
953 1436 1023 1501 Non
1058 1437 1151 1502 aliter
1186 1458 1253 1501 rem
1286 1459 1319 1502 se
1349 1437 1463 1502 habere
1494 1441 1527 1502 in
1558 1438 1656 1525 Lysia
1686 1462 1788 1506 unum

601 1542 788 1629 exemplum
808 1543 962 1608 ostendet.
983 1540 1035 1606 Or.
1055 1543 1070 1608 I
1089 1540 1157 1626 §72
1179 1564 1260 1608 uxor
1278 1563 1349 1608 mea
1363 1581 1403 1596 -
1417 1542 1609 1629 Euphiletus
1625 1548 1732 1633 inquit
1744 1586 1785 1597 -

601 1652 631 1715 ἓν
650 1688 732 1698 --
747 1652 790 1729 τῷ
803 1652 907 1731 πρώτῳ
930 1648 1025 1730 χρόνῳ
1044 1686 1073 1696 -
1090 1687 1120 1697 -
1140 1655 1245 1714 πασῶν
1271 1646 1303 1722 ιίν
1326 1649 1497 1726 βελτίστη·
1523 1652 1574 1737 καί
1598 1653 1661 1733 χιδρ
1683 1654 1788 1721 οἰκονό-

603 1782 658 1834 μος
680 1758 759 1829 δεινίι
780 1756 831 1821 καί
852 1756 1000 1836 φειδωλός
1022 1757 1127 1834 cipalis
1149 1756 1200 1819 καί
1221 1756 1353 1836 οἰκριβιῦς
1374 1758 1479 1821 τιίντα
1499 1757 1658 1824 διοικοῦσα.
1683 1760 1733 1826 Ita
1748 1762 1785 1828 X.

602 1863 739 1949 Expulit
757 1862 862 1940 οἰγαόη
881 1869 919 1927 ut
937 1862 1097 1949 glossema
1116 1863 1372 1948 praecedentium
1392 1862 1571 1942 Dobraeus;
1593 1865 1658 1930 fieri
1673 1874 1787 1951 potest,

601 1970 687 2056 quod
715 1976 819 2034 censet
845 1969 1094 2046 Herwerdenus,
1118 1975 1156 2034 ut
1179 1971 1286 2054 potius
1311 1969 1460 2046 „fluxerit
1483 1991 1499 2034 e
1523 1992 1569 2035 vs.
1593 1972 1789 2060 Phocylideo

601 2077 640 2140 fr.
676 2073 739 2152 l,7
772 2078 885 2154 (immo
916 2076 955 2139 fr.
987 2074 1105 2151 3,7B:
1136 2073 1152 2147 ἣ
1185 2075 1216 2139 δί
1240 2076 1409 2155 μελίσσης,
1430 2077 1436 2162 Ι
1457 2075 1605 2155 οἰκονόμος
1630 2083 1658 2143 τ’
1682 2081 1787 2158 dyadis

600 2183 654 2245 καί
687 2182 856 2246 ἰπίστοιται
889 2177 1097 2263 ἐργάζεσθαι.)
1127 2181 1287 2247 electore
1311 2185 1462 2268 quopiam
1487 2171 1597 2249 notato
1621 2187 1651 2249 in
1676 2187 1785 2273 mg.'';

600 2287 654 2353 vel
685 2290 802 2365 etiam,
834 2295 870 2352 ut
902 2290 1121 2353 vetustissima
1151 2291 1194 2352 sit
1225 2290 1314 2353 varia
1343 2288 1439 2354 lectio
1469 2311 1507 2354 ex
1540 2291 1598 2356 hoc
1624 2293 1695 2376 ipso
1718 2292 1788 2359 loco

602 2393 801 2481 Phocylideo
832 2402 917 2472 orta;
950 2394 1003 2459 sed
1036 2400 1110 2458 utut
1141 2393 1200 2458 hcc
1231 2402 1295 2471 est,
1328 2402 1411 2460 reete
1442 2396 1571 2461 videtur
1593 2401 1788 2483 praecepisse

603 2501 768 2567 Dobraeus
791 2507 824 2566 et
846 2501 968 2565 adsensi
992 2509 1066 2564 sunt
1087 2508 1212 2585 praeter
1235 2499 1417 2565 Beklrerum
1441 2501 1576 2567 editores
1599 2508 1786 2571 recentiores

603 2629 724 2674 omnes.
756 2606 792 2672 In
823 2607 1016 2671 Hartmanni
1044 2606 1182 2671 editione
1206 2609 1310 2684 οἰναόίι
1334 2629 1373 2672 ne
1395 2610 1551 2694 scriptum
1575 2610 1703 2695 quidem
1727 2619 1785 2678 est.

601 2714 699 2802 tegit
722 2721 846 2789 tamen,
870 2711 1082 2777 Herwerdeno
1105 2718 1272 2788 monente,
1297 2714 1329 2776 in
1350 2734 1407 2777 suo
1425 2713 1599 2799 exemplari
1619 2713 1787 2782 Choricius

600 2821 746 2889 Gnaeus
778 2820 953 2886 Iustiniano
983 2819 1125 2905 aequalis
1155 2825 1188 2883 et
1210 2822 1243 2883 in
1268 2841 1336 2884 rem
1359 2841 1448 2885 suam
1473 2825 1633 2886 convertit
1654 2825 1689 2887 in
1712 2824 1787 2909 Elpi-

599 2928 712 3013 taphio
743 2926 864 2991 Mariae
890 2926 1046 2991 Marciani
1071 2928 1210 3011 episcopi
1235 2928 1365 2990 matris:
1392 2927 1568 3004 λέγεται-
1581 2965 1611 2975 -
1627 2929 1785 3006 ἐπιβᾶσαν

598 3031 762 3103 παστιίδος
794 3032 943 3107 οἰκονόμον
974 3057 1007 3097 τε
1038 3033 1176 3114 χρηστὴν
1208 3032 1380 3111 πεφυκέναι
1405 3033 1456 3098 καί
1479 3033 1627 3114 φειδωλόν
1651 3037 1783 3116 οἰχαόιίν,

596 3142 685 3209 unde
708 3141 860 3205 discimus
883 3138 949 3204 illis
974 3140 1170 3224 temporibus
1193 3161 1304 3205 vocem
1329 3139 1476 3219 φειδωλός
1501 3163 1558 3226 pro
1581 3142 1783 3208 substantivo

595 3269 666 3314 esse
697 3247 850 3311 habitam.
883 3243 1000 3311 Contra
1030 3252 1078 3309 est
1107 3247 1139 3308 in
1163 3246 1273 3310 eadem
1298 3248 1437 3311 oratione
1462 3245 1569 3331 paullo
1592 3255 1664 3333 post
1687 3251 1718 3334 (ς
1739 3249 1782 3330 9),

596 3356 656 3420 nbi
684 3353 731 3417 X:
764 3359 877 3432 πρῶτον
908 3354 965 3427 μὲν
992 3348 1049 3429 οῦν,
1075 3348 1095 3415 ὦ
1120 3349 1463 3435 ἄνδρες,--οἰιιίδιον
1486 3351 1550 3417 ἔστι
1573 3378 1625 3431 μοι
1648 3355 1784 3436 διπλοῦν,

597 3460 656 3525 ἰσα
688 3457 760 3540 ἰχον
790 3460 831 3523 τοὶ
864 3455 923 3521 ιίνω
955 3467 1017 3527 τοῖς
1050 3457 1151 3535 κοίτω,
1177 3458 1284 3521 κατοί
1308 3460 1379 3530 τίρν
1402 3468 1691 3536 γυναικωνῖτιν
1715 3463 1782 3528 καί

598 3568 710 3633 κατοί
746 3567 816 3640 την
849 3566 1096 3643 ἀνδρωνῖτιν.
1131 3563 1179 3629 lta
1211 3563 1434 3629 Thalheimius
1465 3587 1590 3651 quoque
1620 3569 1701 3634 nihil
1731 3571 1782 3636 his

597 3674 745 3740 offensus.
777 3672 894 3760 Negari
925 3678 1031 3737 tamen
1062 3674 1172 3757 nequit
1202 3670 1319 3736 ultima
1347 3677 1470 3757 septem
1492 3674 1644 3740 vocabula
1667 3677 1782 3743 habere

597 3781 718 3865 quibus
750 3778 924 3843 offendaris.
964 3777 1176 3857 Quamobrem
1208 3777 1397 3842 Weidnerus
1428 3780 1493 3843 καί
1528 3782 1582 3855 την
1613 3805 1682 3858 μου.
1714 3784 1781 3847 καί

597 3889 655 3960 την
690 3885 809 3960 ανδρων.
845 3884 1048 3969 proponebat.
1085 3882 1155 3969 lpse
1191 3905 1264 3947 curn
1300 3883 1487 3972 Hirschigio
1521 3894 1551 3951 et
1583 3887 1782 3955 Hartmanno

598 3992 705 4058 delere
737 3990 865 4066 malim,
897 3993 950 4055 cni
980 3993 1154 4055 sententiae
1185 4011 1246 4053 non
1278 3989 1420 4055 multum
1445 3992 1573 4076 quidem
1598 3994 1652 4058 sed
1675 4002 1781 4060 tamen

596 4097 720 4182 aliquid
743 4099 942 4161 auctoritatis
965 4096 1085 4161 accedit
1108 4118 1146 4159 er
1171 4117 1207 4161 eo
1230 4096 1316 4181 quod
1339 4097 1435 4161 verba
1457 4119 1509 4161 me
1533 4120 1656 4185 quoque
1678 4102 1783 4167 indice

597 4204 758 4288 superflua
782 4203 896 4268 desunt
919 4202 1003 4287 apud
1026 4201 1227 4266 Demetrium
1250 4204 1306 4285 qui
1328 4202 1447 4267 dicitur
1470 4206 1535 4281 τερί
1560 4206 1660 4283 ἑρμην.
1685 4207 1781 4293 §190

596 4318 635 4390 (t.
669 4307 715 4372 ΙΙΙ
745 4331 775 4395 p.
802 4309 866 4373 303
890 4307 958 4393 Sp.)
989 4307 1096 4372 locum
1128 4314 1274 4372 nostrum
1305 4308 1485 4374 afferentem
1518 4314 1550 4375 in
1581 4315 1683 4396 capite
1708 4313 1779 4392 Περί

598 4419 709 4496 ἰσχνοῦ
729 4418 790 4481 sic:
811 4416 859 4479 ἔτί
880 4416 910 4479 δὲ
931 4419 983 4478 τοῦ
1003 4415 1110 4496 ἰσχνοῦ
1129 4423 1324 4494 χαρακτῆρος
1345 4413 1468 4496 ἔχοιμεν
1486 4416 1524 4481 οῦν
1537 4418 1588 4482 καί
1600 4421 1780 4499 πράγματα

598 4523 669 4592 ἰσως
702 4525 770 4587 τινα
801 4521 984 4602 μικροί--
1000 4516 1056 4586 οἰον
1088 4522 1121 4584 τό
1152 4522 1237 4601 παρὰ
1268 4524 1388 4605 Λυσίρι·
1416 4524 1554 4600 ,,οἰκίδιον
1578 4523 1641 4591 ἔστι
1666 4550 1717 4600 μοι
1740 4526 1780 4593 δι-

596 4633 706 4707 πλοῦν,
738 4630 790 4693 ἰοα
821 4628 892 4708 ἔχον
915 4628 957 4694 τοὶ
981 4624 1040 4691 οἰνω
1065 4637 1127 4696 τοῖς
1152 4627 1270 4692 κοίτω”.
1294 4627 1321 4693 Ε
1346 4632 1458 4694 ceteris
1482 4638 1556 4696 noto
1579 4632 1630 4696 Or.
1655 4632 1779 4699 XXVII

595 4739 614 4821 §
638 4733 675 4800 7:
708 4734 760 4799 ἐὰν
787 4735 818 4799 δί
842 4734 1140 4813 καταψηφισάμενοι
1166 4733 1298 4799 όαυοίτου
1322 4735 1491 4816 τιμήσητε,
1516 4747 1555 4818 τη
1580 4739 1659 4819 αῦτη
1682 4740 1779 4823 ψηφρ

595 4841 668 4913 τοῦς
700 4866 734 4904 τε
761 4838 873 4913 ἄλλους
898 4842 1113 4918 κοσμιωτέρους
1137 4842 1278 4913 τοιιίσετε
1304 4843 1336 4924 [ἢ
1362 4846 1411 4906 νῦν
1434 4845 1505 4926 εἰσι]
1530 4842 1580 4906 καί
1605 4846 1690 4925 παρόν
1715 4846 1782 4912 τοῦ·

596 4973 657 5014 των
687 4947 770 5022 δίκην
801 4946 964 5028 εἰληφότες
996 4946 1108 5014 lucete.
1141 4946 1266 5013 Inclusa
1298 4950 1410 5025 verbe,
1435 4948 1488 5013 vel
1510 4952 1616 5034 pneris
1640 4950 1780 5032 insulsa,
