<?xml version="1.0" encoding="UTF-8"?>
<!DOCTYPE html PUBLIC "-//W3C//DTD XHTML 1.0 Transitional//EN"
    "http://www.w3.org/TR/xhtml1/DTD/xhtml1-transitional.dtd">
<html xmlns="http://www.w3.org/1999/xhtml" xml:lang="en" lang="en">
 <head>
  <title>
</title>
<meta http-equiv="Content-Type" content="text/html;charset=utf-8" />
  <meta name='ocr-system' content='tesseract 3.04.00' />
  <meta name='ocr-capabilities' content='ocr_page ocr_carea ocr_par ocr_line ocrx_word'/>
</head>
<body>
  <div class='ocr_page' id='page_1' title='image "./mnemosyne04verdgoog_0341.png"; bbox 0 0 5125 6150; ppageno 0'>
   <div class='ocr_carea' id='block_1_1' title="bbox 687 817 1361 882">
    <p class='ocr_par' dir='ltr' id='par_1_1' title="bbox 687 817 1361 882">
     <span class='ocr_line' id='line_1_1' title="bbox 687 817 1361 882; baseline -0.003 -1"><span class='ocrx_word' id='word_1_1' title='bbox 687 817 753 882; x_wconf 79' lang='lat'>342</span> <span class='ocrx_word' id='word_1_2' title='bbox 1204 832 1361 880; x_wconf 75' lang='grc'><strong>6666666,</strong></span> 
     </span>
    </p>
   </div>
   <div class='ocr_carea' id='block_1_2' title="bbox 683 995 1886 4550">
    <p class='ocr_par' dir='ltr' id='par_1_2' title="bbox 684 995 1882 1399">
     <span class='ocr_line' id='line_1_2' title="bbox 685 995 1880 1083; baseline -0.003 -21"><span class='ocrx_word' id='word_1_3' title='bbox 685 1001 835 1083; x_wconf 90' lang='lat' dir='ltr'>quiorum</span> <span class='ocrx_word' id='word_1_4' title='bbox 858 996 969 1072; x_wconf 88' lang='lat' dir='ltr'>verba,</span> <span class='ocrx_word' id='word_1_5' title='bbox 994 1001 1090 1079; x_wconf 86' lang='lat' dir='ltr'>atque</span> <span class='ocrx_word' id='word_1_6' title='bbox 1114 995 1269 1060; x_wconf 86' lang='lat' dir='ltr'>imitando</span> <span class='ocrx_word' id='word_1_7' title='bbox 1294 998 1490 1079; x_wconf 85' lang='lat' dir='ltr'>exprimunt,</span> <span class='ocrx_word' id='word_1_8' title='bbox 1515 995 1569 1060; x_wconf 86' lang='lat' dir='ltr'>sed</span> <span class='ocrx_word' id='word_1_9' title='bbox 1588 1017 1644 1081; x_wconf 89' lang='lat' dir='ltr'>pro</span> <span class='ocrx_word' id='word_1_10' title='bbox 1664 1016 1721 1059; x_wconf 88' lang='lat' dir='ltr'>sua</span> <span class='ocrx_word' id='word_1_11' title='bbox 1742 998 1880 1080; x_wconf 88' lang='lat' dir='ltr'>quisque</span> 
     </span>
     <span class='ocr_line' id='line_1_3' title="bbox 684 1099 1882 1185; baseline -0.003 -17"><span class='ocrx_word' id='word_1_12' title='bbox 684 1103 828 1168; x_wconf 80' lang='lat' dir='ltr'>lubidine</span> <span class='ocrx_word' id='word_1_13' title='bbox 849 1107 1002 1166; x_wconf 77' lang='lat' dir='ltr'>exornant</span> <span class='ocrx_word' id='word_1_14' title='bbox 1021 1105 1232 1185; x_wconf 90' lang='lat' dir='ltr'>transponunt</span> <span class='ocrx_word' id='word_1_15' title='bbox 1250 1099 1362 1165; x_wconf 91' lang='lat' dir='ltr'>alienis</span> <span class='ocrx_word' id='word_1_16' title='bbox 1383 1100 1441 1165; x_wconf 84' lang='lat' dir='ltr'>sua</span> <span class='ocrx_word' id='word_1_17' title='bbox 1459 1100 1658 1177; x_wconf 79' lang='lat' dir='ltr'>intercalant,</span> <span class='ocrx_word' id='word_1_18' title='bbox 1678 1100 1813 1185; x_wconf 87' lang='lat' dir='ltr'>denique</span> <span class='ocrx_word' id='word_1_19' title='bbox 1834 1102 1882 1164; x_wconf 87' lang='lat' dir='ltr'>ita</span> 
     </span>
     <span class='ocr_line' id='line_1_4' title="bbox 686 1204 1882 1292; baseline -0.003 -19"><span class='ocrx_word' id='word_1_20' title='bbox 686 1213 829 1285; x_wconf 86' lang='lat' dir='ltr'>mutant,</span> <span class='ocrx_word' id='word_1_21' title='bbox 862 1214 899 1272; x_wconf 90' lang='lat' dir='ltr'>ut</span> <span class='ocrx_word' id='word_1_22' title='bbox 929 1210 963 1270; x_wconf 91' lang='lat' dir='ltr'>in</span> <span class='ocrx_word' id='word_1_23' title='bbox 994 1209 1207 1271; x_wconf 78' lang='lat' dir='ltr'>recentiorum</span> <span class='ocrx_word' id='word_1_24' title='bbox 1239 1204 1331 1270; x_wconf 92' lang='lat' dir='ltr'>libris</span> <span class='ocrx_word' id='word_1_25' title='bbox 1363 1208 1544 1290; x_wconf 89' lang='lat' dir='ltr'>antiquiora</span> <span class='ocrx_word' id='word_1_26' title='bbox 1574 1207 1755 1292; x_wconf 80' lang='lat' dir='ltr'>fragmenta</span> <span class='ocrx_word' id='word_1_27' title='bbox 1785 1208 1882 1270; x_wconf 90' lang='lat' dir='ltr'>certis</span> 
     </span>
     <span class='ocr_line' id='line_1_5' title="bbox 687 1311 1644 1399; baseline -0.003 -20"><span class='ocrx_word' id='word_1_28' title='bbox 687 1318 817 1399; x_wconf 87' lang='lat' dir='ltr'>suisque</span> <span class='ocrx_word' id='word_1_29' title='bbox 842 1313 959 1376; x_wconf 88' lang='lat' dir='ltr'>finibus</span> <span class='ocrx_word' id='word_1_30' title='bbox 982 1312 1242 1376; x_wconf 81' lang='lat' dir='ltr'>circumscribere</span> <span class='ocrx_word' id='word_1_31' title='bbox 1265 1332 1420 1396; x_wconf 88' lang='lat' dir='ltr'>perquam</span> <span class='ocrx_word' id='word_1_32' title='bbox 1443 1314 1485 1376; x_wconf 88' lang='lat' dir='ltr'>ait</span> <span class='ocrx_word' id='word_1_33' title='bbox 1508 1311 1644 1376; x_wconf 88' lang='lat' dir='ltr'>difficile.</span> 
     </span>
    </p>

    <p class='ocr_par' dir='ltr' id='par_1_3' title="bbox 686 1418 1886 3171">
     <span class='ocr_line' id='line_1_6' title="bbox 732 1418 1883 1502; baseline -0.004 -18"><span class='ocrx_word' id='word_1_34' title='bbox 732 1420 835 1499; x_wconf 81' lang='lat' dir='ltr'>Quam</span> <span class='ocrx_word' id='word_1_35' title='bbox 867 1439 992 1483; x_wconf 88' lang='lat' dir='ltr'>necesse</span> <span class='ocrx_word' id='word_1_36' title='bbox 1024 1420 1066 1481; x_wconf 92' lang='lat' dir='ltr'>sit</span> <span class='ocrx_word' id='word_1_37' title='bbox 1096 1438 1225 1482; x_wconf 91' lang='lat' dir='ltr'>summa</span> <span class='ocrx_word' id='word_1_38' title='bbox 1255 1420 1290 1480; x_wconf 95' lang='lat' dir='ltr'>in</span> <span class='ocrx_word' id='word_1_39' title='bbox 1321 1418 1380 1482; x_wconf 93' lang='lat' dir='ltr'>hoc</span> <span class='ocrx_word' id='word_1_40' title='bbox 1406 1419 1667 1502; x_wconf 81' lang='lat' dir='ltr'>investigationis</span> <span class='ocrx_word' id='word_1_41' title='bbox 1689 1437 1805 1502; x_wconf 88' lang='lat' dir='ltr'>genere</span> <span class='ocrx_word' id='word_1_42' title='bbox 1830 1419 1883 1479; x_wconf 87' lang='lat' dir='ltr'>nti</span> 
     </span>
     <span class='ocr_line' id='line_1_7' title="bbox 687 1521 1883 1607; baseline -0.004 -17"><span class='ocrx_word' id='word_1_43' title='bbox 687 1528 847 1601; x_wconf 87' lang='lat' dir='ltr'>cautione,</span> <span class='ocrx_word' id='word_1_44' title='bbox 867 1524 976 1588; x_wconf 88' lang='lat' dir='ltr'>docere</span> <span class='ocrx_word' id='word_1_45' title='bbox 995 1529 1129 1607; x_wconf 86' lang='lat' dir='ltr'>possunt</span> <span class='ocrx_word' id='word_1_46' title='bbox 1146 1521 1309 1588; x_wconf 81' lang='lat' dir='ltr'>Crantoris</span> <span class='ocrx_word' id='word_1_47' title='bbox 1327 1521 1490 1607; x_wconf 90' lang='lat' dir='ltr'>reliquiae.</span> <span class='ocrx_word' id='word_1_48' title='bbox 1511 1521 1629 1587; x_wconf 80' lang='lat' dir='ltr'>Sedulo</span> <span class='ocrx_word' id='word_1_49' title='bbox 1641 1521 1737 1586; x_wconf 90' lang='lat' dir='ltr'>multi</span> <span class='ocrx_word' id='word_1_50' title='bbox 1749 1542 1883 1606; x_wconf 90' lang='lat' dir='ltr'>operam</span> 
     </span>
     <span class='ocr_line' id='line_1_8' title="bbox 687 1626 1883 1714; baseline -0.002 -21"><span class='ocrx_word' id='word_1_51' title='bbox 687 1634 862 1706; x_wconf 84' lang='lat' dir='ltr'>naverunt,</span> <span class='ocrx_word' id='word_1_52' title='bbox 894 1636 931 1693; x_wconf 90' lang='lat' dir='ltr'>nt</span> <span class='ocrx_word' id='word_1_53' title='bbox 956 1628 1095 1712; x_wconf 92' lang='lat' dir='ltr'>undique</span> <span class='ocrx_word' id='word_1_54' title='bbox 1120 1627 1262 1692; x_wconf 85' lang='lat' dir='ltr'>collectis</span> <span class='ocrx_word' id='word_1_55' title='bbox 1285 1626 1442 1692; x_wconf 89' lang='lat' dir='ltr'>librorum</span> <span class='ocrx_word' id='word_1_56' title='bbox 1467 1631 1535 1692; x_wconf 92' lang='lat' dir='ltr'>eius</span> <span class='ocrx_word' id='word_1_57' title='bbox 1558 1629 1747 1714; x_wconf 78' lang='lat' dir='ltr'>fragmentis</span> <span class='ocrx_word' id='word_1_58' title='bbox 1769 1631 1883 1712; x_wconf 81' lang='lat' dir='ltr'>imago</span> 
     </span>
     <span class='ocr_line' id='line_1_9' title="bbox 687 1733 1883 1821; baseline -0.003 -21"><span class='ocrx_word' id='word_1_59' title='bbox 687 1735 869 1821; x_wconf 91' lang='lat' dir='ltr'>philosophi</span> <span class='ocrx_word' id='word_1_60' title='bbox 888 1738 973 1799; x_wconf 88' lang='lat' dir='ltr'>inter</span> <span class='ocrx_word' id='word_1_61' title='bbox 994 1740 1117 1799; x_wconf 81' lang='lat' dir='ltr'>veteres</span> <span class='ocrx_word' id='word_1_62' title='bbox 1133 1733 1337 1798; x_wconf 83' lang='lat' dir='ltr'>Academicos</span> <span class='ocrx_word' id='word_1_63' title='bbox 1356 1733 1571 1798; x_wconf 86' lang='lat' dir='ltr'>laudatissimi</span> <span class='ocrx_word' id='word_1_64' title='bbox 1583 1735 1673 1798; x_wconf 91' lang='lat' dir='ltr'>nobis</span> <span class='ocrx_word' id='word_1_65' title='bbox 1685 1733 1883 1798; x_wconf 90' lang='lat' dir='ltr'>redderetur.</span> 
     </span>
     <span class='ocr_line' id='line_1_10' title="bbox 689 1836 1885 1923; baseline -0.003 -18"><span class='ocrx_word' id='word_1_66' title='bbox 689 1841 807 1905; x_wconf 85' lang='lat' dir='ltr'>Merito</span> <span class='ocrx_word' id='word_1_67' title='bbox 829 1838 912 1904; x_wconf 92' lang='lat' dir='ltr'>illud</span> <span class='ocrx_word' id='word_1_68' title='bbox 936 1838 1080 1923; x_wconf 92' lang='lat' dir='ltr'>quidem;</span> <span class='ocrx_word' id='word_1_69' title='bbox 1106 1860 1181 1903; x_wconf 91' lang='lat' dir='ltr'>nam</span> <span class='ocrx_word' id='word_1_70' title='bbox 1205 1845 1272 1903; x_wconf 89' lang='lat' dir='ltr'>arte</span> <span class='ocrx_word' id='word_1_71' title='bbox 1296 1860 1331 1903; x_wconf 89' lang='lat' dir='ltr'>ac</span> <span class='ocrx_word' id='word_1_72' title='bbox 1354 1838 1474 1904; x_wconf 89' lang='lat' dir='ltr'>iudicio</span> <span class='ocrx_word' id='word_1_73' title='bbox 1498 1839 1583 1904; x_wconf 88' lang='lat' dir='ltr'>haud</span> <span class='ocrx_word' id='word_1_74' title='bbox 1606 1859 1720 1923; x_wconf 90' lang='lat' dir='ltr'>parum</span> <span class='ocrx_word' id='word_1_75' title='bbox 1738 1836 1885 1902; x_wconf 83' lang='lat' dir='ltr'>valuisse</span> 
     </span>
     <span class='ocr_line' id='line_1_11' title="bbox 689 1942 1886 2030; baseline -0.006 -17"><span class='ocrx_word' id='word_1_76' title='bbox 689 1947 818 2013; x_wconf 88' lang='lat' dir='ltr'>videtur</span> <span class='ocrx_word' id='word_1_77' title='bbox 849 1943 993 2010; x_wconf 79' lang='lat' dir='ltr'>Crantor.</span> <span class='ocrx_word' id='word_1_78' title='bbox 1024 1944 1128 2023; x_wconf 82' lang='lat' dir='ltr'>Quam</span> <span class='ocrx_word' id='word_1_79' title='bbox 1151 1949 1244 2008; x_wconf 89' lang='lat' dir='ltr'>acute</span> <span class='ocrx_word' id='word_1_80' title='bbox 1269 1944 1308 2008; x_wconf 88' lang='lat' dir='ltr'>de</span> <span class='ocrx_word' id='word_1_81' title='bbox 1332 1946 1569 2030; x_wconf 88' lang='lat' dir='ltr'>antiquioribus</span> <span class='ocrx_word' id='word_1_82' title='bbox 1594 1943 1764 2020; x_wconf 81' lang='lat' dir='ltr'>iudicavit,</span> <span class='ocrx_word' id='word_1_83' title='bbox 1788 1942 1886 2007; x_wconf 84' lang='lat' dir='ltr'>Euri-</span> 
     </span>
     <span class='ocr_line' id='line_1_12' title="bbox 688 2045 1884 2137; baseline -0.004 -21"><span class='ocrx_word' id='word_1_84' title='bbox 688 2051 796 2137; x_wconf 85' lang='lat' dir='ltr'>pidem</span> <span class='ocrx_word' id='word_1_85' title='bbox 827 2049 959 2114; x_wconf 87' lang='lat' dir='ltr'>laudaus</span> <span class='ocrx_word' id='word_1_86' title='bbox 990 2049 1089 2125; x_wconf 71' lang='lat' dir='ltr'>alyne</span> <span class='ocrx_word' id='word_1_87' title='bbox 1122 2048 1251 2128; x_wconf 71' lang='grc' dir='ltr'>ἐργῶδες</span> <span class='ocrx_word' id='word_1_88' title='bbox 1284 2045 1363 2113; x_wconf 70' lang='grc' dir='ltr'><strong><em>εἶναι</em></strong></span> <span class='ocrx_word' id='word_1_89' title='bbox 1397 2052 1426 2113; x_wconf 80' lang='grc' dir='ltr'>ἔν</span> <span class='ocrx_word' id='word_1_90' title='bbox 1450 2052 1491 2130; x_wconf 78' lang='grc' dir='ltr'>τῷ</span> <span class='ocrx_word' id='word_1_91' title='bbox 1518 2049 1604 2128; x_wconf 70' lang='grc' dir='ltr'><strong><em>κυρίῳ</em></strong></span> <span class='ocrx_word' id='word_1_92' title='bbox 1628 2054 1782 2128; x_wconf 73' lang='grc' dir='ltr'>τραγικῶς</span> <span class='ocrx_word' id='word_1_93' title='bbox 1807 2045 1884 2122; x_wconf 69' lang='grc' dir='ltr'>ἅμα</span> 
     </span>
     <span class='ocr_line' id='line_1_13' title="bbox 689 2152 1885 2239; baseline -0.003 -19"><span class='ocrx_word' id='word_1_94' title='bbox 689 2157 741 2221; x_wconf 73' lang='grc' dir='ltr'>καὶ</span> <span class='ocrx_word' id='word_1_95' title='bbox 762 2156 931 2233; x_wconf 74' lang='grc' dir='ltr'>συμπαθῶς</span> <span class='ocrx_word' id='word_1_96' title='bbox 951 2153 1089 2233; x_wconf 62' lang='lat' dir='ltr'>reddar!</span> <span class='ocrx_word' id='word_1_97' title='bbox 1111 2152 1311 2239; x_wconf 85' lang='lat' dir='ltr'>Quantopere</span> <span class='ocrx_word' id='word_1_98' title='bbox 1330 2158 1398 2239; x_wconf 87' lang='lat' dir='ltr'>ipse</span> <span class='ocrx_word' id='word_1_99' title='bbox 1418 2153 1604 2238; x_wconf 86' lang='lat' dir='ltr'>aequalium</span> <span class='ocrx_word' id='word_1_100' title='bbox 1624 2153 1885 2229; x_wconf 87' lang='lat' dir='ltr'>laudefiorebat,</span> 
     </span>
     <span class='ocr_line' id='line_1_14' title="bbox 689 2259 1883 2347; baseline -0.004 -21"><span class='ocrx_word' id='word_1_101' title='bbox 689 2261 847 2346; x_wconf 88' lang='lat' dir='ltr'>siquidem</span> <span class='ocrx_word' id='word_1_102' title='bbox 868 2263 982 2325; x_wconf 89' lang='lat' dir='ltr'>merito</span> <span class='ocrx_word' id='word_1_103' title='bbox 1002 2260 1040 2324; x_wconf 91' lang='lat' dir='ltr'>de</span> <span class='ocrx_word' id='word_1_104' title='bbox 1060 2281 1097 2324; x_wconf 92' lang='lat' dir='ltr'>eo</span> <span class='ocrx_word' id='word_1_105' title='bbox 1119 2259 1314 2344; x_wconf 86' lang='lat' dir='ltr'>praedicavit</span> <span class='ocrx_word' id='word_1_106' title='bbox 1325 2259 1532 2324; x_wconf 79' lang='lat' dir='ltr'>Theaetetus:</span> <span class='ocrx_word' id='word_1_107' title='bbox 1548 2259 1692 2336; x_wconf 60' lang='lat' dir='ltr'>„ivisses</span> <span class='ocrx_word' id='word_1_108' title='bbox 1706 2260 1883 2347; x_wconf 69' lang='grc' dir='ltr'>ᾅνθρώπως,</span> 
     </span>
     <span class='ocr_line' id='line_1_15' title="bbox 689 2361 1885 2440; baseline -0.001 -10"><span class='ocrx_word' id='word_1_109' title='bbox 689 2361 703 2430; x_wconf 78' lang='grc' dir='ltr'><strong>ὃ</strong></span> <span class='ocrx_word' id='word_1_110' title='bbox 737 2366 764 2429; x_wconf 79' lang='grc' dir='ltr'>δ’</span> <span class='ocrx_word' id='word_1_111' title='bbox 794 2367 844 2431; x_wconf 74' lang='grc' dir='ltr'>ἐπὶ</span> <span class='ocrx_word' id='word_1_112' title='bbox 875 2366 968 2431; x_wconf 72' lang='grc' dir='ltr'>πλέον</span> <span class='ocrx_word' id='word_1_113' title='bbox 1001 2364 1106 2440; x_wconf 65' lang='grc' dir='ltr'><em>ἥνδανε</em></span> <span class='ocrx_word' id='word_1_114' title='bbox 1141 2364 1326 2437; x_wconf 76' lang='grc' dir='ltr'><strong>Μούσαις”1</strong></span> <span class='ocrx_word' id='word_1_115' title='bbox 1362 2364 1648 2430; x_wconf 70' lang='lat' dir='ltr'>verumenimvero</span> <span class='ocrx_word' id='word_1_116' title='bbox 1682 2386 1743 2429; x_wconf 91' lang='lat' dir='ltr'>non</span> <span class='ocrx_word' id='word_1_117' title='bbox 1775 2364 1885 2429; x_wconf 91' lang='lat' dir='ltr'>solum</span> 
     </span>
     <span class='ocr_line' id='line_1_16' title="bbox 688 2469 1885 2558; baseline -0.003 -20"><span class='ocrx_word' id='word_1_118' title='bbox 688 2474 813 2558; x_wconf 80' lang='lat' dir='ltr'>paucae</span> <span class='ocrx_word' id='word_1_119' title='bbox 846 2478 973 2536; x_wconf 90' lang='lat' dir='ltr'>tantum</span> <span class='ocrx_word' id='word_1_120' title='bbox 1012 2470 1175 2537; x_wconf 87' lang='lat' dir='ltr'>Crantoris</span> <span class='ocrx_word' id='word_1_121' title='bbox 1214 2469 1369 2555; x_wconf 90' lang='lat' dir='ltr'>reliquiae</span> <span class='ocrx_word' id='word_1_122' title='bbox 1408 2472 1500 2536; x_wconf 92' lang='lat' dir='ltr'>nobis</span> <span class='ocrx_word' id='word_1_123' title='bbox 1538 2471 1718 2548; x_wconf 88' lang='lat' dir='ltr'>traduntur,</span> <span class='ocrx_word' id='word_1_124' title='bbox 1751 2470 1806 2534; x_wconf 89' lang='lat' dir='ltr'>sed</span> <span class='ocrx_word' id='word_1_125' title='bbox 1841 2491 1885 2534; x_wconf 91' lang='lat' dir='ltr'>no</span> 
     </span>
     <span class='ocr_line' id='line_1_17' title="bbox 690 2577 1883 2663; baseline -0.003 -20"><span class='ocrx_word' id='word_1_126' title='bbox 690 2599 807 2663; x_wconf 89' lang='lat' dir='ltr'>paucae</span> <span class='ocrx_word' id='word_1_127' title='bbox 836 2577 911 2642; x_wconf 90' lang='lat' dir='ltr'>illae</span> <span class='ocrx_word' id='word_1_128' title='bbox 941 2577 1070 2662; x_wconf 90' lang='lat' dir='ltr'>quidem</span> <span class='ocrx_word' id='word_1_129' title='bbox 1102 2580 1169 2641; x_wconf 91' lang='lat' dir='ltr'>sine</span> <span class='ocrx_word' id='word_1_130' title='bbox 1192 2579 1406 2641; x_wconf 87' lang='lat' dir='ltr'>controversia</span> <span class='ocrx_word' id='word_1_131' title='bbox 1429 2580 1459 2641; x_wconf 87' lang='lat' dir='ltr'>ei</span> <span class='ocrx_word' id='word_1_132' title='bbox 1483 2578 1584 2641; x_wconf 89' lang='lat' dir='ltr'>tribui</span> <span class='ocrx_word' id='word_1_133' title='bbox 1608 2597 1700 2661; x_wconf 88' lang='lat' dir='ltr'>posse</span> <span class='ocrx_word' id='word_1_134' title='bbox 1724 2578 1807 2640; x_wconf 92' lang='lat' dir='ltr'>mihi</span> <span class='ocrx_word' id='word_1_135' title='bbox 1833 2579 1883 2641; x_wconf 84' lang='lat' dir='ltr'>vi-</span> 
     </span>
     <span class='ocr_line' id='line_1_18' title="bbox 689 2682 1884 2768; baseline -0.003 -20"><span class='ocrx_word' id='word_1_136' title='bbox 689 2684 813 2748; x_wconf 88' lang='lat' dir='ltr'>dentur.</span> <span class='ocrx_word' id='word_1_137' title='bbox 853 2684 1076 2747; x_wconf 85' lang='lat' dir='ltr'>incertissimis</span> <span class='ocrx_word' id='word_1_138' title='bbox 1107 2686 1215 2768; x_wconf 90' lang='lat' dir='ltr'>itaque</span> <span class='ocrx_word' id='word_1_139' title='bbox 1246 2685 1450 2758; x_wconf 88' lang='lat' dir='ltr'>testimoniis,</span> <span class='ocrx_word' id='word_1_140' title='bbox 1482 2682 1588 2766; x_wconf 89' lang='lat' dir='ltr'>siquid</span> <span class='ocrx_word' id='word_1_141' title='bbox 1620 2682 1731 2760; x_wconf 86' lang='lat' dir='ltr'>video,</span> <span class='ocrx_word' id='word_1_142' title='bbox 1763 2685 1884 2746; x_wconf 87' lang='lat' dir='ltr'>nititur</span> 
     </span>
     <span class='ocr_line' id='line_1_19' title="bbox 688 2785 1880 2872; baseline -0.001 -19"><span class='ocrx_word' id='word_1_143' title='bbox 688 2789 861 2864; x_wconf 91' lang='lat' dir='ltr'>iudicium,</span> <span class='ocrx_word' id='word_1_144' title='bbox 891 2787 974 2872; x_wconf 92' lang='lat' dir='ltr'>quod</span> <span class='ocrx_word' id='word_1_145' title='bbox 1006 2788 1044 2852; x_wconf 90' lang='lat' dir='ltr'>de</span> <span class='ocrx_word' id='word_1_146' title='bbox 1067 2796 1134 2852; x_wconf 90' lang='lat' dir='ltr'>arte</span> <span class='ocrx_word' id='word_1_147' title='bbox 1158 2809 1193 2852; x_wconf 89' lang='lat' dir='ltr'>ac</span> <span class='ocrx_word' id='word_1_148' title='bbox 1217 2788 1355 2852; x_wconf 89' lang='lat' dir='ltr'>dictione</span> <span class='ocrx_word' id='word_1_149' title='bbox 1379 2785 1541 2853; x_wconf 87' lang='lat' dir='ltr'>Crantoris</span> <span class='ocrx_word' id='word_1_150' title='bbox 1565 2788 1659 2853; x_wconf 91' lang='lat' dir='ltr'>hodie</span> <span class='ocrx_word' id='word_1_151' title='bbox 1683 2788 1758 2853; x_wconf 83' lang='lat' dir='ltr'>ferri</span> <span class='ocrx_word' id='word_1_152' title='bbox 1783 2787 1880 2866; x_wconf 89' lang='lat' dir='ltr'>solet;</span> 
     </span>
     <span class='ocr_line' id='line_1_20' title="bbox 688 2894 1881 2979; baseline -0.001 -20"><span class='ocrx_word' id='word_1_153' title='bbox 688 2902 720 2960; x_wconf 88' lang='lat' dir='ltr'>et</span> <span class='ocrx_word' id='word_1_154' title='bbox 761 2897 888 2959; x_wconf 92' lang='lat' dir='ltr'>omnino</span> <span class='ocrx_word' id='word_1_155' title='bbox 929 2914 1054 2958; x_wconf 89' lang='lat' dir='ltr'>necesse</span> <span class='ocrx_word' id='word_1_156' title='bbox 1090 2898 1138 2957; x_wconf 89' lang='lat' dir='ltr'>est</span> <span class='ocrx_word' id='word_1_157' title='bbox 1171 2897 1350 2958; x_wconf 86' lang='lat' dir='ltr'>accuratius</span> <span class='ocrx_word' id='word_1_158' title='bbox 1385 2894 1565 2979; x_wconf 85' lang='lat' dir='ltr'>fragmenta</span> <span class='ocrx_word' id='word_1_159' title='bbox 1600 2915 1680 2978; x_wconf 88' lang='lat' dir='ltr'>quae</span> <span class='ocrx_word' id='word_1_160' title='bbox 1714 2899 1881 2978; x_wconf 88' lang='lat' dir='ltr'>tamquam</span> 
     </span>
     <span class='ocr_line' id='line_1_21' title="bbox 688 2999 1880 3085; baseline -0.002 -19"><span class='ocrx_word' id='word_1_161' title='bbox 688 2999 861 3067; x_wconf 90' lang='lat' dir='ltr'>Crantorea</span> <span class='ocrx_word' id='word_1_162' title='bbox 887 2999 1155 3064; x_wconf 89' lang='lat' dir='ltr'>circumferuntur</span> <span class='ocrx_word' id='word_1_163' title='bbox 1183 3002 1385 3084; x_wconf 86' lang='lat' dir='ltr'>perscrutari,</span> <span class='ocrx_word' id='word_1_164' title='bbox 1421 3006 1459 3062; x_wconf 90' lang='lat' dir='ltr'>ut</span> <span class='ocrx_word' id='word_1_165' title='bbox 1493 2999 1532 3064; x_wconf 93' lang='lat' dir='ltr'>ad</span> <span class='ocrx_word' id='word_1_166' title='bbox 1567 2999 1644 3064; x_wconf 92' lang='lat' dir='ltr'>fines</span> <span class='ocrx_word' id='word_1_167' title='bbox 1678 3002 1880 3085; x_wconf 88' lang='lat' dir='ltr'>angustiores</span> 
     </span>
     <span class='ocr_line' id='line_1_22' title="bbox 686 3113 884 3171; baseline -0.01 -1"><span class='ocrx_word' id='word_1_168' title='bbox 686 3113 884 3171; x_wconf 89' lang='lat' dir='ltr'>revocentur.</span> 
     </span>
    </p>

    <p class='ocr_par' dir='ltr' id='par_1_4' title="bbox 683 3208 1878 4550">
     <span class='ocr_line' id='line_1_23' title="bbox 729 3208 1876 3295; baseline -0.002 -20"><span class='ocrx_word' id='word_1_169' title='bbox 729 3212 778 3275; x_wconf 81' lang='lat' dir='ltr'>Er</span> <span class='ocrx_word' id='word_1_170' title='bbox 802 3210 989 3275; x_wconf 87' lang='lat' dir='ltr'>certioribus</span> <span class='ocrx_word' id='word_1_171' title='bbox 1012 3212 1144 3273; x_wconf 89' lang='lat' dir='ltr'>initium</span> <span class='ocrx_word' id='word_1_172' title='bbox 1168 3209 1349 3274; x_wconf 86' lang='lat' dir='ltr'>faciendum</span> <span class='ocrx_word' id='word_1_173' title='bbox 1372 3216 1430 3275; x_wconf 89' lang='lat' dir='ltr'>est.</span> <span class='ocrx_word' id='word_1_174' title='bbox 1456 3208 1608 3295; x_wconf 83' lang='lat' dir='ltr'>Superest</span> <span class='ocrx_word' id='word_1_175' title='bbox 1631 3209 1715 3295; x_wconf 91' lang='lat' dir='ltr'>apud</span> <span class='ocrx_word' id='word_1_176' title='bbox 1739 3208 1876 3274; x_wconf 81' lang='lat' dir='ltr'>Sextum</span> 
     </span>
     <span class='ocr_line' id='line_1_24' title="bbox 685 3313 1877 3401; baseline -0.002 -21"><span class='ocrx_word' id='word_1_177' title='bbox 685 3317 885 3400; x_wconf 78' lang='lat' dir='ltr'>Empiricum</span> <span class='ocrx_word' id='word_1_178' title='bbox 906 3317 996 3392; x_wconf 80' lang='lat' dir='ltr'>(Ado.</span> <span class='ocrx_word' id='word_1_179' title='bbox 1018 3316 1119 3377; x_wconf 76' lang='lat' dir='ltr'>Mara</span> <span class='ocrx_word' id='word_1_180' title='bbox 1141 3313 1198 3379; x_wconf 87' lang='lat' dir='ltr'>XI.</span> <span class='ocrx_word' id='word_1_181' title='bbox 1213 3314 1361 3394; x_wconf 71' lang='lat'>53-58)</span> <span class='ocrx_word' id='word_1_182' title='bbox 1383 3315 1535 3379; x_wconf 89' lang='lat' dir='ltr'>diatribes</span> <span class='ocrx_word' id='word_1_183' title='bbox 1548 3315 1707 3400; x_wconf 91' lang='lat' dir='ltr'>quoddam</span> <span class='ocrx_word' id='word_1_184' title='bbox 1720 3316 1877 3401; x_wconf 86' lang='lat' dir='ltr'>fragmen-</span> 
     </span>
     <span class='ocr_line' id='line_1_25' title="bbox 687 3418 1876 3505; baseline 0 -20"><span class='ocrx_word' id='word_1_185' title='bbox 687 3431 774 3498; x_wconf 90' lang='lat' dir='ltr'>tum,</span> <span class='ocrx_word' id='word_1_186' title='bbox 799 3424 831 3484; x_wconf 92' lang='lat' dir='ltr'>in</span> <span class='ocrx_word' id='word_1_187' title='bbox 855 3442 918 3505; x_wconf 93' lang='lat' dir='ltr'>quo</span> <span class='ocrx_word' id='word_1_188' title='bbox 942 3441 960 3484; x_wconf 93' lang='lat' dir='ltr'>a</span> <span class='ocrx_word' id='word_1_189' title='bbox 983 3419 1081 3484; x_wconf 80' lang='lat' dir='ltr'>Sexto</span> <span class='ocrx_word' id='word_1_190' title='bbox 1101 3422 1171 3504; x_wconf 88' lang='lat' dir='ltr'>ipsa</span> <span class='ocrx_word' id='word_1_191' title='bbox 1192 3418 1356 3485; x_wconf 86' lang='lat' dir='ltr'>Crantoris</span> <span class='ocrx_word' id='word_1_192' title='bbox 1376 3422 1472 3486; x_wconf 86' lang='lat' dir='ltr'>verba</span> <span class='ocrx_word' id='word_1_193' title='bbox 1491 3423 1568 3485; x_wconf 88' lang='lat' dir='ltr'>satis</span> <span class='ocrx_word' id='word_1_194' title='bbox 1588 3428 1732 3486; x_wconf 88' lang='lat' dir='ltr'>accurate</span> <span class='ocrx_word' id='word_1_195' title='bbox 1751 3428 1876 3486; x_wconf 85' lang='lat' dir='ltr'>servata</span> 
     </span>
     <span class='ocr_line' id='line_1_26' title="bbox 686 3526 1876 3612; baseline -0.003 -19"><span class='ocrx_word' id='word_1_196' title='bbox 686 3550 753 3593; x_wconf 84' lang='lat' dir='ltr'>esse</span> <span class='ocrx_word' id='word_1_197' title='bbox 784 3535 915 3592; x_wconf 86' lang='lat' dir='ltr'>constat.</span> <span class='ocrx_word' id='word_1_198' title='bbox 948 3528 1071 3612; x_wconf 90' lang='lat' dir='ltr'>Aptum</span> <span class='ocrx_word' id='word_1_199' title='bbox 1103 3529 1228 3610; x_wconf 89' lang='lat' dir='ltr'>itaque,</span> <span class='ocrx_word' id='word_1_200' title='bbox 1258 3547 1297 3590; x_wconf 82' lang='lat' dir='ltr'>ex</span> <span class='ocrx_word' id='word_1_201' title='bbox 1329 3547 1391 3610; x_wconf 91' lang='lat' dir='ltr'>quo</span> <span class='ocrx_word' id='word_1_202' title='bbox 1422 3526 1624 3610; x_wconf 82' lang='lat' dir='ltr'>aliquatenus</span> <span class='ocrx_word' id='word_1_203' title='bbox 1655 3529 1762 3612; x_wconf 88' lang='lat' dir='ltr'>opinio</span> <span class='ocrx_word' id='word_1_204' title='bbox 1786 3527 1876 3591; x_wconf 89' lang='lat' dir='ltr'>nobis</span> 
     </span>
     <span class='ocr_line' id='line_1_27' title="bbox 686 3631 1875 3716; baseline -0.001 -20"><span class='ocrx_word' id='word_1_205' title='bbox 686 3633 741 3698; x_wconf 90' lang='lat' dir='ltr'>fiat</span> <span class='ocrx_word' id='word_1_206' title='bbox 761 3633 798 3697; x_wconf 93' lang='lat' dir='ltr'>de</span> <span class='ocrx_word' id='word_1_207' title='bbox 819 3633 948 3716; x_wconf 90' lang='lat' dir='ltr'>iugenio</span> <span class='ocrx_word' id='word_1_208' title='bbox 967 3634 1035 3696; x_wconf 91' lang='lat' dir='ltr'>eius</span> <span class='ocrx_word' id='word_1_209' title='bbox 1055 3652 1090 3695; x_wconf 91' lang='lat' dir='ltr'>ac</span> <span class='ocrx_word' id='word_1_210' title='bbox 1111 3632 1268 3696; x_wconf 88' lang='lat' dir='ltr'>scribendi</span> <span class='ocrx_word' id='word_1_211' title='bbox 1290 3634 1422 3696; x_wconf 87' lang='lat' dir='ltr'>ratione.</span> <span class='ocrx_word' id='word_1_212' title='bbox 1452 3631 1513 3696; x_wconf 80' lang='lat' dir='ltr'>Sed</span> <span class='ocrx_word' id='word_1_213' title='bbox 1534 3653 1613 3710; x_wconf 90' lang='lat' dir='ltr'>ecce,</span> <span class='ocrx_word' id='word_1_214' title='bbox 1635 3652 1731 3716; x_wconf 88' lang='lat' dir='ltr'>quam</span> <span class='ocrx_word' id='word_1_215' title='bbox 1751 3632 1875 3697; x_wconf 87' lang='lat' dir='ltr'>diverse</span> 
     </span>
     <span class='ocr_line' id='line_1_28' title="bbox 686 3736 1874 3823; baseline -0.001 -21"><span class='ocrx_word' id='word_1_216' title='bbox 686 3739 723 3802; x_wconf 90' lang='lat' dir='ltr'>de</span> <span class='ocrx_word' id='word_1_217' title='bbox 749 3739 807 3802; x_wconf 89' lang='lat' dir='ltr'>hac</span> <span class='ocrx_word' id='word_1_218' title='bbox 829 3737 963 3800; x_wconf 85' lang='lat' dir='ltr'>diatriba</span> <span class='ocrx_word' id='word_1_219' title='bbox 985 3738 1128 3801; x_wconf 84' lang='lat' dir='ltr'>iudicant·</span> <span class='ocrx_word' id='word_1_220' title='bbox 1151 3740 1304 3802; x_wconf 83' lang='lat' dir='ltr'>viritem</span> <span class='ocrx_word' id='word_1_221' title='bbox 1329 3736 1547 3823; x_wconf 87' lang='lat' dir='ltr'>philosophiae</span> <span class='ocrx_word' id='word_1_222' title='bbox 1571 3758 1668 3822; x_wconf 88' lang='lat' dir='ltr'>quam</span> <span class='ocrx_word' id='word_1_223' title='bbox 1690 3736 1874 3802; x_wconf 90' lang='lat' dir='ltr'>litterarum</span> 
     </span>
     <span class='ocr_line' id='line_1_29' title="bbox 684 3841 1874 3929; baseline 0 -21"><span class='ocrx_word' id='word_1_224' title='bbox 684 3841 795 3929; x_wconf 85' lang='lat' dir='ltr'>periti!</span> <span class='ocrx_word' id='word_1_225' title='bbox 825 3841 915 3920; x_wconf 78' lang='lat' dir='ltr'>Quod</span> <span class='ocrx_word' id='word_1_226' title='bbox 938 3844 1025 3905; x_wconf 88' lang='lat' dir='ltr'>enim</span> <span class='ocrx_word' id='word_1_227' title='bbox 1048 3841 1169 3906; x_wconf 86' lang='lat' dir='ltr'>Zellero</span> <span class='ocrx_word' id='word_1_228' title='bbox 1191 3844 1268 3906; x_wconf 87' lang='lat' dir='ltr'>satis</span> <span class='ocrx_word' id='word_1_229' title='bbox 1292 3842 1431 3926; x_wconf 86' lang='lat' dir='ltr'>placuit,</span> <span class='ocrx_word' id='word_1_230' title='bbox 1456 3845 1574 3928; x_wconf 90' lang='lat' dir='ltr'>quippe</span> <span class='ocrx_word' id='word_1_231' title='bbox 1598 3842 1681 3927; x_wconf 93' lang='lat' dir='ltr'>quod</span> <span class='ocrx_word' id='word_1_232' title='bbox 1705 3850 1874 3908; x_wconf 86' lang='lat' dir='ltr'>venustate</span> 
     </span>
     <span class='ocr_line' id='line_1_30' title="bbox 685 3947 1873 4033; baseline 0.001 -20"><span class='ocrx_word' id='word_1_233' title='bbox 685 3948 822 4033; x_wconf 90' lang='lat' dir='ltr'>quadam</span> <span class='ocrx_word' id='word_1_234' title='bbox 854 3949 992 4011; x_wconf 89' lang='lat' dir='ltr'>oratoria</span> <span class='ocrx_word' id='word_1_235' title='bbox 1023 3949 1179 4030; x_wconf 89' lang='lat' dir='ltr'>scriptum</span> <span class='ocrx_word' id='word_1_236' title='bbox 1211 3953 1295 4011; x_wconf 90' lang='lat' dir='ltr'>esset</span> <span class='ocrx_word' id='word_1_237' title='bbox 1320 3950 1417 4024; x_wconf 85' lang='lat' dir='ltr'>(„mit</span> <span class='ocrx_word' id='word_1_238' title='bbox 1439 3947 1655 4013; x_wconf 87' lang='lat' dir='ltr'>reduerischer</span> <span class='ocrx_word' id='word_1_239' title='bbox 1680 3949 1873 4027; x_wconf 82' lang='lat' dir='ltr'>Anmuth”),</span> 
     </span>
     <span class='ocr_line' id='line_1_31' title="bbox 683 4050 1875 4140; baseline 0 -21"><span class='ocrx_word' id='word_1_240' title='bbox 683 4055 717 4119; x_wconf 92' lang='lat' dir='ltr'>id</span> <span class='ocrx_word' id='word_1_241' title='bbox 749 4052 971 4118; x_wconf 87' lang='lat' dir='ltr'>condemnavit</span> <span class='ocrx_word' id='word_1_242' title='bbox 1004 4050 1270 4116; x_wconf 86' lang='lat' dir='ltr'>Wilamowitzius</span> <span class='ocrx_word' id='word_1_243' title='bbox 1302 4057 1430 4138; x_wconf 90' lang='lat' dir='ltr'>propter</span> <span class='ocrx_word' id='word_1_244' title='bbox 1458 4053 1623 4117; x_wconf 91' lang='lat' dir='ltr'>tumidum</span> <span class='ocrx_word' id='word_1_245' title='bbox 1646 4075 1681 4118; x_wconf 87' lang='lat' dir='ltr'>ac</span> <span class='ocrx_word' id='word_1_246' title='bbox 1705 4053 1875 4140; x_wconf 86' lang='lat' dir='ltr'>vulgarem</span> 
     </span>
     <span class='ocr_line' id='line_1_32' title="bbox 683 4155 1877 4241; baseline -0.001 -17"><span class='ocrx_word' id='word_1_247' title='bbox 683 4161 902 4224; x_wconf 84' lang='lat' dir='ltr'>Asianismum</span> <span class='ocrx_word' id='word_1_248' title='bbox 926 4155 1035 4233; x_wconf 88' lang='lat' dir='ltr'>(„halb</span> <span class='ocrx_word' id='word_1_249' title='bbox 1056 4159 1254 4241; x_wconf 86' lang='lat' dir='ltr'>gespreizten</span> <span class='ocrx_word' id='word_1_250' title='bbox 1274 4157 1348 4222; x_wconf 93' lang='lat' dir='ltr'>halb</span> <span class='ocrx_word' id='word_1_251' title='bbox 1367 4158 1500 4223; x_wconf 91' lang='lat' dir='ltr'>banaleu</span> <span class='ocrx_word' id='word_1_252' title='bbox 1519 4159 1766 4240; x_wconf 86' lang='lat' dir='ltr'>Asianismus”).</span> <span class='ocrx_word' id='word_1_253' title='bbox 1790 4159 1877 4238; x_wconf 81' lang='lat' dir='ltr'>Quae</span> 
     </span>
     <span class='ocr_line' id='line_1_33' title="bbox 683 4261 1878 4348; baseline 0.001 -20"><span class='ocrx_word' id='word_1_254' title='bbox 683 4264 802 4329; x_wconf 89' lang='lat' dir='ltr'>iudicia</span> <span class='ocrx_word' id='word_1_255' title='bbox 833 4265 981 4348; x_wconf 88' lang='lat' dir='ltr'>quamvis</span> <span class='ocrx_word' id='word_1_256' title='bbox 1011 4265 1095 4326; x_wconf 88' lang='lat' dir='ltr'>inter</span> <span class='ocrx_word' id='word_1_257' title='bbox 1119 4283 1151 4326; x_wconf 93' lang='lat' dir='ltr'>se</span> <span class='ocrx_word' id='word_1_258' title='bbox 1175 4261 1338 4341; x_wconf 89' lang='lat' dir='ltr'>distarent,</span> <span class='ocrx_word' id='word_1_259' title='bbox 1364 4263 1525 4329; x_wconf 86' lang='lat' dir='ltr'>conciliari</span> <span class='ocrx_word' id='word_1_260' title='bbox 1548 4272 1655 4329; x_wconf 87' lang='lat' dir='ltr'>tamen</span> <span class='ocrx_word' id='word_1_261' title='bbox 1678 4286 1769 4348; x_wconf 89' lang='lat' dir='ltr'>posse</span> <span class='ocrx_word' id='word_1_262' title='bbox 1793 4266 1878 4330; x_wconf 85' lang='lat' dir='ltr'>vide-</span> 
     </span>
     <span class='ocr_line' id='line_1_34' title="bbox 683 4366 1875 4444; baseline -0.002 -9"><span class='ocrx_word' id='word_1_263' title='bbox 683 4371 800 4435; x_wconf 89' lang='lat' dir='ltr'>bantur</span> <span class='ocrx_word' id='word_1_264' title='bbox 829 4366 1041 4444; x_wconf 81' lang='lat' dir='ltr'>Susemihiio,</span> <span class='ocrx_word' id='word_1_265' title='bbox 1074 4370 1121 4430; x_wconf 91' lang='lat' dir='ltr'>ita</span> <span class='ocrx_word' id='word_1_266' title='bbox 1152 4371 1345 4432; x_wconf 89' lang='lat' dir='ltr'>sententiam</span> <span class='ocrx_word' id='word_1_267' title='bbox 1376 4369 1414 4433; x_wconf 92' lang='lat' dir='ltr'>de</span> <span class='ocrx_word' id='word_1_268' title='bbox 1445 4374 1552 4433; x_wconf 87' lang='lat' dir='ltr'>nostra</span> <span class='ocrx_word' id='word_1_269' title='bbox 1580 4368 1715 4434; x_wconf 83' lang='lat' dir='ltr'>diatriba</span> <span class='ocrx_word' id='word_1_270' title='bbox 1744 4371 1875 4434; x_wconf 86' lang='lat' dir='ltr'>ferenti:</span> 
     </span>
     <span class='ocr_line' id='line_1_35' title="bbox 687 4472 1877 4550; baseline 0.002 -13"><span class='ocrx_word' id='word_1_271' title='bbox 687 4479 767 4550; x_wconf 90' lang='lat' dir='ltr'>„mit</span> <span class='ocrx_word' id='word_1_272' title='bbox 798 4474 1013 4539; x_wconf 88' lang='lat' dir='ltr'>reduerischer</span> <span class='ocrx_word' id='word_1_273' title='bbox 1043 4472 1190 4535; x_wconf 83' lang='lat' dir='ltr'>Aumuth</span> <span class='ocrx_word' id='word_1_274' title='bbox 1222 4473 1286 4537; x_wconf 89' lang='lat' dir='ltr'>und</span> <span class='ocrx_word' id='word_1_275' title='bbox 1319 4473 1422 4550; x_wconf 83' lang='lat' dir='ltr'>Fiille,</span> <span class='ocrx_word' id='word_1_276' title='bbox 1456 4474 1531 4538; x_wconf 91' lang='lat' dir='ltr'>aber</span> <span class='ocrx_word' id='word_1_277' title='bbox 1562 4474 1643 4539; x_wconf 88' lang='lat' dir='ltr'>auch</span> <span class='ocrx_word' id='word_1_278' title='bbox 1675 4476 1765 4538; x_wconf 90' lang='lat' dir='ltr'>nicht</span> <span class='ocrx_word' id='word_1_279' title='bbox 1795 4475 1877 4539; x_wconf 90' lang='lat' dir='ltr'>ohne</span> 
     </span>
    </p>
   </div>
   <div class='ocr_carea' id='block_1_3' title="bbox 683 4577 1876 4978">
    <p class='ocr_par' dir='ltr' id='par_1_5' title="bbox 683 4577 1432 4663">
     <span class='ocr_line' id='line_1_36' title="bbox 683 4577 1432 4663; baseline -0.003 -19"><span class='ocrx_word' id='word_1_280' title='bbox 683 4583 753 4644; x_wconf 89' lang='grc'><strong>6166</strong></span> <span class='ocrx_word' id='word_1_281' title='bbox 777 4583 910 4663; x_wconf 85' lang='lat' dir='ltr'>gewisse</span> <span class='ocrx_word' id='word_1_282' title='bbox 934 4577 1168 4662; x_wconf 83' lang='lat' dir='ltr'>Gespreiztheit</span> <span class='ocrx_word' id='word_1_283' title='bbox 1191 4578 1432 4662; x_wconf 87' lang='lat' dir='ltr'>gesohrieben’&#39;.</span> 
     </span>
    </p>

    <p class='ocr_par' dir='ltr' id='par_1_6' title="bbox 684 4683 1876 4978">
     <span class='ocr_line' id='line_1_37' title="bbox 730 4683 1876 4770; baseline 0.001 -23"><span class='ocrx_word' id='word_1_284' title='bbox 730 4685 903 4747; x_wconf 80' lang='lat' dir='ltr'>Asiarrismi</span> <span class='ocrx_word' id='word_1_285' title='bbox 933 4684 1062 4746; x_wconf 91' lang='lat' dir='ltr'>nomine</span> <span class='ocrx_word' id='word_1_286' title='bbox 1094 4703 1210 4766; x_wconf 89' lang='lat' dir='ltr'>parum</span> <span class='ocrx_word' id='word_1_287' title='bbox 1242 4683 1381 4748; x_wconf 90' lang='lat' dir='ltr'>secundo</span> <span class='ocrx_word' id='word_1_288' title='bbox 1413 4693 1445 4748; x_wconf 89' lang='lat' dir='ltr'>et</span> <span class='ocrx_word' id='word_1_289' title='bbox 1477 4686 1612 4748; x_wconf 91' lang='lat' dir='ltr'>minime</span> <span class='ocrx_word' id='word_1_290' title='bbox 1643 4687 1810 4770; x_wconf 86' lang='lat' dir='ltr'>perspicuo</span> <span class='ocrx_word' id='word_1_291' title='bbox 1840 4684 1876 4748; x_wconf 91' lang='grc'>11-</span> 
     </span>
     <span class='ocr_line' id='line_1_38' title="bbox 684 4787 1876 4871; baseline 0.001 -18"><span class='ocrx_word' id='word_1_292' title='bbox 684 4790 793 4853; x_wconf 89' lang='lat' dir='ltr'>benter</span> <span class='ocrx_word' id='word_1_293' title='bbox 817 4787 910 4852; x_wconf 93' lang='lat' dir='ltr'>hodie</span> <span class='ocrx_word' id='word_1_294' title='bbox 934 4795 1071 4851; x_wconf 89' lang='lat' dir='ltr'>utuntur</span> <span class='ocrx_word' id='word_1_295' title='bbox 1094 4789 1258 4862; x_wconf 92' lang='lat' dir='ltr'>homines,</span> <span class='ocrx_word' id='word_1_296' title='bbox 1287 4787 1338 4853; x_wconf 86' lang='lat' dir='ltr'>vel</span> <span class='ocrx_word' id='word_1_297' title='bbox 1366 4791 1474 4871; x_wconf 90' lang='lat' dir='ltr'>potius</span> <span class='ocrx_word' id='word_1_298' title='bbox 1504 4789 1691 4853; x_wconf 88' lang='lat' dir='ltr'>abutuntur.</span> <span class='ocrx_word' id='word_1_299' title='bbox 1717 4789 1876 4868; x_wconf 81' lang='lat' dir='ltr'>Quoniam</span> 
     </span>
     <span class='ocr_line' id='line_1_39' title="bbox 685 4892 1875 4978; baseline 0.003 -25"><span class='ocrx_word' id='word_1_300' title='bbox 685 4913 759 4954; x_wconf 88' lang='lat' dir='ltr'>vero</span> <span class='ocrx_word' id='word_1_301' title='bbox 784 4903 912 4975; x_wconf 88' lang='lat' dir='ltr'>propter</span> <span class='ocrx_word' id='word_1_302' title='bbox 935 4893 993 4956; x_wconf 92' lang='lat' dir='ltr'>hoc</span> <span class='ocrx_word' id='word_1_303' title='bbox 1013 4894 1131 4955; x_wconf 82' lang='lat' dir='ltr'>vitium</span> <span class='ocrx_word' id='word_1_304' title='bbox 1151 4895 1186 4955; x_wconf 92' lang='lat' dir='ltr'>iu</span> <span class='ocrx_word' id='word_1_305' title='bbox 1205 4895 1325 4957; x_wconf 85' lang='lat' dir='ltr'>crimen</span> <span class='ocrx_word' id='word_1_306' title='bbox 1344 4899 1478 4956; x_wconf 86' lang='lat' dir='ltr'>vocatur</span> <span class='ocrx_word' id='word_1_307' title='bbox 1498 4892 1642 4968; x_wconf 85' lang='lat' dir='ltr'>Crantor,</span> <span class='ocrx_word' id='word_1_308' title='bbox 1663 4914 1754 4957; x_wconf 90' lang='lat' dir='ltr'>reum</span> <span class='ocrx_word' id='word_1_309' title='bbox 1768 4897 1875 4978; x_wconf 90' lang='lat' dir='ltr'>ipsum</span> 
     </span>
    </p>
   </div>
   <div class='ocr_carea' id='block_1_4' title="bbox 0 0 2568 6148">
    <p class='ocr_par' dir='ltr' id='par_1_7' title="bbox 0 0 2568 6148">
     <span class='ocr_line' id='line_1_40' title="bbox 0 0 2568 6148; baseline 0 0"><span class='ocrx_word' id='word_1_310' title='bbox 0 0 2568 6148; x_wconf 95' lang='lat' dir='ltr'> </span> 
     </span>
    </p>
   </div>
  </div>
 </body>
</html>
