5125 6150
780 753 846 817 208
1191 772 1251 829 ouo
1272 771 1457 819 orscurmrrs
1479 771 1549 819 ure.

778 935 849 999 dem
872 937 964 1018 signa
988 934 1157 1019 quaedam,
1182 935 1313 1019 quibus,
1338 934 1421 1018 quod
1445 936 1515 1018 ipss
1537 955 1556 999 a
1580 936 1807 1000 vetustioribus
1825 934 1962 1000 audiris

776 1047 841 1116 set,
872 1061 890 1104 a
912 1039 1102 1104 mortalibus
1125 1043 1259 1104 numina
1283 1040 1419 1104 discerni
1442 1046 1587 1124 possent,
1612 1041 1665 1104 sed
1689 1062 1729 1105 ne
1752 1040 1809 1105 illa
1832 1040 1959 1126 quidem

776 1149 868 1231 signa
891 1149 924 1209 iu
948 1149 1088 1230 quiaque
1111 1146 1177 1210 iltis
1200 1150 1268 1209 sive
1294 1145 1359 1209 deis
1383 1148 1450 1209 sive
1470 1146 1654 1210 hominibus
1674 1152 1763 1210 erant
1782 1148 1959 1229 conspicua.

776 1250 812 1314 In
833 1251 891 1314 hac
911 1249 1097 1315 difficultate
1118 1272 1170 1314 eos
1188 1253 1274 1335 ipsus
1295 1250 1386 1327 deos,
1408 1272 1486 1334 quos
1512 1257 1695 1335 personatos
1719 1249 1826 1314 adesse
1851 1253 1961 1326 sciret,

776 1356 922 1442 precibus
954 1355 1047 1431 adiit,
1079 1363 1117 1421 ut
1140 1357 1201 1419 sibi
1224 1377 1376 1439 sponsum
1400 1377 1496 1420 suum
1519 1356 1728 1421 ostenderent.
1753 1355 1812 1420 Dei
1834 1362 1961 1431 eutem,

778 1463 1008 1525 humanissime
1044 1463 1180 1544 uirginis
1214 1461 1361 1545 precibus
1393 1462 1570 1538 exauditis,
1602 1461 1675 1526 ilico
1706 1464 1736 1524 ei
1759 1460 1963 1524 reddiderunt

777 1571 869 1653 signa
892 1566 1001 1630 divina
1023 1566 1151 1630 videndi
1176 1569 1318 1650 copiam:
1354 1567 1439 1643 „llio
1463 1568 1615 1648 conspexit
1637 1589 1733 1629 munes
1755 1568 1824 1629 deos
1846 1567 1965 1629 sudoris

778 1680 928 1754 expertes,
952 1671 1069 1755 fisis
1092 1671 1240 1747 oculis,
1265 1672 1380 1734 coronis
1403 1673 1536 1734 horridis
1560 1674 1594 1749 (i.
1614 1693 1640 1736 e.
1665 1671 1862 1747 recentibus,
1887 1675 1965 1734 inte·

776 1781 858 1864 gris)
890 1784 1026 1852 ornatos,
1057 1777 1141 1839 nullo
1165 1776 1293 1857 puluere
1315 1777 1493 1854 maculatos,
1517 1784 1674 1839 stantes
1696 1778 1867 1861 quidem,
1892 1799 1964 1839 non

776 1907 865 1948 vero
900 1883 1021 1946 solum
1058 1889 1276 1962 torpentes.
1314 1883 1471 1947 Nicia-dii
1501 1891 1604 1946 eontra
1627 1883 1719 1965 filius
1749 1885 1784 1962 (i.
1806 1904 1831 1946 e.
1865 1881 1963 1957 Nala,

776 2010 871 2075 quem
903 1988 1070 2051 adamabat
1101 1986 1309 2071 Damayantl)
1341 2010 1464 2050 coronas
1493 1989 1618 2051 habebut
1639 1987 1807 2069 floreius,
1831 1988 1964 2049 umbra

776 2118 846 2158 sua
869 2093 1161 2174 duplicabatur,
1184 2093 1309 2174 pulvere
1333 2101 1361 2156 et
1385 2095 1491 2156 rudore
1512 2100 1577 2155 erat
1597 2115 1784 2174 conspersus,
1809 2092 1964 2173 inipso

777 2199 1040 2265 etabathumo
1075 2205 1110 2260 et
1142 2198 1385 2278 praesertim
1414 2198 1706 2279 palpebrarum
1739 2204 1840 2259 motu
1873 2220 1967 2260 mon-

776 2303 1018 2369 strabatur.”
1054 2303 1140 2367 Inter
1175 2302 1307 2367 deorum
1341 2310 1432 2368 notas
1467 2303 1609 2367 absentia
1634 2303 1774 2367 'umbrae
1806 2324 1868 2366 non
1900 2305 1968 2386 qui-

777 2412 850 2476 dem
881 2411 1008 2474 disertis
1039 2409 1144 2473 verbis
1167 2415 1358 2486 recensetur,
1383 2431 1421 2473 ex
1446 2407 1521 2473 Nali
1545 2429 1620 2472 vero
1645 2407 1851 2491 descriptione
1874 2406 1967 2472 facile

776 2516 922 2582 efficitur.
957 2513 1110 2578 Videmus
1145 2517 1250 2599 igitur
1286 2510 1415 2578 Graecis
1450 2519 1482 2577 et
1513 2511 1600 2577 Indis
1632 2534 1836 2578 communem
1869 2513 1967 2576 fuisse

778 2624 986 2698 sententiam,
1012 2621 1085 2685 deos
1110 2626 1141 2684 et
1164 2620 1333 2684 daemones
1356 2621 1397 2697 τῷ
1421 2618 1658 2695 ἀσκαρδαμυκτὶ
1678 2617 1818 2694 βλέπειν,
1842 2620 1967 2681 incessu

778 2726 916 2813 quodam
939 2746 1035 2812 supra
1059 2732 1159 2789 terrae
1183 2723 1385 2809 superficiem
1409 2745 1466 2788 nec
1489 2745 1551 2788 non
1574 2745 1626 2801 eo,
1651 2723 1734 2807 quod
1754 2724 1867 2787 umbra
1885 2743 1970 2786 care-

778 2835 871 2909 bant,
907 2834 945 2898 ab
979 2832 1163 2897 hominibus
1196 2850 1289 2915 posse
1325 2829 1470 2894 discerni.
1506 2828 1614 2893 Huius
1647 2831 1859 2913 persuasionis
1882 2828 1968 2912 apud

780 2941 969 3025 posteriores
992 2936 1143 3000 relictum
1162 2941 1210 3000 est
1230 2937 1424 3020 vestigium,
1444 2940 1558 3018 utpote
1578 2936 1633 3018 qui
1652 2933 1780 2998 credant
1803 2931 1969 2997 diabolum

779 3044 929 3110 umbram
953 3063 1044 3108 suam
1069 3063 1131 3106 non
1154 3042 1254 3126 sequi.

825 3150 937 3215 Obiter
965 3148 1098 3212 observo
1127 3150 1160 3211 in
1192 3149 1398 3230 inscriptione
1430 3145 1560 3222 Latine,
1586 3145 1639 3210 sed
1663 3148 1709 3210 ita
1733 3151 1771 3208 ut
1793 3145 1891 3209 verba
1912 3142 1970 3208 ali·

779 3261 858 3341 quot
887 3252 1007 3319 Graeca
1037 3254 1327 3326 intermisceantur,
1359 3253 1538 3334 conscripta
1569 3249 1687 3314 litteris
1717 3248 1863 3326 Graecis,
1887 3270 1969 3333 quae

779 3364 812 3423 in
835 3361 1010 3443 specimine
1034 3379 1130 3441 supra
1152 3356 1299 3444 laudato,
1308 3354 1450 3419 adfertur
1473 3361 1517 3438 (p.
1544 3354 1618 3433 94);

1052 3489 1081 3527 σι
1105 3486 1206 3538 pruove
1232 3460 1378 3538 δεσχενδο
1402 3486 1427 3523 ιν
1453 3483 1487 3524 οι-

1053 3570 1159 3638 δυτους
1185 3575 1290 3643 Οσιρις
1314 3590 1348 3628 ετ
1373 3564 1561 3640 decretoriam
1587 3565 1633 3627 θεν

1054 3675 1164 3737 tanes-a
1189 3697 1223 3735 ετ
1247 3694 1374 3747 μιτταμ
1398 3672 1447 3734 oui
1471 3696 1493 3732 a
1517 3678 1598 3749 Φουλ

1054 3802 1074 3840 a
1097 3789 1249 3854 Φλονμινε
1274 3791 1426 3856 φερατουρ

1054 3907 1116 3960 εγω
1140 3905 1209 3956 serre
1234 3907 1312 3958 σουμ
1337 3903 1477 3958 perteue
1501 3882 1649 3958 δεχανους
1674 3882 1716 3945 ber
1741 3904 1852 3957 μαγνι.

783 4013 845 4056 non
883 3995 965 4054 recte
994 3991 1096 4055 ,inseri
1128 4013 1148 4051 a
1180 3993 1280 4067 φουλ,
1313 4009 1414 4071 neque
1447 4007 1558 4051 verum
1582 3986 1699 4049 vidisse
1723 3985 1872 4070 Maspdro
1896 4007 1969 4049 cum

783 4096 951 4162 scriberet:
986 4120 1028 4171 „a
1059 4105 1158 4170 Φουλ,
1191 4118 1209 4155 a
1232 4093 1399 4177 fulmine)
1431 4113 1449 4156 a
1480 4092 1530 4156 dte
1559 4091 1636 4176 rsyi
1667 4092 1743 4156 dans
1773 4090 1969 4176 l'original.”

788 4204 908 4268 Fulmen
932 4223 950 4265 a
973 4204 1129 4264 sententia
1152 4220 1280 4282 prorsus
1304 4205 1352 4261 est
1375 4196 1534 4273 alienum,
1563 4197 1618 4261 sed
1642 4199 1746 4281 isqui
1769 4196 1972 4261 devotionem

783 4311 928 4392 scripsit,
949 4328 1023 4371 cum
1043 4327 1100 4391 per
1119 4326 1255 4369 errorem
1277 4325 1333 4388 pro
1354 4327 1375 4365 a
1395 4309 1477 4379 Φλου
1491 4305 1701 4387 scripsissetis
1715 4310 1806 4377 φουλ,
1820 4302 1973 4366 mendum

783 4415 920 4476 correxit
943 4413 1110 4497 expunctis
1131 4429 1211 4493 quae
1232 4429 1398 4493 perperam
1419 4429 1451 4471 se
1470 4408 1638 4472 habebant.
1665 4407 1782 4493 Magus
1800 4410 1903 4493 igitur
1924 4408 1975 4470 ad-

784 4518 899 4578 iuratis
923 4517 1006 4593 deis,
1032 4524 1069 4580 ut
1090 4518 1158 4579 voti
1179 4535 1212 4577 se
1232 4523 1411 4596 compotem
1431 4512 1578 4589 iacerent,
1596 4516 1642 4576 eis
1666 4516 1814 4588 minatur,
1828 4516 1974 4576 siminus

784 4620 845 4682 eibi
869 4630 974 4684 essent
996 4623 1148 4695 obsecuti,
1174 4641 1206 4684 se
1226 4619 1264 4683 ad
1286 4618 1469 4702 sepulcrum
1490 4617 1589 4682 Osiris
1610 4639 1676 4683 esse
1697 4618 1921 4683 descensurum
1942 4625 1974 4682 et

785 4745 899 4807 corpus
922 4728 955 4788 iu
981 4725 1092 4791 Nilum
1116 4747 1183 4791 esse
1206 4727 1447 4798 immissurum,
1473 4730 1509 4788 ut
1532 4724 1665 4789 flumine
1687 4725 1852 4789 evehatur.

1282 4904 1319 4911 ---
1328 4904 1475 4914 ———

656 5231 867 5373 A
