5125 6150
1032 839 1196 888 cromerus
1219 839 1538 890 1611611116611616.
1810 818 1874 887 319

737 1003 755 1067 Ι
780 1002 823 1067 34
848 1025 877 1088 p.
903 1002 1025 1068 861116.
1050 1004 1201 1070 Nonnulli
1225 1027 1334 1071 eorum
1359 1010 1414 1091 qui
1437 1004 1608 1071 Herculem
1632 1005 1878 1080 comitabantur,

688 1109 873 1194 perdomita
907 1109 1064 1194 Hispania
1097 1133 1153 1196 per
1186 1112 1315 1176 ltaliam
1349 1116 1382 1176 in
1418 1112 1584 1179 Graeciam
1615 1113 1781 1177 redeuntes
1811 1109 1877 1174 illic

688 1225 913 1280 remanserunt
943 1216 1207 1295 παραιτησάμενοι
1239 1224 1295 1289 της
1327 1219 1624 1298 πραγματείας
1656 1219 1816 1297 οὶφείηναι.
1841 1215 1877 1281 Si

688 1321 802 1386 dixero
834 1343 886 1386 me
917 1326 1074 1408 corrigere
1104 1322 1205 1389 velle:
1240 1332 1296 1396 τῆς
1327 1326 1472 1404 ςρατοί
1480 1349 1527 1396 ας
1558 1326 1725 1405 ἀφεθῆναι,
1751 1324 1877 1389 etiamsi

686 1427 835 1514 digitum
865 1429 1057 1494 intenderim
1088 1432 1122 1494 in
1153 1451 1189 1494 ea
1222 1451 1302 1514 quae
1325 1451 1388 1514 seq.
1413 1451 1487 1517 pag.
1511 1433 1736 1495 inveniuntur:
1762 1427 1875 1506 ἄφεσιν

685 1543 744 1608 τῆς
778 1535 921 1613 ςρατείας
955 1536 1171 1613 clanculariae,
1204 1537 1301 1601 multi
1331 1543 1436 1602 tamen
1465 1538 1597 1602 fortasse
1620 1537 1873 1622 refragabantur,

688 1663 793 1727 qaam
815 1645 912 1706 nimis
936 1642 1108 1707 violentam
1132 1664 1199 1707 esse
1223 1646 1448 1708 correctionem
1471 1642 1668 1708 contendant.
1693 1642 1754 1707 Sed
1777 1662 1873 1727 quam

685 1753 736 1813 661
758 1747 840 1812 utile
862 1751 896 1812 in
920 1754 1061 1833 tempore
1085 1752 1269 1814 meminisse
1294 1753 1320 1814 si
1344 1771 1406 1834 qua
1430 1751 1510 1815 forte
1532 1748 1699 1815 literarum
1729 1748 1871 1812 confusio

685 1858 787 1920 etiam
806 1854 883 1919 alibi
902 1858 1094 1920 inveniatur.
1116 1856 1210 1941 Apud
1230 1855 1398 1921 Platonem
1417 1860 1569 1922 autemin
1582 1856 1710 1942 Theage
1722 1877 1752 1940 p.
1769 1852 1869 1919 1291]

685 1961 802 2025 itidem
827 1963 955 2040 τραπεία
980 1967 1011 2027 61
1035 1963 1242 2041 πραγματεία
1266 1964 1395 2029 confusa
1418 1965 1548 2029 fuerunt
1567 1971 1598 2029 61
1617 1963 1690 2029 vide
1709 1967 1871 2048 praeterea

688 2067 838 2132 Bestiam
861 2068 900 2132 ad
922 2065 1019 2154 Greg.
1045 2067 1115 2135 Gor.
1141 2091 1171 2154 p.
1197 2068 1273 2134 931.

735 2286 750 2350 Ι
774 2286 816 2350 34
839 2309 871 2373 p.
892 2286 934 2353 87
955 2287 1021 2352 bis:
1044 2287 1244 2364 ἐμέμικτο
1264 2289 1296 2355 δέ
1316 2316 1345 2355 τι
1365 2291 1417 2356 καί
1438 2291 1571 2371 Τρωϊκὸν
1590 2291 1705 2360 αὐτοῖς.
1733 2288 1872 2372 Legem:

686 2393 954 2471 ένεμέμικτο,
979 2395 1248 2479 quemadmodum
1272 2396 1357 2462 6611
1382 2396 1425 2462 60
1448 2420 1478 2483 p.
1504 2395 1583 2461 153:
1604 2391 1645 2469 οίς
1667 2396 1718 2459 καί
1738 2391 1870 2473 Τροιῖιιίν

686 2522 717 2562 τι
750 2499 954 2576 ἐμμέμικται.
989 2501 1060 2566 Hoc
1095 2503 1189 2568 habet
1223 2503 1399 2589 Dionysiae
1429 2524 1524 2589 snpra
1552 2508 1673 2568 6616166
1703 2500 1869 2588 plerosque

687 2627 816 2671 omncs:
841 2606 952 2672 eadem
977 2629 1101 2693 semper
1124 2611 1271 2675 enunciat
1293 2610 1388 2675 modo
1411 2611 1530 2676 eodem.

730 2826 748 2890 I
773 2825 816 2890 34
839 2848 870 2911 p.
896 2824 938 2893 87
962 2828 1027 2891 bis:
1061 2831 1124 2892 πῖον
1156 2827 1191 2893 εί
1212 2852 1242 2892 τι
1268 2829 1446 2907 καματηρὸν
1471 2830 1487 2903 ἢ
1512 2837 1550 2908 τη
1573 2826 1676 2908 πλάνη
1699 2826 1868 2908 οἱχίίμενον

687 2927 732 3005 ἦν.
756 2932 828 2997 Non
848 2939 894 2997 est
915 2932 1049 2998 dubiam
1069 2937 1146 3019 quin
1164 2933 1261 2999 malti
1280 2957 1320 3000 ex
1338 2934 1487 3000 Herculis
1508 2935 1677 2999 comitibus
1693 2932 1869 3019 longinquo

684 3041 801 3103 itinere
835 3043 868 3103 et
900 3041 1065 3105 immensis
1099 3040 1261 3107 laboribus
1296 3042 1388 3106 fracti
1419 3042 1553 3118 luerint;
1590 3041 1663 3105 hino
1694 3041 1867 3127 corrigam:

686 3148 750 3209 πᾶν
770 3140 789 3208 i'
805 3168 847 3209 τι.
867 3144 987 3211 Eadem
1007 3150 1157 3212 correctio
1176 3150 1275 3213 etiam
1294 3150 1399 3233 magis
1417 3150 1589 3212 necessaria
1604 3145 1733 3212 661146
1746 3168 1777 3231 p.
1793 3145 1868 3223 116,

684 3253 741 3317 ubi
773 3253 893 3316 Aeneas
923 3273 1032 3317 secum
1062 3252 1257 3339 absportasse
1280 3254 1397 3320 dicitur
1420 3260 1477 3318 τῶν
1500 3251 1604 3318 ἄλλον
1628 3253 1662 3317 el
1686 3276 1715 3318 τι
1739 3252 1867 3321 πλείςοο

686 3356 772 3435 ἄξιον
795 3354 828 3432 ἦν
851 3359 940 3437 σῶμα
965 3358 982 3433 ἣ
1006 3366 1126 3441 χρῆμα.

732 3561 749 3627 Ι
773 3560 815 3627 37
837 3584 868 3647 p.
894 3561 946 3627 92.
977 3562 1086 3628 Etiam
1112 3563 1266 3651 Dionysio
1290 3564 1383 3630 Italia
1406 3570 1454 3629 est
1478 3565 1509 3627 la
1533 3565 1628 3642 bella,
1652 3565 1748 3651 digna
1771 3585 1867 3651 qaam

684 3668 836 3735 laudibus
865 3672 899 3733 in
928 3668 1054 3734 coelam
1078 3670 1194 3734 efferat.
1223 3671 1316 3743 Ποίας
1342 3670 1865 3750 μένγοὶρ,6161611161,ιιιίπεται

685 3774 847 3856 σιτοφόρου
877 3777 921 3852 μη
952 3783 1105 3851 ποταμοῖς
1137 3776 1224 3841 ἄλλα
1255 3784 1317 3849 τοῖς
1350 3778 1493 3855 οὐρανίοις
1518 3774 1623 3842 ὕδασιν
1648 3777 1866 3858 ἀρδομένης

683 3883 730 3947 τὰ
762 3879 940 3957 καλούμενα
970 3888 1148 3956 Καμπανῶν
1175 3882 1286 3962 πεδία;
1320 3883 1382 3949 ιιτὲ.
1414 3881 1487 3968 Ipsa
1517 3886 1709 3969 praestantia
1731 3883 1868 3948 duorum

685 3986 857 4063 (lodicum,
884 3984 1028 4053 Ohisiani
1057 3992 1090 4051 et
1121 3987 1301 4066 Urbinatis,
1326 3990 1401 4054 fecit
1424 3996 1462 4053 ut
1486 3995 1557 4074 post
1582 4011 1700 4054 annam
1727 3988 1813 4054 1860
1836 3992 1870 4053 in

684 4093 879 4160 oblivionem
902 4095 1003 4159 abiret
1027 4092 1159 4180 vulgata
1182 4097 1340 4180 scriptura
1360 4095 1582 4177 οὶρδίμενα,
1603 4116 1682 4181 qaae
1701 4099 1870 4161 verissima

684 4207 745 4266 661.
784 4198 958 4285 Dionysias
998 4197 1205 4285 Campaniam
1242 4203 1392 4288 Aegypto
1428 4206 1607 4288 anteponit,
1645 4223 1741 4287 quam
1776 4202 1871 4269 Nilus

684 4306 810 4391 irrigat.

733 4523 756 4588 l.
783 4522 825 4588 38
849 4546 879 4609 p.
904 4520 957 4589 97.
982 4523 1044 4587 Hic
1068 4524 1181 4588 haereo
1205 4530 1238 4589 et
1260 4526 1416 4591 mirificae
1440 4548 1526 4593 error
1549 4535 1614 4605 est,
1639 4527 1748 4605 credo,
1768 4528 1868 4611 ipsias

683 4631 845 4716 Dionysii.
877 4627 991 4695 Narrat
1020 4628 1058 4694 de
1089 4630 1168 4695 festo
1201 4630 1357 4715 quodam,
1391 4633 1474 4717 quod
1505 4633 1697 4720 peragebant
1727 4632 1869 4713 μικρὸν

684 4735 754 4806 ὕςε
763 4760 824 4813 ρον
856 4737 970 4815 ἐαρινῆς
995 4737 1153 4816 ἰσημερίας
1179 4738 1209 4801 έν
1231 4737 1303 4813 μηνί
1329 4739 1424 4818 Μαΐῳ
1448 4748 1517 4810 ταῖς
1542 4740 1745 4816 καλουμέναις
1769 4740 1867 4811 εἰδοῖς.

682 4845 773 4909 Itane
804 4840 1072 4921 praeterieram?
1103 4842 1313 4909 Intervallum
1339 4851 1387 4911 661
1410 4846 1534 4910 dieram
1558 4845 1611 4910 LV
1635 4852 1668 4912 61
1690 4847 1865 4912 solstitium

685 4957 752 5016 iam
775 4952 908 5036 propius
929 4953 1036 5017 instat.
