5125 6150
1205 803 1391 853 nuenarius.
1818 789 1882 858 117

746 968 859 1035 Altero
889 992 965 1035 vero
996 969 1063 1035 loco
1094 969 1204 1035 eadem
1234 971 1299 1035 fere
1321 970 1473 1058 leguntur
1495 973 1553 1037 hoo
1576 973 1687 1040 modo:
1715 997 1813 1061 „qnae
1837 984 1885 1042 est

695 1080 769 1140 tota
801 1074 933 1140 Diodori
960 1075 1050 1140 vobis
1077 1077 1208 1140 inimica
1237 1078 1426 1142 sententie''.
1462 1079 1575 1142 Etecaim
1597 1080 1625 1143 ci
1647 1079 1729 1143 illud
1750 1104 1817 1145 ecre
1839 1104 1883 1146 co·

695 1182 831 1244 nectitur
863 1180 918 1257 „Si
949 1182 1069 1245 oriente
1100 1179 1253 1247 Canicula
1281 1189 1375 1247 natus
1399 1204 1446 1260 es,
1469 1186 1503 1248 in
1526 1187 1608 1249 mari
1631 1207 1693 1249 non
1716 1187 1883 1264 moriere'’,

695 1291 906 1374 primumque
937 1287 1020 1373 quod
1051 1294 1100 1353 est
1130 1290 1163 1351 in
1194 1309 1312 1354 conexo
1344 1289 1468 1366 „Natus
1498 1312 1531 1355 es
1561 1294 1680 1356 oriente
1711 1290 1883 1359 Canicula’'

694 1397 915 1460 necessarium
939 1401 986 1459 est
1088 1391 1123 1456 fit
1142 1396 1240 1459 etiam
1263 1395 1346 1481 quod
1369 1399 1572 1482 consequitur
1593 1399 1837 1465 necessarium”.

742 1500 781 1565 In
811 1500 899 1566 hisce
929 1499 1008 1566 loeis
1036 1501 1140 1586 igitur
1162 1500 1239 1564 caim
1262 1508 1295 1566 et
1317 1502 1346 1565 ci
1368 1503 1456 1567 sedes
1477 1510 1702 1583 mutaveruut3
1726 1506 1783 1570 ubi
1806 1508 1882 1571 caim

695 1609 839 1690 priorem
871 1612 1004 1692 occupat
1033 1606 1140 1670 caesim
1169 1615 1217 1672 est
1245 1615 1453 1694 usurpatum
1478 1607 1566 1675 aliud
1588 1610 1773 1689 discrimen,
1799 1613 1882 1698 qnod

694 1712 842 1790 videam,
867 1736 929 1778 nou
953 1719 1065 1778 exstat.

742 1819 835 1900 Quod
858 1822 885 1884 si
907 1823 953 1885 ita
977 1827 1110 1885 estnon
1134 1818 1210 1884 licet
1232 1820 1406 1907 particulae
1429 1821 1535 1885 etenim
1557 1821 1652 1888 eliam
1678 1824 1882 1910 significatio-

693 1948 770 1991 nem
804 1927 960 2003 tribuere,
992 1929 1054 1991 nisi
1077 1948 1156 2012 ques
1180 1930 1324 2011 seqnitur
1346 1950 1383 1993 ex
1409 1932 1575 1994 coniuncta
1599 1933 1765 2017 utriusque
1787 1938 1883 2020 parti-

694 2031 786 2097 culae
809 2035 853 2096 vi.
886 2033 995 2098 Potest
1018 2053 1093 2098 vero
1116 2032 1184 2097 fieri
1208 2038 1246 2098 nt
1269 2042 1298 2097 et
1321 2036 1356 2098 in
1377 2036 1471 2100 initio
1492 2039 1663 2102 sententiae
1686 2041 1829 2123 positum
1851 2047 1882 2106 et
1995 2037 2000 2048 ’

693 2159 771 2203 cum
797 2137 942 2203 enclitica
965 2138 1122 2225 particula
1144 2139 1221 2202 enim
1244 2142 1467 2218 coniunctum,
1491 2162 1565 2206 cum
1584 2145 1727 2230 emphasi
1745 2147 1881 2231 quadam

692 2247 921 2330 pronuntietur
940 2251 972 2310 et
989 2245 1064 2310 licet
1080 2245 1346 2330 significationem
1358 2247 1533 2332 particulae
1545 2249 1632 2312 etiam
1644 2272 1706 2315 non
1718 2251 1831 2319 habeat
1846 2254 1880 2335 ¹),

692 2358 805 2416 temen
829 2352 868 2416 ad
891 2373 962 2417 eam
985 2352 1110 2417 accedat
1134 2358 1166 2418 et
1185 2374 1203 2417 a
1222 2354 1313 2419 nobis
1332 2357 1431 2439 possit
1450 2353 1564 2420 vocula
1582 2356 1645 2434 ool,
1666 2355 1775 2423 Germ.
1796 2361 1880 2437 auch,

692 2457 796 2523 reddi.
821 2459 940 2522 Etenim
963 2465 1039 2524 tuno
1062 2458 1206 2525 redditur
1229 2459 1359 2546 Belgica
1382 2465 1444 2540 (eo)
1466 2462 1583 2525 immcra
1601 2463 1670 2540 cole,
1692 2461 1880 2532 Germanice

691 2566 787 2645 (aad)
805 2566 846 2649 jc
870 2614 900 2629 ..
925 2566 1009 2631 cuch.
1042 2565 1091 2630 lla
1119 2572 1268 2631 contextu
1293 2588 1367 2632 vero
1398 2574 1529 2653 apparet
1559 2571 1641 2634 sitne
1671 2569 1705 2634 id
1727 2571 1811 2655 quod
1835 2593 1879 2637 se

692 2673 806 2756 quitur
835 2671 875 2737 ad
904 2675 1088 2757 proximum
1111 2675 1259 2758 superius
1280 2674 1497 2751 referendum,
1522 2695 1561 2739 an
1584 2674 1679 2739 adid
1703 2676 1876 2761 quodiam

690 2780 815 2841 maiore
838 2780 939 2863 spatio
963 2784 1012 2842 est
1034 2786 1205 2844 remotum.

738 2882 832 2961 Quod
863 2883 902 2947 ed
932 2882 1091 2950 Ciceronis
1119 2883 1226 2950 locum
1257 2885 1296 2950 de
1325 2884 1416 2950 Finn.
1448 2884 1523 2950 libri
1546 2885 1561 2950 I
1585 2885 1641 2971 §3
1666 2891 1797 2973 attinet,
1822 2892 1877 2975 qui

690 2989 901 3076 Madvigium
924 2989 1055 3055 adduxit
1074 2997 1111 3055 ut
1129 2989 1221 3055 illem
1239 2991 1523 3078 significationem,
1543 3012 1625 3076 quae
1644 3000 1691 3058 est
1708 3002 1873 3077 praetereo,

684 3120 782 3180 porro
813 3098 983 3174 tribueret,
1010 3100 1075 3162 iam
1098 3104 1197 3163 restat
1220 3105 1257 3163 ut
1279 3100 1444 3164 ostendam
1466 3121 1541 3164 eum
1564 3099 1672 3165 loonm
1695 3100 1790 3167 illum
1814 3125 1876 3168 non

690 3207 771 3268 satis
802 3209 946 3268 accurate
975 3206 1221 3289 interpretatum
1245 3226 1322 3270 esse.
1356 3203 1465 3272 Cicero
1487 3208 1556 3291 agit
1579 3205 1617 3271 de
1641 3209 1681 3272 iis
1704 3211 1759 3292 qui
1783 3206 1878 3275 Grae-

691 3331 763 3375 oam
784 3309 1020 3395 philosophiam
1044 3310 1167 3375 Latinis
1189 3310 1308 3376 litteris
1331 3312 1481 3377 mandare
1499 3333 1562 3376 uon
1581 3313 1830 3398 reprehendunt,
1850 3320 1877 3381 si

691 3419 858 3481 remissius
886 3430 1011 3502 agatur,
1035 3416 1089 3481 sed
1113 3423 1239 3482 tantum
1263 3417 1407 3483 studium
1432 3424 1560 3503 tamque
1584 3419 1723 3484 multam
1747 3443 1875 3506 operam

690 3523 868 3608 ponendam
898 3526 932 3587 in
963 3543 998 3587 eo
1031 3544 1092 3587 non
1124 3524 1328 3588 arbitrantur.
1361 3524 1437 3589 Inde
1465 3525 1612 3589 averbis
1636 3525 1720 3605 „Qui
1743 3530 1873 3593 autem'’

691 3637 765 3695 cett.
788 3634 821 3692 in
841 3629 944 3694 medio
964 3629 1015 3714 §2
1034 3651 1135 3715 usqne
1154 3630 1192 3695 ad
1215 3630 1307 3695 finem
1327 3630 1378 3715 §3
1397 3631 1562 3718 redarguit
1581 3652 1645 3709 eos,
1665 3654 1739 3697 cum
1759 3636 1873 3711 „rebus

689 3735 847 3800 infinitis''
879 3736 982 3821 qualis
1014 3742 1088 3801 sunt
1111 3735 1330 3823 philosophiae
1354 3757 1420 3813 res,
1446 3736 1599 3813 „modum
1623 3742 1817 3805 constituant
1839 3745 1874 3806 in

688 3864 787 3928 reque
821 3863 857 3907 ao
892 3842 1023 3908 meliore
1056 3864 1118 3928 quo
1153 3846 1255 3909 maior
1289 3846 1341 3921 sit,
1375 3843 1627 3911 mediocritatem
1662 3846 1872 3913 desiderent'’.

690 3948 813 4014 Deinde
836 3951 881 4013 sic
904 3952 1026 4034 pergit:

737 4054 835 4131 „Sive
863 4058 949 4120 enim
980 4053 1019 4120 ad
1042 4058 1231 4141 sapientiam
1254 4057 1412 4141 perveniri
1437 4061 1551 4141 potest,
1574 4078 1636 4122 non
1660 4060 1797 4142 paranda
1820 4082 1872 4126 no

687 4162 737 4225 bis
757 4159 861 4225 solum
881 4181 927 4238 ee,
950 4159 1004 4226 sed
1024 4161 1155 4226 fruenda
1174 4164 1272 4226 etiam
1292 4168 1356 4240 est;
1383 4164 1451 4227 sive
1469 4161 1528 4227 hoo
1547 4162 1672 4227 difficile
1684 4171 1746 4238 est.
1764 4172 1870 4230 tamen

686 4288 744 4331 nec
769 4266 881 4331 modus
905 4274 953 4331 est
975 4267 1063 4332 nllus
1087 4268 1307 4354 investigandi
1328 4271 1414 4344 veri,
1439 4270 1500 4331 nisi
1524 4271 1700 4345 inveneris,
1724 4278 1757 4334 et
1780 4291 1872 4354 quae·

686 4371 777 4436 rendi
806 4371 992 4458 defetigatio
1023 4376 1127 4460 turpis
1159 4381 1223 4449 est,
1253 4395 1328 4438 cum
1350 4373 1402 4448 id,
1432 4375 1516 4459 qnod
1538 4377 1712 4458 quaeritur,
1737 4378 1779 4440 sit
1801 4377 1871 4463 pul-

685 4479 893 4544 cherrimum.
918 4478 1038 4542 Etenim
1062 4482 1089 4543 ei
1108 4478 1313 4557 delectamur,
1337 4501 1410 4544 cum
1434 4481 1618 4556 scribimus,
1643 4483 1714 4565 quis
1736 4486 1783 4547 est
1804 4490 1870 4549 tem

683 4583 832 4659 invidus,
863 4585 919 4668 qui
950 4585 989 4649 sb
1021 4604 1057 4649 eo
1081 4606 1138 4649 uos
1162 4582 1318 4650 abducat?
1342 4587 1392 4649 sin
1413 4583 1606 4661 laboramus,
1630 4589 1702 4670 quis
1724 4595 1789 4666 est,
1814 4592 1869 4674 qui

681 4689 807 4755 alienae
829 4689 963 4753 modum
986 4696 1106 4755 statuat
1128 4687 1343 4756 industriael’'

718 4927 743 4988 l)
760 4925 795 4973 cl.
812 4930 896 4974 eontra
913 4924 1061 4988 Madvigium
1070 4925 1176 4990 aliosque
1185 4927 1211 4974 0.
1222 4926 1246 4975 Ρ.
1260 4926 1300 4975 W.
1313 4925 1413 4974 Mulieri
1422 4926 1476 4974 adn.
1485 4925 1514 4973 ad
1523 4925 1572 4974 Cio.
1584 4927 1612 4974 de
1620 4926 1667 4974 off.
1678 4925 1709 4987 15
1720 4928 1767 4975 las
1776 4932 1800 4976 et
1810 4928 1868 4979 141,
