5125 6150
690 839 757 914 3476
1215 859 1358 907 uncinus.

688 1043 759 1088 eam
794 1045 863 1088 rem
901 1023 1040 1089 multum
1076 1031 1125 1089 est
1158 1028 1192 1089 iu
1226 1026 1298 1090 eius
1332 1023 1478 1110 exemplo
1513 1026 1664 1110 praesidii
1699 1026 1881 1094 Gramutio.

734 1128 855 1208 Quodsi
889 1133 961 1216 quis
994 1152 1047 1196 me
1082 1138 1192 1218 rogat,
1228 1130 1306 1216 quid
1338 1151 1414 1216 ergo
1444 1133 1488 1196 sit
1521 1133 1687 1213 oppositam
1718 1134 1810 1212 fidei,
1844 1138 1880 1199 in

689 1241 841 1320 promptu
860 1242 910 1302 est
929 1258 1125 1323 responsum.
1146 1237 1205 1302 Est
1223 1237 1386 1314 discordia,
1407 1237 1492 1322 quod
1510 1239 1703 1305 vocabulum
1720 1239 1833 1306 'l'acito
1849 1245 1884 1305 in

689 1340 811 1406 deliciis
842 1363 909 1409 esse
938 1343 1077 1420 videtur,
1109 1364 1210 1428 neque
1233 1350 1341 1408 tamen
1364 1364 1491 1428 semper
1513 1366 1571 1409 suo
1595 1367 1689 1411 sensu
1713 1350 1883 1432 accipitur.

688 1446 778 1513 Dabo
802 1470 904 1515 unum
927 1456 961 1516 st
984 1449 1123 1515 alterum
1145 1449 1271 1515 locum:

731 1553 775 1618 H.
806 1554 833 1631 l,
865 1554 919 1620 53.
954 1553 1111 1632 „Caecina
1141 1575 1236 1642 aegre
1267 1576 1380 1639 passus
1411 1561 1466 1634 (sc.
1489 1577 1523 1621 se
1546 1576 1565 1620 a
1588 1553 1692 1622 Galba
1714 1557 1884 1643 peculatus

685 1665 885 1741 accusatum)
914 1664 1047 1726 miscere
1070 1667 1185 1726 cuncta
1207 1666 1240 1726 et
1262 1663 1389 1745 privata
1412 1660 1546 1727 vulnera
1568 1663 1763 1747 reipublicae
1787 1664 1883 1729 malis

686 1768 808 1850 operire
831 1769 956 1831 statuit.
980 1768 1046 1832 Nec
1069 1767 1201 1833 deerant
1222 1769 1255 1832 in
1281 1769 1423 1832 exercitu
1444 1770 1567 1832 semina
1586 1768 1776 1847 discordiae,
1797 1770 1884 1854 quod

686 1876 719 1934 ct
749 1869 833 1936 bello
866 1872 1019 1938 adversus
1051 1872 1218 1938 Vindicem
1249 1876 1420 1938 universus
1444 1873 1589 1938 adfuerat
1612 1895 1669 1939 nec
1691 1877 1755 1938 nisi
1778 1879 1883 1941 occiso

684 1975 810 2040 Nerone
830 1976 1003 2043 translatus
1021 1981 1055 2042 in
1076 1975 1215 2043 Galbam
1235 1984 1331 2062 atque
1350 1981 1383 2042 in
1403 1999 1440 2044 eo
1459 1981 1529 2064 ipso
1541 1985 1737 2045 sacramento
1751 1979 1883 2046 vexillis

684 2080 844 2146 inferioris
868 2078 1057 2162 Germanias
1081 2088 1273 2169 praeventus
1297 2083 1397 2148 erat''.

732 2187 922 2253 Aocuratius
952 2189 1057 2254 fuerat
1086 2190 1138 2254 hic
1166 2188 1235 2270 apri
1257 2188 1386 2274 fartilia
1416 2190 1559 2275 imagine
1582 2191 1649 2267 nti,
1672 2191 1707 2254 in
1731 2211 1795 2274 quo
1819 2190 1882 2255 dis-

689 2292 813 2359 cordiae
831 2297 954 2365 semina
973 2315 1071 2360 suum
1090 2294 1152 2360 sibi
1171 2293 1263 2360 facile
1275 2297 1457 2360 invenirent
1469 2296 1720 2359 nutrimentum:
1740 2297 1883 2381 angebat

689 2402 775 2465 enim
800 2422 853 2466 cos
876 2403 1067 2468 conscicntia
1085 2401 1373 2487 intelligebantque
1392 2423 1455 2466 non
1475 2422 1564 2486 posse
1584 2422 1617 2466 se
1637 2399 1757 2467 Galbae
1778 2402 1884 2468 videri

688 2506 833 2590 partibus
854 2509 958 2592 ipsius
982 2529 1021 2573 er
1045 2510 1145 2573 animi
1168 2510 1327 2573 sententia
1350 2507 1485 2572 deditos.
1517 2506 1579 2572 Sed
1602 2527 1808 2593 quaecunque
1834 2515 1883 2573 cst

688 2616 792 2677 cetera
822 2610 886 2678 loci
914 2616 1091 2690 sententia,
1114 2613 1297 2677 discordiam
1320 2635 1387 2678 esse
1410 2619 1553 2679 mentem
1576 2634 1687 2678 eorum
1711 2617 1767 2699 qui
1790 2613 1883 2679 facile

688 2740 707 2784 a
730 2722 887 2804 praesenti
911 2720 1087 2786 desciscant
1109 2723 1300 2804 imperatore
1325 2725 1474 2804 apertum
1493 2725 1551 2784 est.
1576 2717 1624 2785 cf.
1645 2740 1671 2784 c.
1693 2717 1736 2784 60
1758 2719 1829 2797 „Ne
1849 2722 1883 2784 in

688 2825 855 2891 Britannia
878 2826 1008 2911 quidem
1033 2826 1228 2890 dubitatum.
1253 2825 1403 2890 Praeerat
1425 2823 1606 2890 Trebellius
1630 2825 1806 2902 Maximus,
1827 2847 1884 2910 per

687 2931 857 2996 avaritiam
881 2952 917 2997 ac
935 2930 1042 2997 sordes
1062 2936 1264 3016 contemptus
1284 2932 1438 2996 exercitui
1457 2933 1655 3013 invisusque.
1681 2930 1883 2995 Accendebat

688 3036 799 3103 odium
830 3040 899 3104 eius
928 3038 1061 3104 Roscius
1091 3036 1238 3115 Caelius,
1268 3035 1396 3123 legatus
1426 3039 1598 3103 vicesimae
1621 3036 1777 3122 legionis,
1802 3036 1881 3102 olim

689 3143 824 3207 discora''
855 3147 876 3209 i.
902 3166 928 3209 e.
962 3145 1001 3210 ad
1028 3143 1240 3210 resistendum
1263 3146 1446 3228 provinciae
1469 3143 1606 3229 praesidi
1628 3164 1814 3227 propensus.
1840 3144 1884 3207 Et

689 3249 785 3333 paulo
808 3256 880 3334 post
904 3273 1014 3336 „eoque
1035 3251 1205 3314 discordiae
1227 3248 1377 3325 ocntam'’‚
1402 3249 1458 3313 ubi
1480 3269 1542 3313 non
1564 3248 1602 3313 de
1619 3247 1782 3312 militibus
1802 3249 1883 3312 inter

689 3377 720 3418 re
742 3354 946 3442 litigantibus
970 3357 1024 3422 sed
1048 3356 1086 3422 de
1110 3356 1271 3421 militibus
1295 3357 1437 3418 adversm
1459 3356 1560 3417 dacem
1582 3377 1666 3418 saum
1688 3359 1884 3420 contumaci·

689 3460 749 3523 bus
772 3464 890 3546 agitur.

735 3565 778 3630 H.
803 3565 843 3644 ll,
867 3566 896 3633 7.
922 3567 988 3635 Gur
1006 3568 1177 3634 Mucianus
1192 3567 1469 3652 Vespasianusqus
1489 3565 1630 3630 nondum
1650 3568 1781 3650 imperii
1794 3566 1882 3632 frena

688 3674 722 3737 iu
746 3692 860 3736 manus
884 3695 1009 3739 sumere
1032 3673 1133 3740 velint
1157 3679 1189 3738 st
1213 3671 1285 3738 aliis
1308 3672 1415 3736 verbis
1439 3670 1630 3735 describitur
1652 3677 1683 3733 et
1707 3670 1811 3734 bisce:

736 3778 822 3855 „Neo
842 3779 958 3845 referre
978 3779 1137 3844 Othonem
1155 3801 1194 3844 an
1210 3777 1380 3843 Vitellium
1393 3780 1599 3862 superstitem
1611 3777 1739 3840 fortuna
1752 3777 1881 3842 faceret.

688 3885 794 3951 Rebus
814 3885 961 3951 secundis
982 3888 1081 3950 etiam
1102 3888 1249 3972 egregios
1267 3886 1362 3950 duces
1377 3883 1582 3950 insolescere:
1601 3883 1793 3947 discordiam
1813 3884 1880 3960 his,

687 3993 870 4076 ignaviam,
902 3990 1082 4067 luxuriem,
1113 3997 1146 4055 st
1177 3993 1312 4055 suismet
1343 3991 1433 4053 vitiis
1464 3987 1602 4053 alterum
1631 3986 1716 4052 bello
1739 3987 1880 4053 alterum

687 4099 823 4162 victoria
845 4096 1060 4183 periturum'’.

734 4202 894 4269 Sollicitat
905 4204 982 4268 haec
995 4201 1183 4288 Madvigius
1195 4207 1241 4266 et:
1261 4200 1440 4279 „discordia
1450 4198 1595 4264 militum
1607 4200 1739 4285 ignavia
1751 4198 1882 4264 luxurie

688 4316 721 4376 et
745 4312 880 4374 suismet
903 4310 993 4373 vitiis
1016 4329 1043 4373 e.
1057 4330 1088 4393 q.
1101 4307 1148 4371 s.'’
1173 4309 1331 4392 proponit.
1356 4305 1419 4370 Sed
1441 4302 1657 4369 leviusculum
1682 4304 1814 4369 videtur
1837 4326 1882 4369 ar-

688 4420 898 4503 gumentum,
924 4435 987 4498 quo
1012 4434 1123 4480 vocem
1147 4412 1195 4475 hia
1217 4417 1401 4496 oppugnat,
1427 4430 1522 4494 quam
1547 4410 1625 4475 dum
1648 4414 1774 4486 mutat,
1796 4409 1883 4475 tollit

687 4522 888 4590 luculentam
908 4521 989 4585 hanc
1009 4522 1257 4605 oppositionem:
1279 4517 1408 4598 eprcpa'or
1424 4518 1512 4580 duces
1530 4520 1563 4580 et
1581 4516 1639 4592 his,
1656 4515 1881 4600 militibusque

689 4651 725 4694 sa
759 4629 888 4714 praebet
923 4629 1021 4704 vitia,
1058 4646 1138 4711 quae
1169 4632 1336 4709 tamquam
1367 4624 1494 4707 propria
1528 4621 1662 4686 Othonis
1694 4620 1880 4706 Vitelliique

688 4732 869 4819 legentibus
889 4731 1012 4798 dudum
1031 4738 1106 4797 nota
1125 4736 1210 4796 sunt.
1232 4728 1386 4813 Denique,
1406 4727 1490 4811 quod
1509 4729 1880 4813 gravissimum,veram

691 4842 778 4905 vocis
802 4838 955 4905 discordia
977 4840 1047 4903 vim
1070 4858 1132 4902 non
1152 4837 1307 4924 agnoscit.
1328 4835 1596 4919 Perstringuntur
1616 4831 1700 4897 Otho
1718 4831 1881 4898 Vitellius

689 4964 752 5028 que
779 4950 947 5029 tamquam
963 4943 1057 5027 pravi
1080 4941 1207 5020 milites,
1232 4942 1288 5026 qui
1311 4945 1420 5007 contra
1441 4939 1628 5026 legitimum
1653 4937 1767 5003 ducem
1791 4959 1879 5004 arma
