5125 6150
703 762 747 827 58
1050 781 1093 828 na
1115 780 1323 828 memorre
1344 781 1533 828 mmonn.

699 945 865 1011 Homerici
895 955 931 1008 ι”ιι
951 946 1018 1010 422
1037 956 1118 1032 sqq.i
1150 950 1315 1031 sanguinis
1345 967 1463 1031 poenae
1485 946 1525 1009 ab
1548 944 1642 1011 Ulixe
1664 945 1880 1030 petentibue.”

745 1054 822 1118 Post
842 1058 949 1118 omnia
968 1075 1048 1138 quae
1067 1076 1162 1139 supra
1181 1057 1390 1138 scripsimus
1409 1053 1509 1118 habeo
1525 1074 1641 1139 negare
1652 1059 1880 1139 argumentum

700 1181 739 1225 ex
771 1159 893 1246 Necyia
924 1159 1094 1225 Homeriea
1117 1181 1185 1224 esim
1208 1163 1366 1244 petitum:
1389 1159 1459 1223 iens
1482 1172 1549 1223 erat
1573 1157 1626 1223 rel
1648 1158 1880 1244 Eugemmonis

700 1264 889 1352 Telegonia,
920 1264 990 1342 rel,
1026 1266 1110 1351 quod
1140 1268 1247 1350 potius
1278 1265 1389 1331 eredo.
1419 1268 1571 1350 antiquus
1601 1266 1733 1350 mythus
1764 1268 1818 1329 cui
1850 1272 1881 1330 et

697 1372 904 1458 Eugammon
923 1386 1152 1458 argumentum
1172 1393 1268 1435 suum
1280 1371 1424 1436 debebat.
1442 1369 1572 1447 Deinde,
1584 1370 1656 1435 lioet
1670 1369 1882 1455 obloquentur

699 1478 884 1544 ttelckerus
903 1495 934 1543 et
954 1479 1095 1553 Nitrsch,
1115 1479 1195 1543 t'acio
1212 1499 1287 1542 cum
1307 1476 1507 1553 Hermanno,
1527 1480 1583 1562 qni
1601 1475 1714 1562 Opuso.
1733 1474 1881 1562 111p.40

698 1586 778 1650 hane
802 1584 944 1650 fabulam
964 1588 1136 1669 satyricam
1154 1584 1252 1649 fuisse
1275 1586 1399 1668 optimo
1417 1587 1488 1647 iure
1506 1582 1606 1648 effecit
1624 1604 1643 1647 e
1660 1584 1773 1668 fragm.
1795 1580 1879 1648 180:

923 1687 966 1754 οὝ
990 1692 1074 1754 ierit
1095 1689 1127 1761 ἔς
1149 1693 1219 1754 ner*
1242 1692 1330 1768 ἄμφ’
1352 1690 1420 1764 ἐμοὶ
1442 1689 1536 1764 βέλος

923 1796 1137 1873 γελωτοποιόν,
1160 1799 1215 1869 τὴν
1238 1796 1394 1872 dmm
1416 1797 1541 1874 alpem

922 1901 1039 1980 ἔρριψεν
1062 1902 1123 1967 οὐδ’
1147 1902 1283 1979 ἥμαρτεν
1305 1924 1333 1967 e.
1345 1924 1376 1987 q.
1388 1924 1414 1968 ε.

743 2008 826 2073 ltem
848 2031 866 2074 e
888 2010 1048 2095 Psychag.
1072 2009 1110 2073 fr.
1136 2009 1202 2074 275
1225 2012 1355 2094 egregie
1378 2030 1396 2072 a
1419 2006 1643 2073 Valckenaerio
1665 2011 1834 2073 restituto:

922 2116 1035 2195 ἐρῳδιὸς
1058 2117 1121 2193 γὰρ
1146 2116 1255 2194 ὐψὲθεο
1279 2117 1453 2189 ποτέ-μενος

922 2224 991 2302 dade
1014 2245 1050 2285 σε
1074 2221 1185 2299 niffen
1209 2222 1313 2296 νηδύος
1335 2223 1524 2301 graduum.

923 2329 956 2392 ἐκ
980 2327 1061 2392 τοῦδ’
1083 2327 1204 2392 ἄοινοι
1228 2330 1350 2392 πηίου
1370 2328 1572 2404 βοσκήματος

923 2436 1017 2510 σήψει
1040 2435 1176 2497 tataris
1200 2433 1298 2511 ἶὲιμιι
1321 2435 1373 2498 arel
1397 2433 1568 2512 οριχορροὲς
1582 2434 1607 2511 1)

698 2538 799 2604 efficio
833 2548 865 2604 et
899 2541 979 2604 hanc
1011 2540 1152 2605 fabulam
1183 2542 1281 2606 suinse
1310 2542 1480 2625 satyricae.
1512 2537 1689 2625 Aeschylus
1710 2545 1749 2602 ut
1771 2541 1882 2603 monet

698 2644 869 2709 scholiasta
900 2646 939 2709 ad
970 2646 1068 2711 2134
1098 2648 1124 2725 (3
1150 2658 1187 2711 A.
1218 2650 1297 2718 iiior
1328 2650 1416 2725 λέγει
1448 2654 1556 2725 ase.)
1585 2667 1680 2711 suum
1709 2647 1880 2730 ingenium

698 2767 826 2815 secutus
856 2751 981 2817 radium
1012 2774 1069 2836 per
1098 2753 1208 2818 ardeae
1239 2753 1349 2818 alvum
1380 2758 1414 2818 in
1446 2752 1550 2818 Ulixis
1578 2766 1674 2837 eaput
1695 2749 1824 2814 calvum
1848 2756 1882 2814 et

697 2857 796 2922 senile
829 2861 999 2935 immittit,
1035 2873 1070 2922 ut
1103 2876 1204 2924 totam
1235 2860 1388 2946 Telegoni
1418 2859 1557 2925 fabulam
1586 2858 1724 2923 ludibrio
1752 2856 1878 2921 habent.

697 2964 800 3029 Ardea
832 2985 912 3050 quae
939 2964 1093 3052 Telegoni
1124 2969 1194 3031 vice
1225 2968 1374 3053 iungitur
1406 2988 1505 3051 acque
1536 2976 1584 3030 eat
1607 2966 1721 3029 festiva
1741 2985 1777 3028 ac
1800 2964 1877 3039 oete

697 3092 760 3157 qua
782 3070 1007 3157 Eurymachus
1030 3073 1081 3136 τὸν
1104 3074 1301 3151 πτολίπορθον
1324 3072 1455 3139 l'lixem
1486 3076 1576 3159 petit.
1606 3070 1749 3157 'l'rilogia
1774 3072 1880 3157 igitur

698 3200 716 3244 a
745 3178 927 3243 Wecklenio
962 3179 1143 3245 dubitanter
1178 3185 1338 3266 proposita
1372 3185 1485 3266 utique
1518 3186 1566 3245 est
1600 3178 1784 3253 reiioienda;
1820 3198 1878 3262 pro

696 3288 857 3370 paucitate
876 3296 985 3350 autem
1005 3287 1256 3372 fragmentorum
1275 3287 1419 3351 multum
1438 3286 1600 3372 disputare
1622 3284 1676 3350 sed
1692 3282 1774 3347 nihil
1793 3281 1881 3347 ultra

697 3411 753 3476 pro
776 3399 862 3455 certo
886 3392 1040 3456 affirmare
1064 3391 1148 3457 licet.

731 3623 757 3685 l)
775 3620 889 3670 Fabulam
914 3623 942 3669 de
968 3625 1044 3670 morte
1068 3622 1178 3685 Aoeehpli
1203 3622 1273 3683 (l'ita
1292 3626 1333 3682 to)
1357 3638 1385 3671 en
1413 3623 1457 3671 hoe
1478 3622 1585 3671 dramate
1607 3622 1710 3685 satyrion
1733 3635 1782 3669 eaae
1799 3623 1877 3669 ortatu

698 3704 848 3752 oouieoerant
873 3705 903 3752 Ο.
921 3704 1019 3752 Orosius
1044 3705 1120 3763 (him.
1145 3704 1223 3752 Rhen.
1242 3704 1288 3766 Si)
1315 3709 1339 3752 et
1365 3704 1518 3753 leenaenina
1540 3705 1671 3765 (hinemoa
1695 3703 1760 3751 18⁹0
1782 3719 1805 3767 p.
1823 3700 1876 3764 72).

696 3786 794 3835 Addidit
817 3787 915 3834 Granius
938 3787 978 3838 (ad
996 3788 1067 3835 rerba
1087 3786 1161 3835 schol.
1178 3785 1191 3833 ἑ
1208 3784 1342 3847 Αἰσχύλος
1360 3784 1447 3842 ἰδίοις
1463 3785 1557 3849 tiraq:
1580 3786 1708 3835 -rielntehr
1725 3785 1817 3833 aeheint
1833 3785 1876 3833 der

698 3868 797 3916 Dichter
820 3868 872 3916 hier
894 3868 938 3916 trie
960 3884 986 3916 no
1007 3868 1042 3917 on
1064 3868 1133 3916 einen
1156 3868 1403 3918 alterttimlieh·rohen
1425 3869 1486 3917 noch
1503 3884 1545 3918 aas
1562 3868 1605 3917 der
1621 3867 1783 3932 ror-episehen
1800 3866 1876 3915 Phaee

696 3950 738 3999 der
760 3950 932 4013 Odysaeussage
954 3951 1114 3999 atemmenden
1138 3952 1187 4012 Zug
1209 3950 1315 3998 bettahrt
1333 3966 1361 3999 au
1379 3950 1468 4008 haben,
1486 3951 1547 4000 dean
1564 3966 1623 4014 genn
1638 3950 1734 3999 ihnlieh
1751 3953 1818 3997 tdten
1836 3949 1875 3997 die

695 4032 885 4097 Stymphalinche
910 4032 984 4095 Vogel
1009 4032 1178 4081 ‚ehthoniaehe
1201 4032 1370 4096 Ungethitme”
1392 4034 1436 4082 aui
1449 4035 1491 4082 der
1507 4033 1658 4082 'l'odtaninsel
1674 4032 1767 4081 Aretias
1783 4031 1827 4092 (fl,
1846 4033 1874 4079 l).

696 4115 789 4164 noller
814 4118 873 4162 Aren
898 4116 923 4162 S.
948 4115 987 4163 12.
1006 4113 1052 4162 101
1071 4116 1104 4174 ff.)
1131 4114 1183 4163 ihre
1209 4114 1293 4179 Opier.
1316 4116 1352 4163 Cf.
1374 4115 1440 4164 Serv.
1464 4119 1523 4164 Aen.
1542 4115 1604 4164 tllt
1620 4116 1677 4163 ³00.
1701 4114 1755 4163 Und
1775 4130 1807 4163 an
1822 4114 1876 4163 ihre

695 4199 769 4247 Stelle
790 4202 869 4246 treten
892 4198 935 4246 aui
955 4198 1008 4246 dem
1030 4198 1269 4261 gleichbedeutenden
1292 4198 1390 4247 Eilaude
1406 4200 1447 4247 dee
1464 4201 1585 4247 Areateroa
1601 4197 1726 4246 Diomedes
1740 4196 1801 4246 nach
1819 4195 1877 4246 luba

697 4279 735 4326 die
753 4279 850 4338 ἐρῳδιοί
860 4280 974 4340 (lilanaen
988 4283 1077 4327 Aenus
1092 4281 1118 4327 S.
1133 4278 1232 4340 ll'i'i).'‘
1251 4280 1340 4336 Nimia,
1355 4281 1449 4345 opinor,
1463 4281 1571 4329 doctrina
1585 4280 1666 4329 nocuit
1681 4279 1778 4338 Grunio;
1793 4279 1876 4328 ardeae

696 4361 759 4408 enim
782 4361 811 4408 ob
834 4363 914 4411 alnum
937 4378 1065 4426 numquam
1083 4377 1130 4410 non
1148 4363 1251 4411 solutam
1267 4362 1302 4410 ite
1319 4363 1410 4412 iocosae
1427 4363 1568 4413 ridebantur
1584 4363 1688 4427 antiquis
1706 4366 1732 4411 ut
1748 4363 1876 4411 muntia

696 4442 720 4489 in
738 4443 800 4489 reaia
815 4444 885 4507 pictis
902 4448 1038 4510 appareant.
1060 4444 1161 4491 hlinirne
1178 4445 1252 4507 igitur
1269 4461 1282 4492 e
1298 4445 1380 4508 mytho
1397 4447 1538 4510 pterautiqno
1554 4451 1579 4494 et
1595 4445 1730 4494 abscondito
1746 4445 1876 4508 hettylo

697 4524 791 4571 ardeam
809 4524 875 4572 illam
892 4527 978 4588 petiit,
992 4527 1031 4574 ned
1049 4542 1062 4573 e
1079 4526 1167 4589 popelli
1182 4525 1342 4584 sermonibus,
1357 4543 1371 4575 e
1384 4528 1467 4590 flgnris
1480 4543 1539 4591 quaa
1552 4527 1619 4592 pueri
1634 4527 1660 4575 in
1675 4525 1876 4576 muritdeliueara

697 4603 816 4661 nolebant,
838 4606 863 4653 in
880 4607 961 4654 drame
976 4608 1105 4672 satyricum
1123 4623 1175 4655 eam
1191 4608 1324 4657 transtulit.
1344 4608 1411 4657 'l'nnc
1428 4610 1491 4658 euim
1509 4609 1613 4658 nascitur
1630 4609 1665 4657 tin
1681 4609 1770 4657 oomioa
1787 4608 1806 4657 ai
1824 4623 1876 4657 ver·

697 4686 752 4735 hunt
771 4687 867 4736 solitum
885 4689 980 4737 insolito
994 4692 1064 4741 modo
1078 4690 1213 4748 adhibetur,
1231 4691 1267 4739 rel
1285 4691 1305 4739 ai
1325 4691 1358 4739 rei
1375 4692 1519 4740 cottidianae
1537 4697 1616 4757 partes
1632 4691 1834 4740 extraordinariae
1851 4706 1877 4740 ao

695 4769 810 4818 aelernnee
826 4770 972 4820 tribuuntur.
