5125 6150
688 783 753 849 116
1185 803 1369 851 numanus.

686 973 734 1032 est
757 969 860 1053 igitur
882 967 995 1044 dicere,
1019 989 1093 1031 cum
1117 968 1261 1033 homines
1285 970 1466 1053 bestiaeque
1488 970 1547 1034 boc
1566 968 1668 1036 calore
1689 976 1866 1047 teneantur,

687 1080 719 1138 et
750 1080 916 1159 propterea
943 1083 1132 1140 moveantur
1155 1095 1190 1139 ac
1215 1078 1370 1152 sentiant,
1394 1076 1551 1140 mundum
1575 1097 1642 1141 esse
1665 1079 1732 1140 sine
1756 1098 1866 1152 sensu,

687 1184 742 1266 qui
766 1184 890 1267 integro
914 1188 945 1245 et
968 1202 1047 1266 puro
1071 1188 1103 1245 et
1124 1179 1223 1246 libero
1245 1180 1417 1266 eodemque
1437 1184 1590 1246 acerrimo
1608 1187 1640 1247 et
1659 1182 1867 1247 mobilissimo

687 1287 796 1352 ardore
828 1293 990 1365 teneatur;
1022 1288 1206 1371 praesertim
1230 1307 1305 1351 cum
1326 1289 1355 1350 is
1377 1287 1479 1364 ardor,
1503 1290 1560 1372 qui
1582 1295 1630 1352 est
1652 1288 1782 1367 mundi,
1804 1309 1866 1352 non

686 1395 828 1478 agitatus
859 1393 898 1456 ab
929 1391 992 1457 alio
1021 1413 1122 1477 neque
1153 1404 1282 1457 externo
1314 1391 1427 1476 pulsu,
1452 1393 1507 1457 sed
1529 1414 1585 1478 per
1607 1415 1640 1458 se
1662 1397 1730 1479 ipse
1753 1415 1788 1458 ac
1811 1415 1868 1458 sua

687 1507 798 1583 sponte
821 1507 999 1565 moveatur.
1023 1498 1106 1563 Nam
1131 1498 1207 1583 quid
1229 1505 1336 1584 potest
1359 1519 1426 1563 esse
1449 1498 1568 1564 mundo
1591 1499 1759 1577 valentius,
1784 1499 1867 1585 quod

611 1692 614 1700 Ι
687 1603 789 1692 pellat
811 1610 907 1690 atque
929 1612 1059 1670 moveat
1087 1604 1222 1669 calorem
1253 1625 1345 1680 eum,
1377 1626 1438 1690 que
1468 1604 1524 1671 ille
1555 1604 1721 1670 teneatur?
1753 1606 1869 1670 Audia-

686 1732 760 1776 mus
789 1713 875 1776 enim
898 1711 1080 1788 Platonem,
1105 1714 1196 1797 quasi
1213 1711 1489 1797 quendamdeum
1512 1711 1789 1798 pbilosophorum:
1814 1715 1866 1777 cui

687 1819 766 1883 duos
796 1817 901 1904 placet
931 1840 997 1883 esse
1020 1826 1144 1895 motus,
1169 1839 1270 1883 unum
1295 1840 1408 1896 suum,
1433 1818 1570 1883 alterum
1592 1825 1777 1884 externum:
1800 1840 1868 1884 esse

684 1931 793 1989 autem
816 1925 973 2002 divinius,
997 1925 1081 2010 quod
1103 1928 1211 2010 ipsum
1234 1946 1272 1989 ex
1296 1946 1330 1990 se
1353 1946 1410 1989 sua
1431 1934 1544 2012 sponte
1571 1933 1745 2004 moveatur,
1769 1946 1865 2010 quam

686 2029 770 2116 quod
797 2029 892 2116 pulsu
916 2034 1060 2116 agitatur
1083 2030 1217 2095 alieno’'.

731 2137 827 2202 Recte
851 2137 1145 2202 animadverterunt
1166 2140 1355 2222 interpretes
1378 2140 1570 2203 sententiam
1589 2158 1669 2223 quae
1688 2143 1736 2203 est
1755 2138 1870 2201 Audia-

686 2266 749 2307 mue
779 2245 855 2308 caim
887 2244 1040 2308 Platonem
1140 2266 1203 2308 non
1235 2266 1303 2309 esse
1333 2245 1528 2310 referendam
1552 2245 1591 2309 ad
1614 2248 1794 2331 proximam
1819 2266 1869 2309 su-

687 2352 844 2435 periorem
878 2350 956 2413 Nan
991 2352 1065 2435 quid
1092 2357 1192 2433 potest
1227 2398 1291 2427 ...,
1327 2350 1381 2414 aed
1411 2351 1449 2414 ad
1478 2349 1570 2416 illam
1602 2372 1682 2436 quae
1712 2352 1870 2416 antecedit

682 2455 860 2540 pracsertim
890 2480 952 2519 cum
982 2457 1010 2520 ie
1131 2456 1233 2521 Verba
1254 2477 1335 2541 quae
1359 2463 1435 2520 sunt
1458 2456 1535 2520 b'cm
1560 2458 1635 2542 quid
1733 2464 1869 2521 tencatur

688 2563 921 2648 quodammodo
952 2565 985 2627 in
1016 2562 1198 2649 parenthesi
1227 2567 1302 2627 sunt
1332 2562 1448 2627 addita.
1481 2560 1528 2628 cf.
1562 2570 1723 2648 praeterea
1748 2564 1786 2628 de
1809 2562 1867 2629 Off.

687 2666 953 2744 174,111105.

733 2775 803 2840 Non
835 2775 928 2840 video
960 2774 1067 2840 ullum
1097 2796 1164 2840 ease
1191 2774 1361 2840 discrimen
1390 2777 1474 2839 iuter
1503 2774 1645 2852 modum,
1678 2797 1739 2861 quo
1762 2776 1870 2839 etenim

688 2888 736 2947 est
767 2890 959 2968 usurpatum
987 2884 1021 2945 in
1050 2880 1118 2945 loco
1150 2902 1168 2944 a
1199 2880 1367 2967 Madvigio
1398 2880 1513 2955 allato,
1546 2880 1584 2945 de
1616 2880 1689 2945 Diu.
1714 2881 1744 2945 ll
1769 2879 1811 2945 89
1837 2889 1869 2945 et

687 2992 843 3054 rationem
866 3009 928 3072 qua
950 2988 1107 3074 particula
1130 2986 1206 3051 enim
1228 2995 1276 3051 est
1300 2986 1442 3052 adhibita
1465 2987 1503 3052 de
1526 2985 1583 3051 Off.
1609 2987 1656 3051 ΠΙ
1680 2987 1754 3053 100.

734 3096 899 3161 Praeterea
928 3096 1011 3180 quod
1045 3096 1082 3160 de
1112 3095 1217 3158 etenim
1246 3096 1354 3170 aiunt,
1380 3115 1479 3178 aequo
1501 3097 1571 3158 iure
1595 3094 1743 3159 affirmari
1765 3101 1871 3180 potest

689 3203 727 3268 de
750 3201 908 3288 particula
930 3225 1008 3266 nom.
1031 3202 1089 3266 Ex.
1114 3222 1162 3288 gr.
1187 3200 1281 3266 affero
1304 3199 1394 3287 Disp.
1418 3199 1510 3265 l'usc.
1535 3199 1674 3285 111519
1698 3208 1730 3266 et
1753 3201 1806 3266 20.
1832 3200 1870 3265 In

688 3307 769 3393 §20
804 3308 907 3372 etenim
942 3328 1060 3373 novam
1094 3308 1219 3372 inducit
1249 3309 1577 3393 argumentationem,
1610 3328 1706 3393 quam
1739 3309 1870 3372 obrem

689 3414 822 3480 Kiihner
845 3418 891 3480 ait
913 3415 1092 3499 significare
1115 3422 1143 3477 et
1160 3415 1312 3498 profecto.
1337 3412 1398 3478 Sed
1421 3411 1495 3498 §19
1519 3437 1586 3476 ncnc
1610 3421 1682 3498 post
1701 3413 1873 3478 conclusio-

688 3541 762 3585 nem
801 3519 902 3585 simili
936 3520 1029 3586 modo
1064 3526 1112 3584 est
1143 3528 1351 3603 usurpatum
1383 3540 1440 3603 pro
1470 3518 1529 3583 hac
1560 3518 1716 3604 particula
1745 3539 1870 3604 quoque

689 3628 789 3712 possit
813 3634 841 3689 et
859 3628 999 3712 profecto
1023 3625 1076 3690 vel
1093 3633 1253 3709 praetcrea
1276 3625 1439 3689 substitui.

735 3730 825 3810 Quod
854 3734 958 3818 igitur
988 3734 1079 3798 aiunt
1107 3734 1272 3818 proprium
1305 3751 1371 3795 esse
1397 3729 1572 3816 particulae
1595 3731 1710 3809 etenim,
1734 3752 1797 3795 non
1822 3739 1871 3797 est·

691 3841 855 3922 proprium
887 3841 972 3915 eius,
1008 3837 1061 3903 sed
1094 3858 1262 3903 commune
1293 3840 1322 3901 ei
1353 3843 1402 3901 est
1432 3858 1507 3901 cum
1539 3837 1614 3900 ccicc
1645 3842 1677 3901 et
1711 3860 1787 3902 ncnc.
1825 3838 1870 3903 Ut

690 3949 798 4009 autem
830 3953 922 4009 antea
952 3943 1075 4009 ostendi
1106 3945 1212 4007 etenim
1242 3942 1400 4029 praesim
1423 3946 1518 4007 metri
1541 3963 1636 4008 causa
1658 3964 1677 4007 a
1699 3947 1801 4028 poetis
1825 3944 1870 4009 di·

690 4050 820 4114 dacticis
851 4050 963 4126 scribi,
995 4053 1095 4115 sicin
1120 4070 1211 4134 prosa
1234 4050 1376 4114 oratione
1399 4048 1528 4113 nullum
1552 4048 1639 4113 aliud
1661 4055 1739 4135 puto
1763 4050 1870 4116 discri-

689 4177 764 4221 men
788 4177 855 4222 esse
877 4159 961 4221 inter
984 4157 1040 4221 has
1063 4154 1246 4240 particulas,
1270 4157 1332 4219 nisi
1356 4156 1440 4239 quod
1459 4154 1528 4220 loco
1548 4176 1642 4240 quem
1661 4158 1694 4219 in
1715 4161 1872 4223 sententia

689 4268 860 4348 occupant,
885 4261 1027 4327 efficitur.
1053 4261 1142 4341 Quod
1166 4267 1203 4325 ut
1225 4260 1389 4326 luculento
1413 4260 1559 4347 exemplo
1578 4260 1740 4326 illustrem
1759 4267 1873 4328 exscri-

690 4369 763 4432 bam
795 4364 860 4433 cie.
895 4367 933 4432 de
962 4367 1040 4432 Fato
1070 4366 1151 4450 §12
1179 4372 1212 4431 et
1236 4366 1289 4431 14.
1321 4365 1430 4432 Priore
1453 4365 1539 4443 loco,
1563 4365 1698 4453 legitur:
1724 4366 1870 4453 „Vigila

691 4469 886 4558 Chrysippo,
911 4494 949 4538 ne
974 4479 1063 4561 tuam
1086 4492 1231 4548 causam,
1255 4475 1288 4536 in
1313 4493 1375 4557 qua
1399 4472 1457 4536 tibi
1481 4493 1553 4536 cum
1573 4470 1725 4549 Diodoro,
1747 4473 1872 4539 valente

692 4576 874 4654 dialectico,
899 4598 1016 4665 magua
1038 4576 1169 4642 luctatio
1194 4585 1258 4653 est,
1283 4579 1417 4643 deseras.
1442 4578 1474 4641 Si
1497 4579 1573 4641 caim
1595 4586 1638 4641 cet
1660 4601 1768 4654 oerum,
1794 4582 1874 4665 quod

691 4684 737 4747 itc
760 4684 938 4747 conectitur:
963 4684 1017 4761 „Si
1041 4686 1112 4769 quis
1135 4686 1254 4748 oriente
1278 4682 1431 4750 Canicula
1454 4693 1547 4749 natus
1571 4692 1632 4761 est,
1656 4687 1690 4748 in
1710 4687 1791 4750 mari
1809 4708 1873 4751 non

691 4789 880 4867 morietur'',
903 4789 985 4853 illud
1006 4811 1129 4876 quoque
1149 4811 1262 4855 verum
1281 4798 1346 4856 est:
1367 4790 1423 4868 „Si
1444 4791 1560 4856 Fabius
1579 4794 1699 4856 oriente
1719 4789 1873 4858 Canicula

692 4904 785 4963 natus
809 4904 868 4975 est,
893 4897 1008 4962 Fabius
1031 4901 1063 4962 in
1089 4899 1171 4962 mari
1194 4918 1256 4961 non
1278 4898 1465 4963 morietur''.
