5125 6150
1217 820 1357 868 rsmrus.
1819 802 1884 870 337
1907 882 1910 887 ⁴

692 989 861 1072 expunctis
884 985 1108 1051 tantummodo
1132 986 1236 1050 verbis
1259 985 1306 1049 ita
1329 985 1515 1067 arrepsisse,
1540 966 1620 1071 quae
1645 992 1712 1052 tam
1732 986 1886 1074 languida

692 1099 768 1157 sunt
798 1098 836 1156 ut
866 1094 900 1155 in
931 1090 1023 1156 nullo
1055 1094 1208 1175 scriptore
1232 1091 1350 1156 nedum
1373 1094 1407 1155 in
1430 1091 1541 1157 Tacito
1566 1094 1640 1157 ferri
1665 1086 1802 1179 possin't,
1829 1116 1885 1179 pro

692 1201 819 1263 additur
849 1198 1023 1284 legendum
1054 1219 1165 1263 censeo
1196 1198 1320 1262 eddidit
1343 1197 1395 1264 vel
1418 1201 1526 1284 potius
1549 1199 1653 1277 addit,
1678 1200 1884 1285 quodquam

691 1305 784 1370 facile
820 1307 854 1367 in
890 1306 1016 1368 additur
1047 1307 1209 1389 corrumpi
1241 1307 1384 1390 potuerit
1414 1307 1550 1390 quisque
1582 1305 1685 1382 videt;
1718 1308 1885 1390 quesitio

692 1409 792 1475 semel
822 1413 1012 1488 commisso,
1044 1416 1082 1474 ut
1113 1416 1221 1475 tamen
1251 1409 1477 1496 aliquomodo
1505 1412 1686 1477 cohaereret
1709 1415 1885 1489 sententia,

691 1517 780 1581 istud
804 1516 1041 1597 descripsisset
1063 1521 1171 1602 postea
1194 1521 1242 1581 cst
1264 1519 1433 1581 insertum.

741 1625 822 1685 Ann.
847 1621 917 1699 XV,
943 1620 996 1685 59.
1022 1620 1202 1698 „Immotus
1225 1623 1275 1686 his
1296 1625 1487 1701 (amicorum
1507 1621 1779 1687 admonitionibus
1797 1624 1886 1702 Piso)

695 1736 727 1793 et
757 1727 927 1812 paululum
957 1730 991 1791 in
1022 1726 1150 1812 publico
1180 1733 1341 1804 versatus,
1373 1733 1444 1812 post
1468 1726 1555 1792 dorni
1578 1733 1717 1793 secretus
1741 1731 1886 1793 animum

693 1835 866 1900 adversum
898 1853 1047 1919 suprema
1078 1833 1240 1910 firmabat,
1270 1834 1369 1898 donec
1399 1853 1513 1898 manus
1536 1833 1680 1899 militum
1703 1835 1885 1912 adveniret,

694 1961 773 2025 quos
805 1939 888 2004 Nero
913 1942 1032 2004 tirones
1055 1945 1112 2003 aut
1135 1938 1302 2023 stipendiis
1325 1945 1466 2004 recentes
1490 1938 1668 2025 delegerat:
1693 1961 1768 2006 nam
1793 1948 1887 2007 vetus

693 2045 789 2111 miles
812 2047 989 2110 timebatur
1009 2068 1184 2131 quamquam
1206 2045 1315 2110 favore
1337 2045 1517 2110 imbutus”.

651 2146 658 2156 ’
739 2151 792 2216 Sic
821 2151 1002 2227 Mediceus,
1035 2151 1090 2215 sed
1121 2150 1207 2214 haud
1238 2151 1334 2215 dubie
1363 2172 1478 2217 rerum
1506 2151 1589 2216 ridit
1619 2152 1806 2230 Rhenanus,
1831 2155 1887 2238 qui

693 2266 841 2341 tamquam
864 2258 1040 2341 proposuit.
1066 2255 1149 2335 Quid
1173 2253 1281 2320 enim?
1304 2255 1391 2341 Erga
1412 2261 1524 2320 utrum
1544 2256 1688 2321 militum
1701 2259 1800 2340 favor
1819 2279 1887 2322 esse

693 2368 725 2425 et
756 2364 891 2447 cogitari
922 2366 1041 2446 potest,
1073 2381 1150 2446 erga
1181 2361 1335 2425 ducemne
1366 2381 1477 2437 suum,
1509 2362 1570 2425 rite
1594 2368 1737 2426 creatum
1761 2365 1886 2446 riteque

692 2470 771 2553 ipsis
802 2469 1038 2552 praepositum,
1070 2487 1110 2530 an
1141 2487 1218 2552 erga
1248 2486 1340 2543 eum,
1372 2468 1427 2550 qui
1459 2465 1555 2530 tidem
1579 2485 1690 2530 eornm
1713 2465 1885 2532 sollicitare

694 2572 824 2639 studet?
854 2573 1012 2658 Equidem
1036 2595 1100 2638 non
1124 2572 1235 2638 dubito
1259 2575 1336 2657 quin
1360 2575 1469 2658 inepte
1491 2571 1614 2637 milites
1637 2573 1886 2655 imperatoriam

684 2682 802 2765 facere
820 2680 975 2758 dicantur,
996 2679 1050 2744 sed
1069 2685 1153 2743 recte
1164 2680 1279 2765 favere
1299 2677 1449 2743 dicuntur
1468 2681 1514 2754 ei,
1535 2681 1591 2762 qui
1610 2678 1888 2759 larqita'oaentitnr

693 2788 850 2849 adeersum
872 2786 979 2849 amicos
1003 2793 1031 2848 et
1054 2784 1164 2865 epactis
1187 2805 1300 2869 qaoque
1323 2790 1363 2864 (c.
1388 2784 1460 2864 48);
1488 2783 1579 2849 illem
1603 2790 1713 2850 autem
1736 2807 1753 2851 e
1773 2785 1886 2850 militi-

694 2893 755 2956 bus
784 2894 808 2955 ii
836 2890 897 2955 soli
928 2893 1064 2975 experiri
1095 2896 1287 2974 potuerunt,
1319 2892 1375 2973 qui
1404 2892 1470 2955 iam
1495 2889 1695 2975 aliquamdiu
1717 2894 1750 2955 in
1774 2896 1886 2956 castris

693 3003 793 3062 erant.
818 2995 867 3062 (tf.
890 2995 933 3059 Η.
958 2994 998 3072 II,
1024 2994 1085 3059 85:
1110 2997 1227 3071 „tertia
1249 2993 1336 3082 legio
1360 2994 1544 3082 exemplum
1567 2999 1680 3062 ceteris
1703 2996 1885 3084 legionibus

692 3104 841 3188 praebuit
873 3109 942 3183 (sc.v
961 3102 1000 3166 ad
1029 3101 1261 3187 Vespasianum
1293 3102 1578 3187 transgrediendi):
1610 3108 1722 3169 octava
1753 3109 1821 3169 erat
1850 3124 1898 3176 ac,

691 3213 831 3295 septima
860 3206 1051 3286 Claudiana,
1082 3208 1203 3272 inbutae
1217 3209 1334 3294 favore
1368 3209 1523 3273 Ottoatr”.
1548 3209 1633 3274 Otho
1656 3211 1743 3274 enim
1767 3211 1886 3295 ubique

690 3316 778 3400 apud
807 3315 955 3380 Tacitum
986 3337 1050 3380 non
1080 3335 1176 3379 verus
1208 3334 1244 3379 ac
1274 3314 1443 3400 legitimus
1472 3312 1641 3401 legionum
1663 3321 1759 3400 atque
1784 3319 1885 3382 totius

690 3424 822 3506 imperii
851 3422 915 3486 dux
940 3428 1002 3499 est,
1028 3422 1082 3486 scd
1105 3420 1254 3486 turbidus
1278 3422 1375 3486 homo
1400 3423 1455 3505 qui
1479 3440 1498 3485 a
1520 3420 1670 3506 legitimo
1693 3425 1885 3508 imperatore

690 3526 795 3594 Galba
826 3534 949 3613 partem
981 3526 1126 3592 militum
1155 3527 1241 3591 haud
1271 3527 1363 3591 bonis
1394 3528 1517 3592 artibus
1541 3527 1579 3591 ad
1603 3549 1636 3593 ee
1660 3527 1817 3594 allexerit.
1842 3530 1885 3594 let

688 3639 799 3698 tamen
823 3635 908 3697 hunc
932 3654 970 3697 ex
988 3633 1144 3697 Historiis
1162 3632 1269 3698 locum
1290 3633 1421 3717 quidam
1442 3632 1576 3698 afferunt
1595 3633 1635 3698 ad
1654 3655 1765 3700 rocem
1784 3658 1884 3720 quaem·

689 3763 778 3824 qaam
800 3747 907 3805 nostro
931 3739 1106 3804 Annalium
1130 3738 1200 3803 loco
1225 3739 1388 3804 tuendam.
1413 3739 1461 3804 En
1487 3760 1549 3824 quo
1573 3740 1686 3805 ducere
1710 3744 1812 3826 possit
1831 3742 1885 3805 ho-

689 3849 795 3910 mines
818 3848 982 3910 novicium
1005 3845 1093 3909 istud
1117 3845 1262 3909 studium
1286 3848 1435 3929 quamvis
1455 3848 1551 3911 certis
1570 3846 1761 3932 obloquendi
1780 3868 1885 3911 emen·

688 3949 886 4016 dationibus!
913 3951 959 4016 De
983 3950 1107 4015 duobus
1131 3949 1204 4014 aliis
1223 3950 1405 4029 vocabulis,
1426 3972 1505 4037 quae
1524 3959 1557 4017 et
1574 3955 1643 4037 ipsa
1664 3951 1703 4016 ad
1723 3952 1884 4017 modestos

689 4064 723 4123 et
754 4057 921 4122 seditiosos
952 4060 1039 4122 cives
1069 4056 1252 4142 militesque
1285 4059 1461 4141 pertinent,
1498 4079 1599 4142 neque
1629 4060 1706 4121 satie
1738 4064 1883 4123 accurate

688 4163 831 4250 intelligi
855 4162 972 4240 solent,
996 4185 1074 4228 mox
1098 4183 1242 4248 agemus.

737 4268 1000 4335 Coniunctionem
1024 4292 1093 4333 nam
1115 4275 1147 4333 et
1170 4268 1210 4333 ab
1231 4268 1304 4333 aliis
1328 4269 1535 4354 scriptoribus
1559 4275 1590 4334 et
1614 4290 1632 4334 a
1655 4268 1766 4334 Tacito
1789 4290 1883 4354 saepe

686 4374 738 4439 illi
768 4378 923 4441 inservire
953 4374 1091 4461 figurae,
1120 4394 1201 4458 quae
1230 4374 1412 4456 praeteritio
1443 4376 1571 4451 dicitur,
1604 4379 1722 4439 norunt
1753 4395 1880 4452 omnes,

685 4502 790 4565 neque
813 4487 922 4546 tamen
946 4482 1065 4566 ubique
1088 4482 1205 4545 avitis
1224 4480 1325 4545 doctis
1345 4481 1507 4545 observari
1525 4478 1607 4544 illud
1626 4480 1764 4545 ridetur.
1785 4479 1883 4545 Velut

685 4587 739 4650 hic
759 4593 807 4651 est
826 4586 914 4652 locus
934 4586 972 4651 de
992 4592 1095 4651 morte
1115 4584 1284 4663 Paulinae,
1305 4585 1441 4650 Senecae
1460 4588 1569 4650 uxoris
1589 4587 1641 4664 (A.
1662 4585 1732 4663 XV,
1753 4585 1823 4665 64);

733 4694 798 4770 „At
829 4693 914 4757 Nero
944 4690 1033 4756 nullo
1063 4694 1096 4755 in
1128 4691 1299 4756 Paulinam
1331 4694 1458 4777 proprio
1489 4691 1578 4769 odio,
1610 4712 1645 4756 ac
1668 4712 1708 4756 ne
1731 4691 1882 4778 glisceret

684 4796 807 4862 invidia
826 4796 1041 4873 crudelitatis,
1059 4798 1150 4861 iubet
1169 4797 1308 4861 inhiberi
1324 4802 1472 4861 mortem.
1492 4796 1707 4863 Hortantibus
1719 4795 1881 4861 militibus

684 4905 770 4968 servi
793 4902 964 4987 libertique
988 4901 1132 4987 obligant
1155 4902 1302 4980 brachia,
1322 4910 1473 4988 premunt
1492 4905 1701 4989 sangninem,
1720 4904 1879 4968 incertum

1702 5023 1735 5072 28
