5125 6150
1002 851 1045 896 ΔΙ)
1069 848 1299 897 ΔΒΙΒΤΟΡΗΔΝΙΒ
1325 849 1459 897 ΡῙιῦΤΰΜ.

811 1011 896 1083 ἅπας
921 1013 977 1090 μὶν
1003 1014 1059 1093 οὶῆρ
1084 1015 1165 1092 cited
1189 1012 1377 1091 reputemur,

812 1117 926 1185 ἅπασα
951 1119 981 1184 δὲ
1004 1119 1086 1200 χθὼν
1110 1119 1222 1199 ἀνδρὶ
1247 1121 1421 1198 γενναίῳ
1445 1119 1556 1197 πατρίς
1575 1119 1608 1198 Ι),

630 1228 651 1288 i.
675 1246 702 1289 e.
725 1248 807 1290 omne
829 1227 924 1290 solem
940 1228 972 1312 f
976 1228 1057 1289 orti
1075 1227 1184 1308 patrie
1206 1234 1259 1302 eet,
1285 1263 1328 1273 -
1352 1246 1432 1310 quae
1455 1247 1516 1290 nou
1541 1234 1614 1289 sunt
1638 1225 1753 1291 lucello
1776 1229 1822 1290 in-

630 1332 749 1396 hiantis
780 1332 833 1396 sed
864 1354 896 1396 se
929 1352 1066 1415 suosque
1099 1332 1292 1396 cohortantis
1322 1330 1360 1395 ad
1385 1340 1512 1396 strenue
1536 1351 1610 1395 cum
1634 1352 1667 1395 re
1690 1331 1822 1396 adversa

630 1436 888 1514 colluctandum,
908 1459 970 1502 non
992 1440 1076 1502 enim
1098 1437 1329 1522 desperandum
1346 1457 1413 1501 esse
1425 1435 1547 1501 Teucro
1560 1437 1639 1501 duce
1651 1445 1683 1501 et
1694 1440 1822 1522 auspice

631 1541 763 1608 Teucro.
796 1543 912 1609 Nostro
943 1564 1019 1608 vero
1041 1541 1111 1607 loco
1136 1540 1317 1607 consimiles
1342 1550 1418 1606 sunt
1441 1541 1497 1606 alii
1520 1543 1649 1626 quidem
1675 1541 1822 1607 senarioli

632 1652 843 1735 tragicorum:

811 1756 853 1835 τῷ
877 1754 940 1834 γὰρ
964 1759 1067 1823 καλῶς
1093 1752 1260 1833 πράσσοντε
1286 1756 1376 1817 ποῖοα
1401 1760 1443 1829 νῆ
1470 1753 1581 1833 πατρίς
1594 1750 1632 1833 ’),

633 1870 682 1925 et:
856 1864 1026 1941 πανταχοῦ
1049 1884 1090 1936 γε
1115 1859 1227 1940 πατρὶς
1253 1862 1270 1934 ἡ
1296 1860 1454 1936 βόσκουσα
1479 1858 1573 1941 751³),

630 1975 680 2031 et:
810 1966 920 2046 πατρὶς
946 1966 977 2030 tt
1000 1969 1091 2030 ποῖπα
1115 1968 1156 2045 τῷ
1180 1965 1287 2040 πένητι
1311 1968 1503 2045 προσφιλής,

811 2071 871 2150 αφ’
898 2068 930 2146 ἧς
955 2074 1070 2151 τροφήν
1095 2096 1129 2137 τε
1155 2072 1206 2136 καὶ
1231 2072 1265 2135 πὸ
1290 2074 1333 2148 μὴ
1358 2080 1462 2146 πεινῆν
1486 2071 1571 2151 ἔχει,

632 2175 714 2261 quod
736 2177 943 2262 Aristophani
964 2178 1118 2242 tribuitur
1137 2179 1356 2264 fragmentum
1374 2181 1408 2242 in
1429 2177 1557 2242 Stobeei
1575 2177 1824 2241 codiceBruxei-
1862 2198 1867 2208 ·

631 2281 712 2348 lensi
725 2283 769 2362 ⁴),
794 2283 942 2369 Euripidi
966 2305 1040 2348 vero
1064 2290 1148 2348 recte
1171 2291 1208 2347 ut
1231 2285 1368 2348 arbitror
1391 2284 1532 2349 vindicat
1556 2284 1782 2348 vHerwerden.

676 2386 868 2454 Cuiusmodi
900 2392 1045 2455 homines
1077 2389 1172 2476 longe
1204 2412 1222 2454 a
1252 2388 1374 2455 Teucro
1405 2389 1461 2454 illo
1488 2389 1642 2453 distantes
1664 2396 1697 2454 et
1718 2411 1820 2474 remp.

630 2497 696 2558 suis
708 2497 851 2579 ipsorum
864 2495 1041 2560 commodis
1053 2495 1277 2580 posthabentes
1298 2499 1367 2568 rbi
1387 2497 1456 2560 οὖο
1465 2495 1476 2558 t
1485 2519 1531 2558 αν
1551 2495 1687 2575 πατρίδα
1701 2495 1819 2566 ἑαυτοῖς

633 2602 774 2678 ἡγεῖσθαι
799 2602 922 2685 optimo
945 2603 1014 2665 iure
1038 2600 1117 2665 dicit
1140 2609 1304 2667 accusator
1328 2601 1413 2686 apud
1436 2600 1578 2686 Lysiam.

679 2817 730 2882 Vs.
758 2816 845 2881 1178
859 2839 925 2902 sqq.
960 2819 1096 2895 „Otim''‚
1128 2818 1215 2885 Iovis
1245 2819 1387 2884 sacerdos
1411 2822 1474 2896 ait,
1499 2857 1541 2868 -
1567 2843 1652 2896 „cem
1670 2842 1820 2901 pauperes

630 2932 725 2987 essent
747 2923 898 2987 homioee”

1150 3027 1164 3095 i
1188 3032 1245 3107 μὲν
1268 3030 1307 3095 ἂν
1331 3029 1406 3105 teor
1432 3030 1559 3113 ἔμπορος

813 3134 914 3199 ἔθυσεν
937 3137 1041 3216 ἱερεῖόν
1064 3160 1093 3202 πο
1117 3139 1238 3215 σωθείς,
1265 3133 1278 3199 ὃ
1304 3137 1336 3203 dt
1360 3160 1406 3206 πνσ
1430 3136 1468 3201 ἂν

813 3240 896 3316 δίκην
919 3245 1103 3322 ἀποφυγών,
1129 3239 1142 3306 ὃ
1168 3245 1194 3307 δ’
1218 3242 1256 3307 ἂν
1280 3243 1490 3322 ἐκαλλιερεῖτό
1513 3269 1558 3314 τις

812 3348 863 3411 καὶ
889 3347 945 3421 ἐμὲ
969 3350 1002 3424 γ’
1027 3348 1132 3412 iether
1157 3348 1208 3412 τὸν
1232 3348 1325 3428 ἱερέα.

633 3454 703 3518 Non
737 3454 852 3519 inutile
884 3454 1013 3519 videtur
1045 3456 1227 3536 observare,
1259 3477 1320 3520 non
1354 3459 1471 3540 opponi
1494 3456 1525 3519 h.
1550 3454 1572 3520 l.
1600 3456 1668 3528 τοὺς
1694 3454 1819 3528 θύοντας

631 3567 694 3630 τοῖς
726 3561 1004 3637 καλλιερουμένονς,
1030 3597 1072 3609 -
1098 3560 1181 3644 quod
1212 3561 1387 3625 absurdum
1412 3561 1509 3639 foret,
1535 3564 1686 3644 quoniam
1711 3583 1821 3627 eorun-

633 3667 705 3729 dem
729 3673 778 3731 eet
800 3667 971 3747 sacrificare
996 3671 1028 3730 et
1051 3667 1156 3743 litere,
1180 3703 1221 3715 —
1245 3666 1300 3730 sed
1322 3667 1529 3747 predationem
1553 3667 1711 3751 quandam
1735 3668 1820 3744 fieri,

632 3793 712 3856 quae
743 3771 902 3835 indicatur
934 3770 1100 3855 particulis
1132 3770 1187 3834 eat
1216 3796 1273 3849 γε,
1307 3779 1395 3856 etque
1427 3774 1510 3837 odeo.
1544 3773 1637 3835 Modo
1666 3778 1819 3849 mercator,

631 3879 683 3962 qui
714 3900 811 3958 sospes
842 3879 954 3939 domum
984 3877 1138 3954 rediisset,
1170 3878 1296 3940 huetium
1325 3879 1367 3941 ad
1389 3879 1526 3960 temptem
1550 3878 1633 3940 Iovia
1657 3878 1821 3941 Servetcria

635 3984 795 4067 offerebat,
830 3985 912 4046 modo
946 4006 1014 4045 reus
1045 4008 1064 4045 c
1094 3983 1244 4047 iudicibus
1274 3985 1443 4060 ebseleter;
1476 3991 1541 4047 erut
1572 3984 1660 4046 etium
1690 3985 1742 4068 qui
1773 3987 1820 4064 (in

634 4088 769 4173 templo)
800 4112 863 4152 ονοι
895 4090 1016 4166 litaret,
1048 4113 1092 4152 me
1123 4092 1164 4152 od
1192 4113 1224 4153 oe
1249 4129 1291 4139 -
1315 4094 1336 4156 i.
1362 4113 1388 4155 e.
1414 4090 1453 4154 ad
1477 4111 1588 4155 cenam
1612 4111 1709 4174 quam
1733 4090 1820 4155 domi

631 4217 706 4259 suae
733 4198 950 4260 instructurus
974 4200 1040 4260 erat
1066 4231 1109 4243 —-
1135 4204 1260 4261 vocaret.
1285 4197 1409 4281 Nempe
1434 4195 1549 4261 melius
1575 4202 1644 4261 erat
1666 4196 1820 4261 sacerdoti

631 4304 731 4365 etiam
754 4301 793 4365 ad
815 4301 919 4365 lautas
944 4302 1039 4385 dapes
1064 4304 1197 4367 invitari
1219 4323 1316 4386 quam
1340 4302 1480 4368 debitam
1504 4303 1565 4367 sibi
1586 4308 1709 4387 partem
1729 4304 1822 4368 victi·

630 4428 759 4471 marum
782 4411 921 4492 accipere
945 4407 1056 4472 solam.

1083 4515 1380 4595 (Continuebuntur.)

632 4621 825 4628 ———-—-

664 4698 692 4759 1)
711 4697 768 4744 Eur.
788 4696 817 4743 ir.
835 4696 907 4743 1034.
1042 4696 1070 4757 2)
1093 4694 1246 4759 [Menandr]
1264 4695 1369 4745 Monoat.
1387 4695 1443 4747 tle.
1580 4698 1605 4758 3)
1624 4697 1679 4745 Eur.
1698 4697 1726 4745 fr.
1746 4695 1802 4749 774.

663 4780 691 4840 4)
710 4779 738 4825 0.
761 4776 839 4825 Hense
857 4777 885 4824 de
902 4775 966 4825 Stob.
985 4775 1049 4824 Flor.
1068 4775 1190 4839 Excerptia
1210 4776 1282 4824 Brun.
1301 4792 1323 4839 p.
1343 4777 1381 4824 85.
