5125 6150
1119 794 1293 843 uouemus.
1729 775 1792 844 167

656 964 807 1032 Ceterum
839 965 913 1048 quia
943 961 1053 1025 durior
1076 966 1125 1024 est
1148 959 1264 1025 obieeti
1287 961 1417 1025 omissio
1439 964 1472 1025 et
1495 960 1612 1046 ubique
1634 962 1669 1025 in
1691 959 1791 1028 Iliade

609 1078 782 1157 usurpatur
800 1070 934 1135 verbum
954 1070 1098 1133 activum
1117 1071 1213 1142 τιμοῖν
1232 1067 1389 1146 (medium
1410 1067 1505 1131 hebet
1524 1066 1665 1154 Odyssea
1684 1091 1703 1130 τ
1716 1067 1792 1149 280,

609 1177 716 1255 υ129,
741 1174 858 1258 esee)
883 1177 934 1240 hie
956 1182 1198 1259 expectaueram
1221 1175 1329 1258 petius

1051 1293 1055 1301 ’
1151 1279 1219 1344 νοέω
1242 1278 1333 1359 Φρεσέ
1358 1278 1538 1354 τιμῆσαέ
1561 1301 1612 1344 σε.

657 1461 684 1516 Ψ
700 1451 776 1518 874.

748 1555 803 1636 ύψι
828 1555 853 1620 δ’
878 1555 934 1619 ύπδ
958 1552 1071 1635 νεφέων
1095 1549 1167 1617 έιιδε
1191 1551 1323 1632 τρύρωνα
1347 1551 1491 1615 πέλειαν·

746 1674 784 1742 τῇ
808 1664 833 1743 ῤ’
857 1657 875 1725 d
896 1685 934 1738 ys
959 1660 1131 1724 δινεύουσαν
1155 1659 1212 1722 est
1236 1657 1385 1738 πτέρυγος
1409 1657 1494 1734 βάλε
1517 1658 1688 1741 μέσσην,

745 1767 885 1847 ἄντικρυς
911 1768 942 1831 δέ
966 1766 1066 1840 διῆλθε
1089 1765 1200 1843 βέλος·
1225 1766 1260 1829 τδ
1283 1765 1340 1841 μέν
1362 1762 1412 1843 td
1436 1765 1476 1828 ένδ
1501 1767 1579 1845 γαίη

746 1876 869 1952 πρύσύεν
893 1872 1045 1951 Μηριόναο
1068 1873 1169 1948 ’τύνη
1193 1869 1299 1941 ποδός·
1324 1871 1424 1951 αύτοὶρ
1448 1873 1465 1946 si
1488 1869 1561 1951 ὅρνις

747 1983 819 2060 ἱστῷ
844 1977 1011 2059 ἐφεζομένη
1036 1977 1102 2049 νηὸς
1126 1975 1337 2058 κυανοπρῴροιο
1605 1968 1609 1973 ’

746 2086 855 2164 αύχέν’
881 2084 1107 2163 ἀπεκρέμασεν,
1132 2083 1185 2148 σὺν
1208 2083 1239 2147 δέ
1264 2082 1363 2161 πτερα
1386 2080 1476 2146 πύκν’
1501 2082 1652 2163 έλέασύεν,

747 2192 821 2260 ὠκύς
846 2193 872 2257 δ’
897 2193 930 2255 ἐκ
955 2189 1072 2267 μελέων
1096 2189 1188 2265 ύυμδς
1213 2187 1332 2266 πτούτο,
1357 2189 1420 2254 κτέ.

611 2298 757 2378 „Mirum
780 2320 874 2364 avem
898 2297 1082 2362 transfixam
1102 2295 1188 2360 ultra
1207 2295 1372 2381 provolare
1391 2297 1552 2380 potuisse’'
1573 2298 1659 2362 haud
1676 2298 1795 2366 iniuria

612 2429 686 2471 eum
710 2406 854 2470 Nauekie
888 2404 1149 2468 animadvertunt
1172 2402 1318 2467 editores.

659 2511 735 2576 Sola
768 2510 939 2575 difficultas
972 2517 1020 2575 est
1053 2512 1087 2572 in
1118 2530 1195 2574 voce
1225 2509 1351 2585 μέσσην,
1383 2529 1458 2573 nam
1487 2511 1631 2596 graviter
1661 2511 1793 2596 quidem

610 2617 812 2683 vulneratam
837 2616 934 2681 fuisse
957 2615 1095 2701 produnt
1117 2616 1300 2699 sequentia,
1323 2614 1378 2679 sed
1399 2616 1497 2679 medie
1515 2616 1665 2682 transfixa
1683 2621 1794 2685 statim

610 2728 645 2788 in
668 2731 787 2789 terram
811 2723 989 2787 decidisset.

655 2831 727 2895 Non
750 2832 853 2915 igitur
877 2829 1057 2905 haererem,
1081 2829 1108 2891 si
1131 2834 1223 2913 poeta
1246 2827 1382 2892 dedisset

748 2946 787 3015 τῇ
810 2938 835 3016 ῥ’
859 2934 877 2999 d
897 2960 936 3011 νε
960 2916 1131 2998 δινεύουσαν
1155 2933 1212 2996 ύπδ
1236 2935 1386 3012 πτέρυγος
1411 2932 1490 3010 βάλ’
1514 2934 1614 3011 ύιστῶ.

656 3040 790 3107 Versum
814 3043 901 3106 enim
925 3037 1001 3118 878,
1025 3061 1120 3125 quem
1144 3060 1200 3124 pro
1223 3042 1332 3125 spurio
1356 3038 1491 3105 habebat
1514 3039 1644 3118 Nuuelr,
1664 3048 1795 3130 propter

610 3150 746 3214 verbum
769 3149 985 3225 ἀπεκρέμασεν
1009 3148 1115 3211 abesse
1139 3167 1202 3211 non
1225 3167 1315 3232 posse
1338 3146 1546 3213 Leidensibus
1569 3151 1730 3214 assentior.

661 3347 695 3402 Ω
709 3335 785 3402 261.
810 3336 958 3401 Priamus
981 3335 1019 3399 de
1042 3331 1117 3399 filiis
1140 3336 1223 3399 suis:

1067 3441 1109 3505 τοὶ
1133 3441 1159 3505 δ’
1184 3438 1326 3519 ἐλέγχεα
1349 3438 1659 3522 retransmeant,

751 3547 930 3628 ψευσταέ
951 3551 979 3610 τ’
1001 3547 1154 3626 ὀρχησταί
1176 3570 1211 3610 τε
1234 3544 1460 3626 χοροιτυπέησιν
1484 3544 1614 3627 ἄριστοι,

749 3661 855 3732 εαρνῶν
878 3654 923 3729 ἧδ’
947 3653 1055 3733 έρέΦων
1080 3651 1230 3730 ἐπιδήμιοι
1254 3653 1460 3731 ἁρπακτῆρες.

617 3760 679 3827 Pro
709 3759 843 3826 lectione
874 3762 1010 3837 ψευσταί
1040 3762 1099 3825 hee
1130 3760 1258 3846 quidem
1282 3758 1351 3826 loeo
1374 3763 1477 3845 posita
1500 3767 1685 3846 expectetur
1707 3767 1793 3831 notio

622 3867 740 3934 similis
775 3866 1001 3932 vocabulorum
1036 3869 1231 3943 vicinorum,
1268 3865 1358 3931 velut
1392 3871 1578 3933 παισταέ.
1620 3869 1666 3934 De
1700 3870 1797 3937 verbo

615 3977 735 4054 παίζειν
756 3972 891 4035 saltandi
914 3993 1007 4037 sensu
1032 3972 1173 4037 adhibito
1197 3972 1236 4037 ef.
1262 3969 1282 4051 ζ
1292 3970 1367 4050 106,
1393 3971 1497 4051 0251,
1523 3973 1644 4054 ψ147;
1668 3975 1793 4040 ludendi

608 4082 679 4163 pila
704 4078 724 4159 ζ
736 4078 810 4155 100,
835 4076 943 4151 κ291.

660 4277 694 4332 Ω
709 4264 784 4332 778.
809 4266 977 4330 Priamus:

752 4371 866 4450 ,ἄξετε
890 4376 949 4450 νῦν,
974 4378 1092 4450 Τρῶες,
1116 4371 1198 4449 ξύλα
1222 4371 1370 4451 ιιέστυδε,
1395 4372 1472 4450 μηδέ
1495 4396 1524 4437 τι
1549 4374 1630 4455 ύυμῷ

750 4477 876 4549 διεέσητ’
901 4478 1045 4554 'deretur
1068 4479 1188 4542 avesate
1212 4477 1325 4557 λύχον·
1349 4470 1368 4549 ἦ
1389 4477 1451 4558 γαρ
1474 4478 1643 4558 Ἀχιλλεὺς

751 4583 881 4661 πέμπων
904 4584 940 4658 μ’
964 4578 1013 4647 ὧδ’
1038 4582 1238 4648 έτέτελλε
1262 4581 1438 4658 μελαινέων
1463 4583 1525 4646 dre
1550 4588 1622 4657 νηῶν

751 4691 794 4766 μέν
818 4690 885 4769 πρὶν
908 4691 1131 4766 πημανέειν
1153 4689 1220 4768 πρὶν
1240 4688 1395 4761 δωδεκάτη
1419 4688 1501 4767 μέλη
1524 4688 1614 4764 ἦύς.”

614 4796 777 4862 Adnotaut
807 4797 956 4862 editores:
990 4796 1152 4879 ἐπέτελλε]
1180 4795 1399 4878 promittebat?
1437 4793 1578 4862 Verbum
1598 4803 1793 4883 suspeetum

616 4904 647 4968 h.
660 4903 694 4982 1.,
719 4903 797 4968 alias
821 4905 907 4968 enim
930 4903 1072 4965 mandere
1094 4901 1262 4987 signifieat.
