5125 6150
983 834 1027 879 so
1050 833 1282 881 snrsrorssnrs
1306 833 1397 880 ivus.
1752 816 1795 881 83

652 994 706 1059 Vs.
734 995 819 1060 1253
840 1018 906 1081 sqq.
939 996 1007 1062 Has
1038 998 1076 1062 de
1107 999 1177 1083 ipsa
1208 998 1294 1062 Iovis
1326 1000 1439 1062 nuntia
1469 998 1553 1062 Iride
1582 1001 1685 1062 minas
1709 997 1797 1062 addit

604 1102 803 1166 Pisetaerus:

831 1207 868 1271 σὺ
894 1208 920 1271 δ’
944 1207 973 1273 ei
995 1233 1036 1286 με
1061 1211 1208 1284 λυπήσεις
1233 1234 1280 1288 τι,
1306 1218 1359 1284 τῆς
1386 1209 1523 1274 διακένου

831 1314 952 1393 πρώτης
976 1315 1139 1387 ἀνατείνας
1164 1317 1206 1380 τὼ
1230 1316 1334 1380 σκέλει
1358 1318 1504 1394 διαμηριῶ

832 1422 886 1492 την
905 1416 982 1500 Ἶριν
1006 1423 1114 1495 αὐτην.

605 1525 731 1590 Ultima
761 1526 945 1590 Meinelrius
977 1530 1099 1611 optimo
1130 1530 1199 1591 iure
1230 1529 1263 1589 in
1296 1529 1509 1610 suspicionem
1540 1526 1681 1591 adduxit.
1707 1526 1797 1592 Ferri

605 1639 713 1695 tamen
746 1635 858 1716 nequit
889 1631 972 1715 quod
1001 1632 1058 1696 ille
1090 1634 1272 1717 proposuit:
1298 1627 1599 1711 ε1τ”1ρινοιύτην;
1623 1654 1685 1697 non
1709 1636 1795 1698 enim

605 1737 643 1801 de
666 1738 794 1820 famula
825 1736 932 1820 aliqua
964 1738 1062 1801 Iridis
1092 1741 1126 1801 in
1160 1760 1206 1801 vs.
1234 1737 1321 1802 1253
1342 1760 1387 1822 sq.
1420 1759 1600 1802 sermonem
1632 1759 1716 1815 esse,
1741 1739 1795 1803 sed

604 1846 709 1927 ipsam
743 1843 862 1908 Iridem
893 1843 979 1908 Iovis
1013 1847 1195 1907 ministram
1230 1844 1357 1921 audire,
1392 1865 1464 1908 oum
1501 1843 1625 1909 Koolrio
1660 1844 1796 1930 aliisque

606 1952 737 2013 omnino
761 1956 884 2013 certum
910 1949 1001 2013 duco.
1026 1949 1177 2034 Suspicor
1200 1957 1309 2014 sutem
1333 1949 1477 2014 notulam
1503 1953 1577 2027 „riv
1597 1945 1672 2029 Ἰριν
1697 1952 1794 2022 αὐτην

604 2055 716 2132 λέγει’
754 2055 792 2118 ad
828 2076 940 2119 vocem
976 2054 1108 2119 διάκονον
1145 2061 1343 2140 spectantem
1376 2058 1409 2118 in
1446 2063 1571 2120 textum
1610 2059 1793 2141 irrepsisse,

602 2165 710 2246 ipsum
741 2183 816 2225 vero
848 2164 1006 2225 comicum
1040 2161 1162 2226 dedisse
1194 2161 1425 2246 grandisonum
1455 2161 1585 2246 aliquod
1615 2161 1709 2226 Iridis
1732 2165 1796 2248 epi·

603 2267 726 2331 theton.
751 2266 862 2351 Itaque
885 2266 1026 2351 exenrpli
1050 2270 1156 2352 gratia
1180 2286 1336 2352 propono:

1419 2370 1567 2450 διαμηριῶ

830 2479 884 2551 την
910 2478 1172 2554 σεμνδριυθον.

649 2688 702 2753 Vs.
728 2689 816 2754 1262
836 2711 902 2774 sqq.
936 2727 977 2737 —
1012 2689 1138 2774 Fugato
1161 2689 1245 2753 Iride
1269 2689 1402 2754 deorum
1424 2693 1537 2754 nuntia
1560 2691 1675 2755 chorus
1698 2693 1796 2756 victo

601 2798 684 2859 riam
720 2794 1075 2859 Nubilocuculiensium
1106 2793 1190 2859 laeto
1221 2797 1343 2858 cantico
1375 2793 1530 2871 celebrat,
1566 2795 1649 2881 quod
1683 2795 1795 2882 lyricis

603 2904 745 2965 numeris
767 2901 941 2987 lyricisque
965 2901 1069 2965 verbis
1094 2908 1141 2964 est
1164 2903 1291 2985 insigne
1314 2909 1375 2980 (us.
1402 2900 1489 2965 1262
1503 2906 1601 2986 sqq.):

874 3008 1136 3088 &concuspiscamus
1161 3005 1307 3085 διογενεῖς
1332 3007 1413 3078 θεοὺς

873 3113 984 3190 μηκέτι
1010 3115 1064 3188 την
1088 3115 1163 3189 ε’ριην
1187 3113 1336 3191 διαπερᾶν
1360 3113 1449 3178 πάλιν

873 3218 952 3296 μηδέ
976 3224 1032 3283 τιν’
1057 3218 1203 3297 ἱερόθυτον
1228 3220 1289 3284 aiod
1313 3219 1443 3284 δάπεδον
1467 3217 1511 3283 έτι

873 3326 947 3403 τῇδε
970 3325 1084 3404 βροτῶν
1109 3328 1197 3390 θεοῖσι
1223 3324 1358 3401 πέμπειν
1382 3327 1508 3391 ιιαπνδν.

649 3431 764 3495 Omnia
785 3432 863 3495 haec
887 3439 961 3495 sunt
984 3452 1077 3507 sana,
1103 3468 1146 3478 -
1170 3453 1243 3495 nam
1270 3431 1354 3516 quod
1375 3434 1409 3495 in
1434 3431 1595 3496 codicibus
1618 3439 1667 3495 est
1686 3433 1797 3496 οὶποιιε·

602 3537 775 3613 κληναριεν,
799 3557 913 3601 verum
938 3538 1058 3600 vitium
1078 3535 1112 3599 id
1130 3557 1224 3601 nomo
1245 3536 1345 3614 dicet,
1367 3536 1490 3601 dudum
1510 3542 1619 3602 autem
1638 3536 1721 3602 levis
1739 3536 1796 3603 ille

601 3663 690 3707 error
719 3649 767 3706 est
797 3649 974 3718 correctus,
999 3679 1041 3689 -
1068 3644 1175 3706 omnia
1207 3644 1311 3727 igitur
1334 3647 1409 3706 sunt
1432 3663 1522 3719 sana,
1548 3644 1609 3707 nisi
1633 3642 1716 3729 quod
1739 3665 1797 3707 nu·

602 3750 685 3812 mori
725 3768 835 3812 uersus
876 3750 964 3811 tertii
1005 3769 1067 3811 non
1103 3754 1257 3812 constant.
1300 3747 1412 3831 Itaque
1447 3747 1597 3813 Meineke
1630 3751 1795 3834 integrum

602 3852 789 3917 dochmium
820 3858 858 3915 ut
890 3851 1042 3929 efficeret,
1076 3858 1149 3937 post
1180 3851 1311 3916 δάπεδον
1342 3854 1501 3917 inserebat
1531 3853 1722 3938 particulam
1745 3853 1795 3933 aiv,

602 3958 657 4023 sed
688 3957 765 4042 quid
796 3977 833 4021 ea
864 3957 925 4021 sibi
956 3956 1037 4022 velit
1069 3979 1170 4041 neque
1202 3979 1261 4044 ego
1295 3957 1387 4023 video
1410 3979 1512 4044 neque
1535 3958 1617 4023 vidit
1640 3958 1794 4045 Blaydes‚

603 4068 659 4151 qui
683 4088 722 4140 γε
746 4062 893 4128 voculam
918 4062 1032 4127 addere
1055 4062 1191 4139 maluit,
1217 4069 1289 4148 post
1311 4062 1390 4139 μηδέ
1414 4085 1485 4129 earn
1508 4067 1658 4130 inserens.
1683 4067 1727 4129 At
1745 4086 1796 4130 rss

600 4172 706 4238 sicubi
737 4192 774 4235 eo
804 4169 934 4235 devenit
956 4175 992 4233 ut
1017 4193 1056 4246 γε
1081 4169 1230 4234 videatur
1255 4190 1315 4246 „ex
1340 4170 1535 4235 abundanti''
1556 4191 1624 4235 esse
1647 4169 1795 4236 additum

601 4277 656 4343 vel
688 4276 886 4353 addendum,
923 4296 1038 4339 verum
1068 4275 1212 4340 nondum
1244 4282 1408 4361 repertum
1439 4297 1506 4341 esse
1536 4281 1606 4341 tute
1635 4281 1795 4342 statueris.

603 4383 690 4447 Mihi
713 4382 908 4447 restituenda
930 4381 1060 4446 videtur
1083 4384 1171 4446 vocis
1195 4382 1327 4447 δαπέδου
1351 4384 1454 4447 forma
1475 4385 1681 4467 exquisitior:

1214 4488 1275 4552 οὶνοδ
1299 4488 1430 4568 ζάπεδον
1454 4485 1511 4552 έτι.

604 4593 740 4660 Confero
764 4601 872 4658 autem
896 4595 1137 4678 inscriptionem
1162 4594 1291 4659 Pariam
1315 4593 1433 4659 saeculi
1456 4591 1492 4656 Vi
1517 4593 1615 4673 (IGA.
1641 4593 1738 4675 401):

785 4699 967 4776 Δημοκύδης
992 4699 1055 4763 τάδ’
1079 4697 1221 4777 ἄγαλμα
1244 4699 1452 4772 Τελεστοδέαη
1477 4704 1506 4762 τ’
1529 4701 1591 4765 ἀπὸ
1616 4707 1715 4765 κοινῶν

872 4803 1035 4882 εὐξάμενοι
1060 4813 1179 4879 στῆσαν
1203 4805 1338 4887 παρθένῳ
1362 4804 1519 4884 ’Λρτέροιδι

784 4914 884 4990 σεμνῷ
909 4912 950 4975 ot
977 4909 1116 4989 ζαπέδςο,
1141 4909 1229 4989 κούρη
1254 4911 1325 4981 Διὸς
1350 4911 1512 4991 αἰγιόχοιο.
