5125 6150
690 803 756 880 264
1132 823 1173 869 on
1196 800 1408 870 manemus.

690 990 868 1067 Thessalia,
900 1013 997 1076 propo
1026 989 1176 1076 Megara,
1209 989 1381 1066 Troezena,
1414 989 1597 1056 Chalcidem
1620 990 1859 1074 conspexissent
1866 1008 1875 1065 ;

687 1098 833 1163 viderant
863 1098 897 1161 hi
930 1097 1014 1183 apud
1038 1096 1217 1162 Taenarum
1241 1096 1401 1182 templum
1423 1096 1543 1162 Dianae
1566 1097 1764 1170 dedicatum,
1790 1094 1877 1179 quod

687 1205 739 1269 hic
769 1204 941 1291 Virginum
976 1205 1135 1269 erroribus
1169 1202 1240 1268 finis
1274 1211 1356 1268 esset
1389 1204 1508 1283 factus;
1544 1203 1798 1268 sacrificaverant
1831 1201 1879 1266 ibi

688 1312 818 1376 fortasse
842 1313 876 1375 in
897 1313 960 1375 aris
982 1307 1142 1394 Apollinis
1165 1311 1340 1375 Amazonii.

732 1414 829 1482 Haud
859 1418 955 1482 dubie
986 1418 1131 1481 homines
1154 1420 1296 1502 antiqui,
1319 1419 1388 1501 ipso
1412 1438 1450 1481 ex
1474 1414 1539 1482 solo
1564 1418 1670 1481 Attico
1693 1416 1877 1501 progeniti,

686 1525 798 1612 glebae
836 1527 957 1609 patriae
990 1525 1241 1589 coniunctissimi
1276 1543 1311 1588 ac
1345 1523 1531 1610 longinquis
1565 1520 1879 1608 peregrinationibus

687 1634 821 1696 minime
852 1633 989 1706 assueti,
1021 1631 1220 1695 mirabantur
1251 1630 1376 1695 hostem
1408 1651 1446 1695 er
1470 1631 1563 1694 Asiae
1587 1628 1803 1714 penetralibus
1827 1632 1879 1692 tot

687 1760 742 1824 per
766 1746 881 1814 terras,
906 1742 1047 1814 montes,
1071 1736 1206 1801 flumina
1228 1758 1328 1822 usque
1352 1737 1534 1801 admotam
1558 1734 1763 1821 Peloponnesi
1784 1754 1881 1818 pene-

686 1852 793 1910 trasse.
827 1843 934 1929 Magis
964 1847 1062 1908 etiam
1093 1844 1292 1908 mirabantur
1322 1849 1440 1908 matres
1471 1842 1628 1920 familiae,
1661 1842 1778 1927 quibus
1807 1842 1880 1905 vita

683 1954 768 2016 inter
798 1954 935 2036 parietes
966 1957 1033 2015 erat
1063 1950 1222 2037 degenda,
1246 1972 1343 2036 equos
1367 1957 1475 2016 autem
1500 1957 1532 2016 et
1555 1971 1643 2015 arma
1665 1957 1697 2015 et
1720 1947 1806 2014 bolla
1829 1949 1879 2011 vi·

685 2078 795 2122 rorum
824 2059 858 2120 in
888 2078 984 2121 usum
1016 2077 1034 2120 a
1065 2056 1131 2121 deis
1161 2057 1399 2121 immortalibus
1431 2064 1535 2122 creata
1559 2077 1626 2121 esse
1649 2055 1878 2120 autumabant.

686 2164 843 2230 Theseum
862 2164 902 2228 ad
920 2162 1190 2228 Thermodontem
1215 2166 1395 2248 pervenisse
1417 2165 1525 2249 ibique
1548 2165 1719 2248 Antiopam
1741 2164 1880 2225 Amano

685 2293 766 2336 num
796 2273 940 2357 reginam
971 2269 1156 2344 sustulisse,
1188 2270 1264 2354 quid
1293 2272 1412 2334 mirum
1436 2267 1590 2335 habebat?
1614 2268 1763 2334 Herculis
1787 2270 1879 2333 enim

686 2376 870 2462 exemplum
901 2381 1046 2451 secutus,
1077 2378 1268 2441 iniuriarum
1299 2375 1528 2441 simulantior
1550 2382 1582 2441 et
1605 2375 1701 2452 ultor,
1726 2396 1783 2461 per
1806 2377 1881 2440 vias

683 2488 719 2550 'et
752 2486 841 2549 invia
871 2489 939 2548 erat
970 2489 1116 2569 vagatus.
1156 2483 1218 2548 Sed
1248 2483 1382 2548 feminas
1414 2490 1551 2548 armatas
1582 2485 1734 2568 equisque
1764 2489 1881 2547 vectas

687 2593 786 2656 etiam
815 2590 943 2675 longius
975 2588 1142 2674 aliquando
1173 2610 1240 2654 esse
1270 2611 1455 2675 progressas
1484 2611 1581 2675 quam
1611 2593 1673 2676 ipsi
1702 2589 1880 2654 Persarum

687 2699 756 2781 regi
779 2698 981 2781 contigisset,
1007 2695 1041 2758 id
1064 2695 1238 2760 humanam
1261 2695 1357 2761 fidem
1376 2697 1561 2781 superabat,
1582 2701 1613 2760 et
1632 2698 1693 2759 nisi
1711 2694 1881 2760 Homerus

686 2805 778 2868 testis
801 2802 916 2866 suisset
939 2801 1106 2866 Priamum
1130 2800 1471 2888 Bellerophontemque
1494 2806 1560 2867 acie
1583 2822 1741 2889 pugnasse
1766 2808 1881 2866 contra

686 2912 880 2983 Amazonas,
913 2909 1022 2971 Asiam
1054 2909 1156 2994 igitur
1186 2929 1237 2972 eas
1267 2909 1442 2984 habitasse,
1472 2909 1602 2974 fortasse
1633 2929 1716 2973 unus
1739 2915 1772 2972 et
1795 2906 1881 2973 alter

685 3018 751 3081 iam
775 3019 851 3079 tuno
874 3017 1027 3100 temporis
1049 3013 1086 3079 de
1111 3016 1308 3081 Amazonum
1332 3018 1454 3103 origine
1476 3014 1621 3081 orientali
1644 3014 1820 3080 dubitasset
1846 3021 1882 3080 et

686 3126 720 3187 in
753 3120 886 3188 Graecia
918 3124 1040 3206 potius,
1076 3143 1103 3188 e.
1134 3143 1166 3208 g.
1203 3122 1242 3186 ad
1277 3111 1428 3188 Boeotiae
1458 3122 1554 3187 illum
1585 3121 1877 3198 Thermodontem,

687 3249 798 3293 earum
821 3227 929 3292 sedem
952 3226 1172 3311 quaesivisset.

734 3334 896 3399 Venerunt
929 3334 996 3398 dies
1029 3335 1144 3418 quibus
1176 3334 1358 3399 Herodotus
1388 3335 1535 3400 historias
1564 3356 1636 3399 suas
1668 3336 1766 3400 variis
1797 3332 1879 3400 locis

687 3462 792 3506 coram
824 3439 942 3525 populo
966 3442 1124 3505 recitavit.
1150 3441 1197 3505 lbi
1222 3449 1298 3505 tunc
1323 3440 1483 3506 auditores
1507 3442 1625 3506 famam
1649 3441 1687 3505 de
1710 3439 1879 3504 Sauroma-

686 3554 793 3611 tarum
827 3545 1017 3611 mulieribns
1054 3548 1289 3630 equitantibus,
1321 3548 1525 3623 venantibus,
1557 3546 1775 3632 pugnantibus
1807 3553 1879 3609 tam

688 3652 836 3718 delectati
860 3673 956 3737 quam
981 3653 1131 3717 admirati
1154 3654 1350 3737 accipiebant
1374 3653 1482 3718 avide:
1503 3655 1645 3718 habitare
1663 3653 1719 3716 has
1741 3651 1879 3716 feminas

687 3761 721 3824 in
752 3759 870 3823 vicinia
899 3761 996 3822 maris
1019 3757 1146 3843 Caspii,
1172 3780 1228 3823 nec
1253 3759 1394 3823 multum
1419 3758 1594 3844 discrepare
1616 3759 1654 3823 ab
1679 3756 1878 3842 Oeorpatum

688 3870 800 3953 gente,
836 3885 915 3949 quae
950 3885 968 3928 a
1002 3862 1208 3951 Themiscyra
1243 3866 1281 3929 ad
1313 3864 1580 3931 Thermodontem
1611 3864 1761 3941 oriunda,
1793 3865 1877 3930 forte

687 3980 795 4037 autem
819 3971 945 4035 fortuna
967 3972 1000 4033 in
1024 3969 1187 4054 lluropam
1210 3979 1405 4049 transvecta,
1430 3972 1468 4036 ad
1492 3971 1612 4037 Tanain
1635 3971 1754 4036 flumen
1775 3992 1877 4036 novas

687 4079 776 4145 sedes
807 4084 1005 4162 occupasset;
1039 4077 1203 4152 ollarum
1231 4085 1340 4143 autem
1364 4079 1539 4165 significare
1564 4078 1783 4154 ἄνδροκτὸνους.
1809 4078 1878 4156 En,

689 4188 870 4271 cogitarunt
902 4184 988 4248 haud
1023 4184 1118 4249 dubie
1153 4182 1283 4262 Graeci,
1320 4187 1435 4270 quibus
1470 4207 1578 4251 omnes
1613 4188 1758 4272 regiones
1791 4184 1879 4250 ultra

689 4290 809 4356 Tanain
840 4312 895 4376 pro
927 4291 1003 4354 Asia
1033 4298 1139 4368 erant,
1172 4313 1225 4368 en,
1251 4291 1386 4356 Homeri
1408 4292 1483 4357 fides
1506 4313 1574 4357 sera
1597 4299 1700 4358 aetate
1723 4294 1878 4377 probata:

688 4404 764 4464 sunt
781 4398 884 4482 igitur
903 4404 935 4460 et
954 4397 1083 4461 fuerunt
1105 4420 1191 4461 cerae
1210 4400 1401 4475 Amazones,
1424 4399 1559 4464 feminae
1580 4400 1727 4463 barbarae
1744 4398 1878 4483 quidem

688 4505 742 4571 sed
766 4501 914 4569 mortales
936 4509 974 4568 ut
996 4524 1109 4567 sumus
1131 4506 1202 4588 ipsi.
1226 4504 1304 4569 Mor
1328 4503 1494 4591 Tomyris,
1520 4503 1598 4592 Gyri
1620 4507 1748 4569 maioris
1768 4505 1879 4570 adver·

688 4613 785 4688 saria,
817 4611 850 4673 in
882 4607 972 4673 libris
1003 4609 1226 4675 historicorum
1258 4612 1456 4676 Amazonum
1491 4615 1602 4698 regina
1625 4611 1735 4686 fiebat;
1762 4610 1877 4677 deinde

689 4715 868 4781 Alexander
890 4716 1030 4802 Magnus
1053 4720 1115 4782 iter
1137 4720 1169 4781 in
1191 4717 1314 4782 Indiam
1340 4719 1457 4783 faciens
1480 4740 1554 4784 cum
1578 4719 1794 4784 Amazonibus
1813 4742 1877 4785 non

689 4821 819 4907 quidern
854 4830 987 4888 certasse
1022 4831 1055 4888 at
1086 4830 1194 4888 tamen
1230 4846 1298 4890 rem
1329 4826 1476 4891 habuisse
1508 4826 1698 4891 tradebatur.
1733 4827 1878 4912 Agmina

689 4927 830 4993 fabulosa
861 4931 899 4993 ad
923 4930 1069 5016 Sangarii
1092 4932 1177 5015 ripas
1200 4933 1473 5019 circumvagantia
1496 4941 1528 4998 et
1551 4934 1878 5022 Phrygum-campos
