5125 6150
1080 831 1124 879 ΑΙ)
1146 831 1378 879 umerorum
1400 831 1493 879 AVBB.

874 1005 988 1078 πρῶτον
1011 998 1067 1072 μὲν
1090 998 1177 1066 εὐθὺς
1200 996 1318 1066 πάντες
1342 994 1376 1071 ἐξ
1396 997 1482 1070 εὐνῆς
1506 994 1578 1074 ἅμα

874 1105 1008 1169 ἐπέτονθ’
1031 1099 1128 1180 ἔνθεν,
1151 1100 1252 1181 ὥσπερ
1277 1103 1383 1179 ἡμεῖς,
1409 1102 1461 1166 ἐπὶ
1564 1101 1673 1180 νόμον·

876 1210 928 1273 nal
953 1206 1047 1272 ἔπειθ’
1072 1207 1110 1272 ἂν
1133 1204 1204 1284 ἅμα
1228 1217 1357 1288 κατῆραν
1382 1209 1425 1276 εἷς
1447 1208 1490 1272 rt
1591 1207 1729 1288 βιβλία,

874 1311 931 1378 εἶτ’
955 1313 1139 1388 ἀπενέμοντ’
1162 1314 1296 1377 ἐνταῦθα
1319 1312 1361 1376 τὰ
1466 1315 1669 1393 ψηφίσματα

692 1429 754 1502 (vs.
778 1419 864 1484 1286
876 1428 969 1505 sqq.).
992 1419 1079 1499 Quae
1102 1419 1260 1504 quomodo
1280 1422 1345 1484 sint
1363 1420 1546 1504 accipienda
1565 1422 1699 1486 minime
1712 1421 1885 1486 obscurum

692 1527 838 1601 arbitror,
858 1526 993 1590 verbum
1013 1534 1124 1590 autem
1135 1525 1292 1602 -νέμεσθννν
1305 1531 1367 1604 (vs.
1383 1523 1483 1603 1289)
1495 1524 1579 1589 clare
1592 1529 1724 1590 omnino
1736 1524 1885 1590 ostendit.

692 1630 971 1713 Quemadmodum
1001 1651 1076 1695 aves
1107 1634 1212 1715 primo
1236 1651 1330 1695 mene
1352 1630 1436 1694 nihil
1458 1630 1577 1696 habent
1599 1633 1766 1717 antiquius
1789 1651 1885 1716 quam

691 1745 730 1802 ut
760 1736 860 1821 pullis
889 1736 1013 1820 sibique
1037 1756 1142 1800 escam
1166 1742 1294 1819 petant,
1320 1736 1369 1798 ἐπὶ
1395 1736 1483 1812 νομὸν
1506 1738 1611 1822 igitur
1634 1758 1651 1801 e
1675 1735 1750 1800 nido
1774 1756 1888 1821 provo

692 1843 813 1919 lantes,
837 1845 883 1907 sic
907 1844 1116 1906 Athenienses
1140 1843 1165 1905 oi
1189 1840 1340 1921 Φνλᾰδννννν
1365 1839 1424 1917 ἅμ’
1446 1839 1484 1919 ἕῳ
1508 1841 1662 1906 festinent
1684 1841 1725 1906 ad
1746 1840 1884 1919 iudicia,

692 1948 745 2013 rel
781 1951 880 2013 etiam
913 1951 947 2012 in
977 1954 1124 2012 senatum
1155 1953 1188 2012 et
1218 1949 1419 2024 concionem,
1445 1985 1487 1994 —
1511 1949 1554 2010 ad
1580 1947 1658 2027 lepos
1687 1949 1794 2033 igitur
1818 1950 1886 2012 sire

693 2056 742 2120 ἐπὶ
767 2055 866 2132 udan.
890 2053 978 2119 Olim
1003 2061 1111 2118 autem
1134 2074 1153 2117 a
1172 2074 1276 2139 pnyce
1296 2052 1347 2117 vel
1366 2074 1384 2117 a
1404 2052 1558 2118 tribunali
1576 2055 1609 2116 in
1629 2053 1736 2117 forum
1756 2052 1887 2117 tendere

692 2161 836 2227 solebant
858 2161 900 2231 εἷς
925 2160 969 2224 τὶ
992 2156 1118 2239 ἄλφιτα
1143 2157 1195 2223 vel
1218 2159 1262 2230 νῖν
1287 2159 1355 2228 τοὺς
1376 2159 1485 2238 ἱχθῦςε
1506 2179 1590 2223 nuno
1610 2157 1760 2223 aridiores
1779 2160 1887 2245 magis

694 2267 820 2352 placent
855 2267 936 2343 cibi,
971 2264 1059 2350 leges
1089 2267 1245 2329 nimirum
1276 2270 1309 2330 et
1338 2263 1458 2342 libelli;
1490 2266 1535 2337 εἰς
1565 2265 1608 2329 τὰ
1638 2263 1757 2342 βιβλία
1782 2266 1888 2350 igitur

693 2377 811 2449 ruunt,
843 2378 876 2436 et
903 2392 944 2435 ne
975 2370 1053 2456 quid
1083 2370 1166 2435 desit
1196 2370 1287 2455 dapis
1317 2369 1527 2448 delicatioris,
1552 2372 1675 2455 opsonii
1697 2369 1767 2434 loco
1791 2372 1889 2433 decre·

694 2487 754 2543 tum
778 2476 907 2563 aliquod
930 2477 991 2541 sibi
1014 2483 1137 2561 parant.

739 2583 842 2664 Quem
872 2585 996 2659 iocum,
1027 2581 1107 2647 olim
1135 2583 1175 2646 ab
1204 2582 1434 2667 interpretibus
1461 2582 1559 2665 probe
1582 2585 1806 2666 perspectum,
1832 2583 1887 2667 qui

694 2695 903 2775 aspernantur
932 2688 1070 2753 editores
1099 2687 1262 2765 hodierni,
1294 2688 1332 2752 de
1363 2688 1537 2753 verborum
1566 2686 1642 2752 lusu
1672 2688 1726 2752 hic
1748 2687 1888 2774 cogitari

693 2815 786 2880 posse
820 2794 995 2877 praefracte
1030 2799 1183 2879 negantes
1196 2792 1233 2873 ¹),
1265 2792 1367 2858 velim
1397 2792 1558 2878 explicent
1589 2814 1646 2858 cur
1675 2793 1888 2859 Athenienses

694 2904 719 2966 ci
756 2902 920 2978 triremos
958 2899 1017 2976 „ad
1048 2900 1157 2964 cibum
1188 2899 1386 2984 potumque”
1401 2900 1427 2977 ²)
1458 2900 1522 2964 diei
1553 2901 1647 2963 initio
1677 2902 1886 2984 potissimum

693 3011 759 3072 iam
791 3027 824 3070 se
854 3013 1037 3071 convertere
1069 3004 1226 3082 dicentur,
1252 3005 1372 3089 quidve
1393 3003 1516 3070 insohti
1538 3013 1595 3069 aut
1616 3003 1746 3068 ridiculi
1767 3004 1887 3070 habere

693 3114 835 3198 potuerit
861 3111 944 3176 illud
967 3112 1149 3189 ἀκράτισμα
1172 3114 1240 3175 sive
1262 3109 1479 3187 ientaculum,
1504 3117 1561 3176 aut
1583 3132 1641 3175 cur
1663 3111 1885 3188 „volandum”

692 3218 771 3282 illuc
794 3218 892 3282 fuerit
917 3253 959 3264 -
982 3238 999 3280 e
1022 3216 1170 3281 cubiculo
1192 3215 1314 3281 scilicet
1336 3220 1370 3280 in
1394 3215 1583 3281 triclinium,

737 3322 823 3387 Bene
853 3325 957 3408 igitur
988 3323 1072 3387 hunc
1102 3321 1211 3385 locum
1242 3320 1426 3408 intelligere
1456 3324 1539 3386 mihi
1570 3321 1690 3399 videor,
1714 3323 1779 3386 nisi
1803 3321 1888 3407 quod

692 3448 822 3493 versum
848 3426 945 3503 1288,
970 3448 1066 3512 quem
1090 3427 1154 3491 levi
1178 3430 1258 3491 vitio
1282 3425 1360 3491 olim
1384 3426 1536 3492 liberavit
1558 3425 1658 3493 Cobet
1678 3436 1809 3508 ννντῇρον
1830 3447 1888 3512 pro

694 3537 869 3612 ννντῐν(ν)νννν
893 3533 1074 3610 scribendo,
1100 3531 1162 3597 alia
1186 3538 1348 3617 practerea
1371 3531 1551 3618 corruptela
1570 3532 1712 3598 laborare
1732 3535 1887 3617 suspicor.

694 3637 756 3702 Vix
779 3640 865 3701 enim
889 3647 1001 3723 aptum
1025 3645 1073 3703 est
1096 3635 1167 3714 aiau
1190 3640 1252 3702 nisi
1275 3637 1353 3722 quid
1376 3638 1519 3715 accedat,
1545 3639 1637 3701 utin
1661 3657 1757 3702 versu
1781 3641 1887 3703 vicino

696 3743 793 3808 1286.
819 3743 1017 3828 Quapropter
1041 3743 1173 3809 malim:

872 3849 923 3913 κνιὶ
949 3851 1103 3914 ἐκεῖθεν
1128 3848 1165 3914 ἂν
1190 3860 1321 3930 euripos
1345 3850 1387 3921 εἷς
1411 3850 1453 3913 τὰ
1477 3848 1607 3926 βιβλία.

691 3956 848 4019 Illinc-
869 3977 886 4019 c
911 3955 1064 4020 tribunali
1086 3958 1242 4021 nimirum
1265 3954 1319 4021 vel
1342 3976 1359 4020 e
1383 3957 1531 4020 concione
1553 3992 1592 4002 -
1614 3954 1653 4018 ad
1676 3954 1826 4019 tabernas
1848 3955 1884 4019 li-

690 4063 811 4128 brariae
833 4062 977 4126 ruebant.

735 4274 813 4340 Post
851 4277 1004 4339 iuvenem
1043 4273 1139 4339 illum
1177 4273 1460 4339 Nubilocuculiam
1495 4277 1571 4338 visit
1605 4272 1749 4341 Oinesias
1786 4276 1886 4341 homo

690 4382 950 4456 ventosissimus,
984 4381 1083 4445 nubea
1114 4386 1146 4445 et
1177 4383 1271 4445 inane
1301 4379 1384 4444 illud
1415 4385 1511 4444 cantu
1543 4378 1721 4455 celebrans,
1755 4380 1811 4443 ubi
1839 4387 1887 4446 est

690 4489 794 4570 patria
813 4491 980 4571 poetarum
1000 4485 1324 4572 dithyrambicorum.
1345 4484 1513 4551 Exclamat
1532 4491 1660 4561 autem,
1681 4487 1708 4549 si
1726 4485 1887 4551 credimus

692 4590 853 4655 codicibus
876 4598 937 4672 (ve.
965 4590 1050 4656 1395
1064 4596 1142 4675 sq.):

699 4759 892 4769 ——-

723 4848 750 4911 1)
771 4850 822 4897 uhu
841 4850 879 4897 ein
898 4849 1026 4914 Wortcpicl
1044 4849 1089 4898 mit
1107 4850 1179 4909 νόμος
1196 4848 1228 4898 ist
1247 4849 1317 4898 nieht
1334 4864 1363 4898 sn
1380 4848 1489 4898 denhen”
1506 4848 1581 4897 llcclr.

724 4930 752 4991 2)
772 4930 846 4979 1an
862 4930 934 4980 Rcaen
952 4934 999 4982 und
1017 4931 1148 4980 Trinlen”.
