5125 6150
791 842 857 907 354
1310 852 1464 903 emron.

788 1025 857 1108 ipse
887 1021 979 1085 nobis
1010 1017 1119 1086 Cicero
1152 1017 1289 1082 affirmat
1320 1016 1398 1082 alios
1428 1038 1554 1102 quoque
1577 1020 1610 1081 in
1636 1016 1858 1084 Consolatione
1882 1041 1985 1085 suaa

790 1147 824 1191 se
847 1125 1005 1190 adhibitos
1028 1144 1095 1188 esse
1118 1129 1264 1187 auctores
1289 1122 1342 1202 (ct.
1367 1144 1394 1188 e.
1418 1142 1451 1207 g.
1477 1121 1515 1186 ad
1540 1125 1607 1187 Att.
1632 1121 1705 1188 XII.
1731 1122 1799 1203 23).

1361 1333 1414 1398 IV.

833 1550 881 1614 Eo
903 1551 1012 1632 itaque
1035 1568 1085 1611 res
1107 1546 1206 1623 redit,
1232 1551 1269 1609 ut
1291 1544 1401 1610 libello
1426 1545 1492 1623 περὶ
1518 1545 1642 1619 πένθους
1666 1549 1742 1613 baec
1764 1549 1859 1613 modo
1880 1550 1985 1613 vindi·

789 1657 854 1721 cari
872 1674 963 1740 posse
983 1650 1162 1728 videantur,
1183 1672 1264 1736 qnae
1283 1653 1410 1714 nomine
1426 1654 1565 1715 auctoris
1577 1650 1706 1716 laudato
1719 1655 1788 1717 sive
1799 1673 1818 1717 a
1830 1651 1984 1720 Cicerone

787 1763 855 1826 sive
884 1781 903 1825 a
935 1757 1170 1844 ps-Plutarcho
1191 1755 1375 1822 afferuntur.
1400 1758 1443 1819 At
1467 1777 1505 1821 ne
1530 1758 1728 1841 sicquidem
1755 1762 1863 1823 omnia
1885 1759 1984 1844 plana

766 1851 823 1931 'ac
847 1869 933 1931 certa
955 1871 1058 1929 eruut.
1090 1863 1173 1927 Nam
1197 1861 1350 1938 diatribe,
1376 1881 1457 1944 quae
1481 1860 1649 1926 Plutarchi
1670 1884 1784 1928 nomen
1808 1865 1886 1941 fert,
1913 1871 1984 1929 tam

786 1974 903 2036 misere
922 1971 1098 2053 composita
1117 1973 1179 2043 est,
1201 1971 1367 2050 tantopere
1386 1966 1589 2043 conturbata,
1611 1973 1678 2032 tam
1696 1970 1795 2032 variis
1812 1975 1983 2054 poetarum

786 2076 934 2143 versibus
956 2078 1023 2138 sine
1047 2072 1115 2137 ullo
1139 2071 1248 2136 ordine
1273 2079 1410 2147 onerata,
1435 2076 1473 2134 ut
1495 2074 1638 2155 inspecto
1661 2072 1761 2137 semel
1779 2071 1888 2138 libello
1910 2095 1985 2138 con·

786 2182 877 2247 cedas
900 2199 1024 2245 necesse
1047 2180 1104 2253 sit,
1129 2179 1274 2261 iamper
1298 2196 1331 2240 se
1355 2175 1490 2240 dubium
1514 2197 1581 2241 esse
1602 2198 1681 2242 num
1701 2198 1838 2262 usquam
1859 2186 1982 2256 auctor,

785 2288 842 2352 ubi
883 2285 999 2350 referat
1040 2281 1244 2358 Crantorem,
1286 2284 1355 2365 ipse
1401 2281 1583 2367 philosophi
1633 2283 1752 2348 librum
1794 2288 1982 2369 inspexerit.

785 2392 943 2472 Quoniam
973 2410 1049 2456 vero
1080 2388 1132 2452 hie
1162 2408 1289 2472 quoque
1321 2389 1383 2452 viri
1407 2386 1492 2452 docti
1516 2409 1586 2453 sam
1610 2388 1799 2475 plerumque
1823 2393 1911 2456 viam
1936 2394 1983 2455 in-

785 2500 887 2584 gressi
910 2501 1002 2572 sunt,
1034 2499 1071 2558 ut
1094 2493 1197 2558 sicubi
1220 2498 1377 2557 constaret
1401 2496 1514 2578 capitis
1538 2497 1669 2559 initium
1693 2516 1729 2560 ac
1752 2495 1848 2561 finem
1872 2496 1983 2563 deberi

786 2601 932 2669 Crantori
962 2605 1068 2664 totum
1099 2604 1195 2683 eaput
1224 2600 1254 2662 ei
1286 2596 1476 2682 philosopho
1499 2600 1693 2678 tribuerent,
1719 2600 1863 2687 singulos
1892 2602 1982 2668 locos

786 2709 902 2792 quibus
934 2706 1105 2772 Crantorea
1135 2703 1311 2769 afferuntur
1333 2703 1485 2768 tractabo.
1519 2704 1561 2768 lis
1584 2711 1694 2770 autem
1716 2728 1768 2772 me
1792 2709 1980 2785 contiueho;

784 2812 940 2878 molestus
959 2813 1045 2875 enim
1064 2809 1140 2874 fiam
1158 2809 1330 2874 lectoribus
1347 2811 1374 2873 si
1393 2812 1572 2874 accuratius
1591 2811 1748 2896 exemplis
1760 2814 1980 2879 demonstrare

785 2918 902 2995 velim,
934 2937 1028 3002 quam
1061 2936 1169 3000 saepe,
1198 2935 1358 3000 quamque
1381 2915 1589 3001 neglegenter
1612 2917 1722 2982 rhetor
1745 2921 1889 3003 quisquis
1914 2920 1980 2983 fuit

785 3025 870 3089 dicta
893 3022 994 3099 dieat,
1020 3041 1038 3087 a
1058 3023 1219 3107 proposito
1239 3021 1380 3099 aberret,
1399 3021 1460 3086 sibi
1480 3024 1638 3088 contraria
1657 3031 1828 3108 proponat,
1850 3024 1979 3090 diversa

784 3152 822 3196 ex
846 3129 979 3194 diversis
1003 3127 1188 3192 auctoribus
1211 3126 1365 3192 venditet.

832 3235 861 3298 1.
897 3235 969 3315 Cap.
995 3231 1051 3296 111.
1083 3232 1182 3295 Exitu
1214 3231 1347 3296 demum
1376 3234 1488 3317 capitis
1513 3236 1704 3297 nominatim
1729 3233 1862 3302 Crantor
1885 3238 1978 3301 testis

783 3339 951 3404 laudatur:
984 3340 1049 3415 „ab
1080 3338 1143 3415 γὰρ
1176 3336 1322 3415 νοσοῖμέν,
1356 3344 1450 3416 Φνσνν
1474 3339 1488 3402 ὃ
1513 3338 1724 3415 ’Anchemolo
1750 3341 1892 3419 Κροὲνσσορ
1915 3351 1975 3407 etc.

784 3466 864 3529 quae
898 3440 1058 3517 οὑσολεξσὶ
1089 3463 1128 3506 ex
1151 3439 1316 3508 Crantoris
1339 3440 1420 3508 libro
1443 3442 1542 3508 relata
1564 3466 1631 3510 esse
1654 3452 1792 3511 testatur
1814 3444 1975 3512 Ciceronis

786 3551 888 3614 versio
900 3549 1139 3633 elegantissima
1150 3546 1243 3611 Tusc.
1256 3546 1312 3611 III.
1328 3547 1357 3611 6.
1375 3547 1426 3611 12.
1444 3547 1505 3611 Sed
1518 3551 1583 3613 iam
1595 3553 1703 3634 ipsum
1717 3555 1830 3636 eapitis
1842 3555 1975 3617 initium

783 3656 830 3734 (τὸ
854 3654 911 3730 μὲν
935 3648 983 3716 οὖν
1006 3654 1118 3730 ἀλγεῖν
1143 3652 1194 3716 καὶ
1220 3652 1382 3717 δάκνεσθαι
1404 3657 1645 3729 τελευτήσαντος
1668 3656 1730 3719 οἱοῦ
1752 3658 1885 3733 Φνσνκὴν
1905 3657 1975 3738 ἔχει

782 3761 837 3832 σὺν
869 3758 968 3836 ἀρχὴν
1001 3767 1057 3829 τῆς
1081 3758 1182 3830 λύπης
1208 3757 1260 3821 καὶ
1285 3759 1338 3821 οὐκ
1362 3759 1415 3835 ἐφ’
1441 3761 1527 3837 ἡμῖν)
1553 3756 1715 3825 Crantoris
1739 3764 1852 3826 sinon
1876 3764 1975 3828 verba

783 3870 925 3929 attamen
949 3864 1138 3927 sententiam
1163 3863 1284 3939 reddit,
1310 3865 1348 3927 of.
1373 3863 1465 3928 Tusc.
1491 3863 1547 3927 [Il.
1572 3862 1626 3927 29.
1643 3863 1700 3928 71:
1727 3874 1861 3942 „natura
1885 3867 1977 3933 affert

782 3968 942 4043 dolorem,
965 3970 1017 4031 oui
1036 3966 1166 4050 quidem
1188 3965 1332 4045 Crantor,
1352 3971 1520 4053 inquiunt,
1541 3976 1648 4033 vester
1660 3970 1834 4036 cedendum
1847 3975 1974 4057 putat’'.

781 4074 847 4139 Nec
876 4076 986 4137 minus
1017 4093 1053 4137 ea
1082 4093 1163 4157 quae
1194 4076 1304 4137 statim
1335 4075 1577 4158 subrunguntur
1606 4072 1767 4141 Crantoris
1799 4086 1891 4143 sunt:
1925 4082 1975 4145 Ori

781 4180 844 4257 γὰρ
868 4178 971 4256 ἔγωγε
996 4177 1195 4255 συμφέρομαι
1219 4186 1283 4249 τοῖς
1307 4179 1362 4250 σὴν
1385 4177 1489 4257 ἄγονον
1514 4180 1637 4255 ὑμνοῦσι
1662 4181 1714 4245 acl
1735 4184 1871 4263 σκληρὰν
1891 4186 1977 4249 οἶνοί-

782 4285 874 4361 θσνοιν,
910 4280 966 4357 ἔξω
1002 4281 1053 4346 acl
1090 4286 1142 4345 τοῦ
1179 4281 1309 4346 δννοοτοῡ
1342 4281 1393 4346 acl
1427 4287 1480 4346 σοῦ
1513 4283 1724 4362 συμφέροντος
1756 4282 1859 4365 οὖσαν,
1891 4311 1974 4374 quae

780 4393 925 4452 accurate
952 4386 1141 4470 respondent
1164 4387 1268 4450 verbis
1291 4384 1451 4452 Ciceronis
1474 4387 1580 4468 (Tunc.
1607 4389 1663 4454 111.
1690 4391 1791 4470 6.12)
1817 4415 1895 4470 „nec
1919 4397 1975 4461 ab·

781 4492 875 4556 surde
894 4491 1029 4557 Crantor
1047 4490 1122 4555 ille:
1145 4494 1295 4569 minime,
1315 4494 1434 4576 inquit,
1455 4494 1495 4555 iis
1516 4496 1670 4557 assentior
1683 4498 1737 4579 qni
1754 4499 1853 4562 istam
1866 4504 1974 4566 nescio

780 4617 877 4681 quam
896 4595 1105 4662 indolentiam
1124 4616 1243 4681 magno
1263 4618 1357 4682 opere
1377 4596 1524 4674 landant,
1546 4619 1626 4682 quae
1639 4621 1695 4664 nec
1707 4602 1973 4685 potestullaesse

780 4723 837 4766 nec
861 4700 953 4766 debet
960 4723 969 4779 ,·
995 4722 1034 4766 ne
1057 4707 1208 4787 aegrotus
1232 4704 1311 4778 sim;
1336 4704 1381 4779 si,
1405 4704 1527 4786 inquit,
1551 4703 1641 4768 fuero
1665 4706 1765 4783 etc.;’'
1790 4717 1974 4793 sequuntur

780 4808 866 4870 enim
897 4806 993 4870 verba
1025 4806 1141 4889 quibus
1172 4809 1311 4871 vertitur
1342 4808 1385 4883 ab
1417 4809 1481 4885 γὰρ
1512 4817 1648 4883 νοσοῖμεν
1679 4817 1739 4875 etc.
1770 4810 1859 4878 Haec
1886 4817 1974 4881 inter

780 4916 953 4993 utrumqne
984 4913 1171 4994 scriptorem
1203 4912 1369 4977 concordia
1399 4911 1516 4977 sufficit
1547 4915 1627 4977 viris
1656 4914 1775 4993 doctis,
1807 4923 1844 4980 nt
1868 4938 1974 4984 assen-
