5125 6150
1133 803 1274 851 1661166.
1726 784 1791 849 205

607 971 760 1052 respondit
788 973 998 1034 coniecerunt.
1030 968 1113 1049 Quas
1136 972 1330 1034 coniecturas
1353 990 1426 1034 cum
1450 972 1699 1034 commemorent
1728 966 1792 1033 sdi-
1816 974 1818 979 '

608 1084 707 1153 tores,
731 1076 816 1141 band
839 1078 957 1140 iniuria
980 1076 1018 1141 (16
1038 1075 1153 1140 tradita
1172 1074 1308 1141 lectione
1328 1075 1467 1140 dubitari
1486 1075 1675 1161 significant.
1700 1072 1792 1139 Nihil

607 1190 714 1247 tamen
747 1185 864 1247 certius
895 1203 992 1267 quam
1022 1186 1114 1246 unice
1144 1203 1253 1247 veram
1273 1203 1346 1247 eam
1369 1202 1446 1247 esse.
1475 1181 1583 1246 Etiam
1605 1201 1791 1265 responsum

608 1289 765 1375 Scipionis
797 1288 1031 1353 demonstrabat
1061 1309 1158 1374 quam
1188 1291 1300 1374 ignaro
1324 1285 1456 1353 Caesare
1481 1295 1548 1353 tota
1570 1286 1627 1351 illa
1650 1308 1700 1352 166
1724 1293 1794 1351 acta

608 1403 699 1459 esset.
736 1392 816 1474 Qui?
847 1397 981 1479 quaeris.
1017 1394 1065 1458 Ex
1096 1397 1166 1479 ipso
1198 1392 1339 1460 Caesaris
1371 1393 1466 1459 vultu
1498 1393 1651 1459 efficiebat
1686 1391 1791 1477 Scipio

608 1504 758 1586 ignarum
799 1521 864 1565 esee
903 1502 947 1564 rei
982 1498 1165 1578 Gaesarem
1206 1501 1410 1587 intelligebat
1452 1521 1528 1586 ergo
1569 1497 1791 1564 tantummodo

607 1606 785 1671 cavendum
816 1607 877 1670 sibi
908 1627 975 1672 esse
1002 1627 1041 1670 ne
1065 1628 1213 1693 responso
1236 1629 1293 1672 suo
1317 1606 1523 1672 Messalinam
1546 1609 1678 1691 eiusque
1701 1625 1791 1670 canes

604 1714 755 1776 irritaret.
787 1711 821 1776 Si
844 1733 918 1777 vero
941 1711 1049 1796 aliquo
1073 1713 1166 1778 modo
1190 1716 1345 1798 suspicari
1368 1716 1523 1799 potuisset
1546 1715 1704 1798 permissu
1727 1714 1792 1776 ius·

605 1839 684 1881 suve
704 1814 828 1882 Claudii
850 1839 981 1883 uxorem
1003 1840 1093 1883 suam
1117 1819 1156 1883 ad
1180 1824 1319 1884 mortem
1342 1819 1559 1905 compulsam,
1584 1820 1680 1884 homo
1705 1820 1792 1903 pavi·

607 1924 666 1987 dus
686 1925 887 2009 ignarusque
906 1945 1042 2009 „poenas
1062 1924 1171 1988 dedit’'
1190 1924 1243 1990 vel
1261 1924 1383 2010 aliquid
1402 1925 1559 1991 eiusmodi
1570 1924 1789 2010 respondisset.

653 2031 691 2092 A.
717 2028 774 2105 Xl,
799 2028 828 2094 9.
862 2030 921 2108 (De
946 2031 1139 2095 Parthorum
1162 2033 1297 2116 imperio
1321 2037 1480 2097 certamen
1504 2039 1551 2096 est
1573 2034 1657 2096 inter
1681 2027 1793 2096 Gotar-

606 2156 692 2212 nem,
716 2156 826 2220 regem
849 2135 1126 2214 crudelissimum,
1151 2145 1184 2202 et
1207 2136 1404 2215 Vardanem,
1429 2139 1559 2203 fratrem
1584 2140 1669 2214 eius,
1695 2156 1791 2221 quem

605 2244 667 2326 ipsi
698 2241 809 2305 Parthi
841 2248 950 2307 contra
980 2264 1055 2307 eum
1084 2245 1242 2321 accivere,
1274 2245 1403 2329 iamque
1432 2246 1539 2329 copias
1562 2264 1635 2308 suas
1658 2249 1792 2326 uterque

608 2350 641 2412 in
664 2369 814 2434 campum
837 2348 1044 2428 eduxerunt):

655 2457 719 2532 „At
738 2455 850 2520 Parthi
868 2459 1074 2541 imperatores
1095 2476 1169 2520 cum
1188 2477 1332 2542 pugnam
1351 2461 1513 2542 pararent,
1534 2455 1643 2521 foedus
1663 2461 1790 2541 repente

606 2564 726 2625 iaciunt
757 2564 895 2646 cognitis
924 2560 1129 2648 popularium
1150 2562 1294 2640 insidiis,
1319 2584 1397 2648 quas
1419 2561 1569 2629 Gotarzes
1592 2563 1682 2627 fratri
1705 2566 1790 2648 pate-

603 2667 711 2732 fecit’'.
1513 2751 1519 2763 ι

651 2774 713 2838 Pro
726 2790 731 2799 '
746 2774 862 2838 16611161
896 2775 1046 2862 Agricola
1081 2779 1246 2861 proposuit
1279 2775 1392 2854 1611611,
1424 2776 1551 2862 Lipsius
1577 2777 1725 2862 faciam,
1756 2781 1789 2840 61

607 2880 744 2946 alterum
773 2883 810 2947 ab
840 2883 917 2959 boc,
951 2882 1089 2946 alterum
1119 2884 1158 2948 ab
1182 2882 1239 2947 illo
1269 2883 1388 2968 editore
1419 2886 1581 2969 recipitur.
1611 2882 1654 2948 Ilt
1682 2890 1789 2946 tamen

606 2991 739 3052 minime
769 2988 968 3053 sollicitanda
991 2989 1042 3053 hic
1065 2995 1132 3053 erat
1155 2988 1249 3054 lectio
1274 2989 1407 3054 tradita:
1431 2991 1524 3054 unice
1547 2991 1634 3054 enim
1655 3009 1730 3054 vera
1753 3009 1789 3054 sa

605 3102 671 3171 est,
704 3098 900 3160 coniecturae
930 3103 1038 3160 autem
1070 3099 1150 3161 istae
1182 3097 1277 3159 16111111
1308 3102 1340 3160 61
1364 3097 1493 3180 fneirmt
1520 3094 1648 3161 ridiculi
1671 3095 1788 3160 habent

601 3200 733 3284 aliquid.
769 3200 852 3280 Quid
885 3199 992 3266 enim?
1027 3201 1120 3266 Stant
1153 3204 1255 3286 parati
1287 3202 1326 3265 ad
1357 3223 1500 3288 pugnam
1618 3207 1650 3266 et
1681 3202 1787 3266 subito

597 3309 715 3392 foedae
737 3309 862 3383 16611161,
887 3313 908 3373 i.
921 3330 947 3373 6.
971 3309 1104 3375 foederis
1126 3309 1260 3374 faciendi
1283 3311 1433 3374 iniiciunt
1451 3313 1656 3374 mentionem.
1678 3308 1789 3374 Nonne

604 3415 665 3477 hoc
689 3413 883 3490 verisimile,
908 3436 1009 3479 nonne
1033 3421 1065 3479 et
1087 3436 1137 3480 166
1162 3424 1194 3480 61
1218 3415 1314 3480 verba
1336 3418 1398 3500 ipsi
1419 3419 1612 3482 conveniunt
1635 3412 1787 3480 naturae?

606 3520 707 3583 Subito
738 3520 776 3584 de
806 3520 928 3585 foedere
958 3522 1081 3585 iniicere
1111 3544 1267 3585 sermonem
1298 3528 1431 3608 possunt
1454 3525 1553 3587 etiam
1576 3524 1631 3606 qni
1654 3523 1786 3586 iamiam

606 3629 783 3690 conserturi
814 3648 927 3691 manns
958 3635 1033 3692 sunt
1042 3648 1050 3704 ;
1083 3635 1116 3692 at
1146 3627 1272 3693 nullum
1303 3628 1414 3694 foedus
1437 3631 1630 3712 repentefit:
1654 3628 1787 3694 adeam

605 3753 673 3796 rem
698 3736 889 3797 cerimoniae
912 3739 987 3797 sunt
1006 3735 1217 3820 peragendae,
1239 3756 1318 3819 quae
1338 3756 1412 3799 suas
1431 3736 1493 3799 sibi
1512 3733 1645 3799 afferunt
1663 3753 1786 3810 moras;

604 3838 747 3902 festinari
766 3860 929 3923 nunquam
949 3828 1071 3925 potest,
1092 3840 1146 3904 sed
1166 3842 1299 3905 minime
1319 3847 1395 3905 tunc
1415 3840 1500 3925 apud
1522 3840 1657 3906 Parthos
1681 3841 1789 3925 potuit

602 3942 696 4020 illos,
728 3947 801 4029 qui:
836 3946 1003 4026 „congreret
1026 3946 1127 4027 primo
1157 3953 1339 4024 cunctanter,
1364 3945 1436 4011 dein
1460 3944 1617 4032 complexi
1641 3945 1786 4022 (1611166,

603 4051 690 4135 apud
713 4051 828 4113 altaria
851 4054 935 4115 deum
951 4050 973 4131 ¹)
998 4052 1169 4138 pepigere’'
1196 4074 1222 4117 6.
1236 4074 1267 4138 q.
1280 4074 1306 4117 s.

652 4158 690 4220 A.
715 4156 783 4234 XV,
809 4157 862 4222 48.
887 4158 933 4222 De
957 4158 1070 4223 Pisone
1093 4165 1125 4224 61
1148 4158 1209 4223 6116
1233 4167 1265 4224 61
1288 4160 1365 4224 haec
1388 4165 1573 4224 narrantur:

648 4264 764 4328 Procul
794 4268 937 4349 gravitas
968 4286 1094 4330 morum
1116 4273 1171 4330 aut
1194 4264 1399 4351 voluptatum
1424 4267 1633 4350 parsimonia;
1658 4263 1782 4329 lenitati

603 4392 639 4435 ac
664 4370 918 4456 magnificentiae
942 4378 973 4435 et
996 4371 1166 4457 aliquando
1191 4371 1271 4437 luxu
1295 4372 1491 4458 indulgebat.

651 4477 712 4541 Pro
743 4478 864 4541 lenitati
892 4478 1058 4543 Ernestius
1089 4482 1222 4545 coniecit
1251 4479 1388 4556 16611611,
1416 4499 1548 4563 eamque
1571 4479 1785 4543 coniecturam

602 4585 715 4669 probat
745 4582 913 4648 Furnsaux
945 4584 1004 4649 hoc
1034 4593 1224 4670 argumento
1254 4585 1339 4670 qnod
1369 4584 1483 4649 lenitas
1514 4582 1619 4646 61111161
1649 4604 1710 4647 666
1733 4584 1785 4647 611.

637 4840 663 4901 l)
681 4840 749 4903 Quae
762 4844 825 4887 66116
842 4855 889 4888 non
906 4839 1005 4887 61161661
1021 4839 1045 4886 111
1062 4855 1144 4903 campo
1161 4840 1189 4887 611
1207 4838 1325 4905 proelium
1340 4838 1425 4898 elect03
1442 4838 1664 4888 1116166166616611
1679 4839 1784 4904 aliquam

602 4921 685 4970 urbam
703 4922 750 4969 iter
766 4922 898 4971 laciendum
915 4925 1038 4979 6161661,
1056 4925 1083 4969 61
1100 4921 1237 4979 minimum,
1256 4922 1402 4971 redeundum
1416 4921 1440 4971 in
1459 4928 1545 4971 666116.
