5125 6150
1067 824 1112 876 bn
1134 826 1345 877 tunsoratus.

1115 1016 1176 1059 non
1201 996 1277 1060 haec
1300 993 1467 1060 sollemnia
1489 993 1634 1072 Graecis,

792 1101 849 1167 has
871 1123 909 1167 ex
932 1122 1020 1167 more
1043 1100 1155 1186 dapes,
1179 1102 1259 1165 hanc
1282 1103 1365 1166 tanti
1386 1103 1528 1166 numinis
1552 1120 1660 1179 aram,

793 1229 873 1273 vana
896 1209 1080 1294 superstitio
1103 1212 1310 1293 veterumque
1333 1209 1447 1294 ignara
1468 1207 1600 1274 deorum

791 1316 957 1400 imposuit.

610 1422 722 1507 Itaque
764 1420 907 1488 Cimonis
940 1418 1104 1505 aequales,
1139 1418 1254 1485 Thesei
1288 1436 1416 1505 corpore
1449 1421 1591 1485 Athenas
1624 1419 1794 1500 translato,

609 1529 714 1594 herois
750 1529 867 1593 festum
897 1529 1018 1592 maiore
1049 1547 1146 1611 quam
1176 1533 1268 1592 antes
1300 1533 1454 1613 apparatu
1486 1535 1616 1615 agentes
1647 1550 1720 1594 cum
1751 1529 1794 1592 roi

610 1637 729 1709 Θήσειι
752 1634 930 1711 sacrificiis,
954 1635 1200 1712 certaminibus,
1224 1633 1310 1698 ludis
1333 1640 1504 1721 augerent,
1527 1637 1737 1701 instituerunt
1759 1642 1796 1701 ut

608 1740 769 1809 Gonnidae
792 1740 977 1818 Troezenio,
1002 1761 1067 1826 quo
1087 1736 1227 1805 Theseus
1250 1740 1435 1826 paedagogo
1460 1762 1538 1806 usus
1560 1763 1627 1807 esse
1649 1742 1794 1821 ferretur,

608 1851 777 1934 quotannis
809 1850 889 1913 aries
911 1842 1144 1913 immolaretur.
1169 1845 1287 1917 Fuerat
1309 1855 1418 1912 autem
1442 1845 1601 1914 Counidas
1625 1847 1680 1914 ille
1702 1847 1796 1915 Troe-

609 1958 773 2020 zeniorum
808 1955 870 2026 θεὸς
906 1953 1041 2035 χθόνιος,
1075 1959 1113 2019 ut
1143 1952 1255 2018 docent
1286 1953 1479 2020 Plutarchus
1494 1953 1518 2035 ¹)
1549 1962 1581 2020 et
1612 1954 1795 2043 Hesychius

609 2064 631 2127 i.
656 2084 687 2127 v.
713 2058 907 2140 Kcvsrbeifl).

653 2167 775 2232 Eodem
805 2172 912 2232 autem
942 2172 1084 2253 tempore
1107 2169 1277 2252 antiquum
1301 2165 1461 2253 quoddam
1482 2167 1688 2246 sacrificium,
1712 2170 1796 2255 quod

608 2273 839 2359 pedetemptim
863 2272 1076 2351 obsoleverat,
1105 2276 1197 2338 euius
1219 2293 1329 2338 veram
1353 2275 1420 2338 vim
1445 2280 1540 2358 atque
1562 2282 1710 2342 naturam
1734 2299 1796 2342 non

609 2377 749 2466 amplius
778 2381 1026 2466 perspiciebant,
1055 2379 1244 2445 sacrificium
1269 2376 1348 2445 olim
1374 2382 1587 2447 Amazonibus
1606 2384 1723 2464 praeno
1746 2382 1798 2447 ob·

608 2484 730 2566 latum,
754 2488 1013 2574 redintegrarunt
1035 2493 1068 2552 et
1090 2507 1166 2551 cum
1188 2485 1318 2551 Theseis
1341 2490 1590 2565 coniunxerunt,
1612 2509 1648 2553 ea
1666 2487 1738 2575 lege
1758 2494 1796 2553 ut

607 2592 723 2658 Thesei
746 2615 795 2659 res
815 2602 881 2659 tam
901 2596 935 2657 in
955 2592 1082 2679 Europa
1101 2613 1199 2678 quam
1216 2594 1251 2657 in
1268 2594 1346 2658 Asia
1366 2600 1473 2658 contra
1492 2595 1666 2659 Amazones
1684 2601 1794 2681 gestae

606 2698 663 2765 illo
688 2721 775 2766 sacro
795 2700 1038 2767 celebrarentur.
1067 2699 1190 2785 Nempe
1212 2700 1238 2763 oi
1262 2701 1431 2777 notescat,
1455 2699 1570 2765 Thesei
1593 2721 1690 2766 novos
1713 2723 1795 2767 erro-

607 2827 657 2871 res
689 2828 727 2871 ex
758 2806 909 2871 Herculis
939 2806 1005 2871 illis
1029 2805 1185 2891 fingentes
1209 2804 1331 2870 dudum
1355 2805 1393 2870 de
1416 2804 1531 2871 Thesei
1553 2808 1586 2870 in
1612 2809 1721 2873 Asiam
1745 2829 1796 2874 ex-

607 2912 767 2998 peditione
798 2913 1031 2989 fabulabantur,
1064 2933 1138 2977 cum
1161 2910 1274 2977 Graeci
1298 2913 1530 2997 antiquissimi,
1555 2918 1593 2976 ut
1615 2913 1795 2979 videbimus

607 3020 705 3097 infra,
741 3041 885 3107 pugnam
918 3022 988 3106 ipsa
1020 3022 1055 3083 in
1082 3016 1217 3085 Graecia
1247 3040 1321 3084 cum
1354 3019 1567 3085 Amazonibus
1590 3023 1794 3087 commissam

605 3130 771 3193 novissent
793 3126 904 3192 solam.
928 3126 1079 3207 Quinimo
1102 3126 1142 3191 ad
1165 3126 1484 3191 Amazonomachiem
1508 3126 1593 3213 apud
1611 3126 1796 3215 Themiscy-

605 3256 676 3299 ram
699 3235 843 3300 habitam
868 3234 1007 3299 facinora
1027 3234 1131 3298 herois
1150 3235 1219 3318 ipse
1237 3235 1270 3297 in
1291 3235 1394 3318 petria
1412 3238 1505 3319 gesta
1523 3235 1588 3298 iam
1609 3234 1794 3312 sordebant,

606 3340 706 3405 donee
734 3344 919 3427 ingeniosus
946 3340 1062 3425 aliquis
1084 3339 1180 3404 homo
1204 3338 1327 3426 lingens
1350 3339 1476 3404 hostem
1501 3339 1691 3405 muliebrem
1715 3339 1795 3406 The·

604 3468 697 3512 seum
728 3469 795 3513 esse
827 3457 1042 3533 persecutam,
1065 3468 1139 3512 cum
1161 3467 1245 3513 novo
1266 3446 1382 3531 mytho
1404 3448 1572 3511 coniunxit
1593 3452 1737 3513 veterem
1761 3452 1794 3513 et

607 3554 646 3618 ab
670 3556 804 3619 interitu
827 3555 975 3618 servavit.

653 3771 739 3852 Quae
761 3778 870 3836 antem
889 3771 1020 3836 fuerunt
1043 3771 1216 3835 Amazones
1238 3769 1313 3841 illae
1336 3767 1491 3849 Graecae,
1511 3771 1638 3837 divinae
1657 3774 1792 3859 originis

604 3876 774 3956 mulieres,
809 3879 925 3963 quibus
959 3874 1041 3941 nihil
1075 3883 1198 3961 praeter
1231 3896 1346 3941 nomen
1380 3897 1455 3941 cum
1489 3880 1627 3943 asiaticis
1656 3878 1723 3943 illis
1753 3901 1792 3944 ex

606 3984 748 4049 Homero
779 3987 915 4070 cognitis
946 4004 1115 4048 commune
1146 4003 1213 4047 esse
1244 3979 1344 4068 puto?
1375 3982 1517 4063 Quarum
1549 3982 1674 4048 cultum
1697 3991 1792 4069 atque

603 4112 720 4156 nomen
754 4096 821 4154 tam
851 4095 919 4154 tota
949 4087 1083 4155 Graecia
1113 4109 1209 4173 quam
1240 4111 1297 4175 per
1328 4110 1416 4155 mare
1446 4092 1611 4175 Aegaeum
1641 4110 1792 4174 oramque

603 4200 698 4262 Asiae
733 4198 932 4261 maritimam
966 4195 1047 4261 nulli
1081 4217 1143 4260 non
1177 4197 1354 4261 innotuisse
1390 4203 1529 4270 constat,
1565 4194 1722 4281 siquidem
1758 4199 1792 4260 in

603 4306 727 4392 mythis
758 4310 804 4368 tot
837 4304 968 4368 urbium
991 4302 1184 4379 Ionicarum,
1211 4302 1433 4379 Aeolicarum,
1457 4301 1662 4367 Ponticarum
1687 4310 1792 4388 partes

603 4415 724 4497 primas
754 4406 876 4497 agunt?
908 4409 1048 4488 Quarum
1079 4413 1188 4495 imago
1218 4411 1359 4494 antiquis
1383 4409 1566 4473 hominibus
1589 4415 1656 4474 tam
1680 4411 1791 4476 vivide

604 4529 677 4583 ante
697 4517 804 4582 oculos
823 4517 1057 4593 obversabatur,
1079 4524 1116 4581 ut
1133 4515 1261 4581 turbam
1273 4515 1448 4581 mulierum
1460 4519 1664 4601 vagantium,
1682 4516 1792 4601 procul

602 4628 636 4690 in
668 4627 743 4688 Asia
772 4624 871 4688 libere
903 4626 1102 4700 viventium,
1136 4621 1270 4687 simulac
1303 4643 1413 4687 earum
1445 4623 1528 4686 fama
1555 4625 1589 4686 in
1613 4622 1701 4688 lonis
1723 4644 1790 4708 per-

606 4778 807 4789 ——-—-—

639 4872 665 4930 l)
684 4869 747 4916 Plul.
766 4870 835 4917 Thoe.
852 4871 882 4917 4:
903 4864 920 4929 ᾧ
939 4868 1001 4927 κριὸν
1021 4863 1175 4930 ἔναγίζονσι.

638 4953 666 5012 2)
683 4949 754 5012 γένος
771 4948 885 5012 ι’θαγινῶν
902 4950 918 4998 i.
935 4966 954 4997 e.
973 4945 1137 5010 advexissent.
