<?xml version="1.0" encoding="UTF-8"?>
<!DOCTYPE html PUBLIC "-//W3C//DTD XHTML 1.0 Transitional//EN"
    "http://www.w3.org/TR/xhtml1/DTD/xhtml1-transitional.dtd">
<html xmlns="http://www.w3.org/1999/xhtml" xml:lang="en" lang="en">
 <head>
  <title>
</title>
<meta http-equiv="Content-Type" content="text/html;charset=utf-8" />
  <meta name='ocr-system' content='tesseract 3.04.00' />
  <meta name='ocr-capabilities' content='ocr_page ocr_carea ocr_par ocr_line ocrx_word'/>
</head>
<body>
  <div class='ocr_page' id='page_1' title='image "./mnemosyne04verdgoog_0176.png"; bbox 0 0 5125 6150; ppageno 0'>
   <div class='ocr_carea' id='block_1_1' title="bbox 1198 793 1873 860">
    <p class='ocr_par' dir='ltr' id='par_1_1' title="bbox 1198 793 1873 860">
     <span class='ocr_line' id='line_1_1' title="bbox 1198 793 1873 860; baseline 0.004 -4"><span class='ocrx_word' id='word_1_1' title='bbox 1198 809 1362 859; x_wconf 73' lang='lat' dir='ltr'>uumerus.</span> <span class='ocrx_word' id='word_1_2' title='bbox 1811 793 1873 860; x_wconf 80' lang='lat'>175</span> 
     </span>
    </p>
   </div>
   <div class='ocr_carea' id='block_1_2' title="bbox 690 971 1873 1163">
    <p class='ocr_par' dir='ltr' id='par_1_2' title="bbox 690 971 1873 1163">
     <span class='ocr_line' id='line_1_2' title="bbox 737 971 1873 1060; baseline 0.003 -21"><span class='ocrx_word' id='word_1_3' title='bbox 737 977 755 1060; x_wconf 57' lang='grc' dir='ltr'>ᾖ</span> <span class='ocrx_word' id='word_1_4' title='bbox 776 974 815 1039; x_wconf 84' lang='lat'>2:</span> <span class='ocrx_word' id='word_1_5' title='bbox 841 971 926 1040; x_wconf 72' lang='grc' dir='ltr'><strong><em>οἶσθα</em></strong></span> <span class='ocrx_word' id='word_1_6' title='bbox 947 973 978 1039; x_wconf 77' lang='grc' dir='ltr'>δὲ</span> <span class='ocrx_word' id='word_1_7' title='bbox 998 976 1037 1046; x_wconf 82' lang='grc' dir='ltr'>ὥς</span> <span class='ocrx_word' id='word_1_8' title='bbox 1057 973 1087 1039; x_wconf 79' lang='grc' dir='ltr'>ἕν</span> <span class='ocrx_word' id='word_1_9' title='bbox 1108 973 1189 1054; x_wconf 78' lang='grc' dir='ltr'><strong><em>κρύει</em></strong></span> <span class='ocrx_word' id='word_1_10' title='bbox 1208 975 1363 1056; x_wconf 72' lang='grc' dir='ltr'><strong><em>σφοδρῷ</em></strong></span> <span class='ocrx_word' id='word_1_11' title='bbox 1383 975 1504 1054; x_wconf 74' lang='grc' dir='ltr'><strong><em>γίνεται</em></strong></span> <span class='ocrx_word' id='word_1_12' title='bbox 1526 976 1566 1041; x_wconf 73' lang='grc' dir='ltr'>τοὶ</span> <span class='ocrx_word' id='word_1_13' title='bbox 1586 975 1749 1054; x_wconf 80' lang='grc' dir='ltr'><strong><em>καύματα.</em></strong></span> <span class='ocrx_word' id='word_1_14' title='bbox 1770 976 1873 1042; x_wconf 83' lang='lat' dir='ltr'>Melo:</span> 
     </span>
     <span class='ocr_line' id='line_1_3' title="bbox 690 1081 821 1163; baseline 0.015 -18"><span class='ocrx_word' id='word_1_15' title='bbox 690 1081 821 1163; x_wconf 77' lang='grc' dir='ltr'><strong><em>σφοδροὶ.</em></strong></span> 
     </span>
    </p>
   </div>
   <div class='ocr_carea' id='block_1_3' title="bbox 691 1300 1874 1486">
    <p class='ocr_par' dir='ltr' id='par_1_3' title="bbox 691 1300 1874 1486">
     <span class='ocr_line' id='line_1_4' title="bbox 736 1300 1874 1388; baseline 0.002 -22"><span class='ocrx_word' id='word_1_16' title='bbox 736 1305 754 1388; x_wconf 77' lang='lat'>§</span> <span class='ocrx_word' id='word_1_17' title='bbox 777 1302 827 1367; x_wconf 90' lang='grc'>11.</span> <span class='ocrx_word' id='word_1_18' title='bbox 862 1302 1035 1378; x_wconf 69' lang='grc' dir='ltr'><strong><em>Δαμασίας</em></strong></span> <span class='ocrx_word' id='word_1_19' title='bbox 1059 1300 1073 1365; x_wconf 76' lang='grc' dir='ltr'>ὅ</span> <span class='ocrx_word' id='word_1_20' title='bbox 1098 1300 1199 1366; x_wconf 74' lang='grc' dir='ltr'><strong><em>πάλαι</em></strong></span> <span class='ocrx_word' id='word_1_21' title='bbox 1224 1301 1280 1378; x_wconf 71' lang='grc' dir='ltr'>μὲν</span> <span class='ocrx_word' id='word_1_22' title='bbox 1304 1300 1438 1375; x_wconf 70' lang='grc' dir='ltr'><strong><em>ἀθλητής</em></strong></span> <span class='ocrx_word' id='word_1_23' title='bbox 1463 1300 1515 1365; x_wconf 81' lang='grc' dir='ltr'>καδ</span> <span class='ocrx_word' id='word_1_24' title='bbox 1540 1301 1772 1375; x_wconf 72' lang='grc' dir='ltr'><strong><em>πολυνίκης.</em></strong></span> <span class='ocrx_word' id='word_1_25' title='bbox 1803 1302 1874 1368; x_wconf 90' lang='lat' dir='ltr'>Non</span> 
     </span>
     <span class='ocr_line' id='line_1_5' title="bbox 691 1406 1556 1486; baseline 0.002 -13"><span class='ocrx_word' id='word_1_26' title='bbox 691 1412 765 1474; x_wconf 82' lang='lat' dir='ltr'>nori</span> <span class='ocrx_word' id='word_1_27' title='bbox 788 1409 847 1474; x_wconf 90' lang='lat' dir='ltr'>hcc</span> <span class='ocrx_word' id='word_1_28' title='bbox 871 1406 1081 1474; x_wconf 78' lang='lat' dir='ltr'>voccbudum:</span> <span class='ocrx_word' id='word_1_29' title='bbox 1105 1407 1240 1472; x_wconf 75' lang='lat' dir='ltr'>arridet:</span> <span class='ocrx_word' id='word_1_30' title='bbox 1266 1408 1556 1486; x_wconf 80' lang='grc' dir='ltr'><strong><em>περιοδονίκης.</em></strong></span> 
     </span>
    </p>
   </div>
   <div class='ocr_carea' id='block_1_4' title="bbox 689 1623 1874 1924">
    <p class='ocr_par' dir='ltr' id='par_1_4' title="bbox 689 1623 1874 1924">
     <span class='ocr_line' id='line_1_6' title="bbox 735 1623 1874 1713; baseline 0 -22"><span class='ocrx_word' id='word_1_31' title='bbox 735 1627 827 1713; x_wconf 66' lang='lat'>511.</span> <span class='ocrx_word' id='word_1_32' title='bbox 851 1627 914 1692; x_wconf 93' lang='lat' dir='ltr'>Hic</span> <span class='ocrx_word' id='word_1_33' title='bbox 935 1629 1039 1713; x_wconf 76' lang='lat' dir='ltr'>igitur</span> <span class='ocrx_word' id='word_1_34' title='bbox 1062 1625 1228 1691; x_wconf 85' lang='lat' dir='ltr'>Demesies</span> <span class='ocrx_word' id='word_1_35' title='bbox 1252 1625 1387 1702; x_wconf 78' lang='grc' dir='ltr'><strong><em>ἐξοικιεῖν</em></strong></span> <span class='ocrx_word' id='word_1_36' title='bbox 1411 1623 1526 1701; x_wconf 78' lang='grc' dir='ltr'><strong><em>ἔμελλε</em></strong></span> <span class='ocrx_word' id='word_1_37' title='bbox 1550 1626 1679 1706; x_wconf 88' lang='grc' dir='ltr'><strong><em>τήμερον</em></strong></span> <span class='ocrx_word' id='word_1_38' title='bbox 1702 1626 1744 1696; x_wconf 76' lang='grc' dir='ltr'>εἰς</span> <span class='ocrx_word' id='word_1_39' title='bbox 1769 1625 1874 1705; x_wconf 72' lang='grc' dir='ltr'><strong><em>ἀνδρὸς</em></strong></span> 
     </span>
     <span class='ocr_line' id='line_1_7' title="bbox 690 1732 1873 1817; baseline -0.001 -19"><span class='ocrx_word' id='word_1_40' title='bbox 690 1734 744 1806; x_wconf 82' lang='grc' dir='ltr'>τήν</span> <span class='ocrx_word' id='word_1_41' title='bbox 775 1734 931 1812; x_wconf 73' lang='grc' dir='ltr'>θυγατέρα</span> <span class='ocrx_word' id='word_1_42' title='bbox 953 1733 1005 1798; x_wconf 75' lang='grc' dir='ltr'>καὶ</span> <span class='ocrx_word' id='word_1_43' title='bbox 1031 1732 1085 1810; x_wconf 90' lang='grc' dir='ltr'>ήδη</span> <span class='ocrx_word' id='word_1_44' title='bbox 1110 1734 1338 1796; x_wconf 74' lang='grc' dir='ltr'><strong><em>ἐκάλλυνεν</em></strong></span> <span class='ocrx_word' id='word_1_45' title='bbox 1361 1733 1468 1808; x_wconf 84' lang='grc' dir='ltr'><strong><em>αὐτήν,</em></strong></span> <span class='ocrx_word' id='word_1_46' title='bbox 1492 1732 1546 1797; x_wconf 85' lang='lat' dir='ltr'>sed</span> <span class='ocrx_word' id='word_1_47' title='bbox 1570 1735 1719 1817; x_wconf 85' lang='lat' dir='ltr'>quonium</span> <span class='ocrx_word' id='word_1_48' title='bbox 1743 1733 1802 1797; x_wconf 89' lang='lat' dir='ltr'>hoc</span> <span class='ocrx_word' id='word_1_49' title='bbox 1825 1740 1873 1797; x_wconf 80' lang='lat' dir='ltr'>est</span> 
     </span>
     <span class='ocr_line' id='line_1_8' title="bbox 689 1838 1872 1924; baseline -0.001 -19"><span class='ocrx_word' id='word_1_50' title='bbox 689 1842 884 1905; x_wconf 84' lang='lat' dir='ltr'>emetricum</span> <span class='ocrx_word' id='word_1_51' title='bbox 908 1839 1065 1918; x_wconf 90' lang='lat' dir='ltr'>officium,</span> <span class='ocrx_word' id='word_1_52' title='bbox 1089 1861 1151 1905; x_wconf 89' lang='lat' dir='ltr'>non</span> <span class='ocrx_word' id='word_1_53' title='bbox 1174 1840 1291 1924; x_wconf 87' lang='lat' dir='ltr'>petris,</span> <span class='ocrx_word' id='word_1_54' title='bbox 1315 1838 1516 1903; x_wconf 87' lang='lat' dir='ltr'>scribendum</span> <span class='ocrx_word' id='word_1_55' title='bbox 1542 1846 1606 1904; x_wconf 88' lang='lat' dir='ltr'>est:</span> <span class='ocrx_word' id='word_1_56' title='bbox 1639 1838 1872 1904; x_wconf 73' lang='grc' dir='ltr'><strong><em>ήκιὶλλυνον.</em></strong></span> 
     </span>
    </p>
   </div>
   <div class='ocr_carea' id='block_1_5' title="bbox 681 2055 1873 3301">
    <p class='ocr_par' dir='ltr' id='par_1_5' title="bbox 681 2055 1873 3301">
     <span class='ocr_line' id='line_1_9' title="bbox 732 2055 1871 2142; baseline 0.001 -21"><span class='ocrx_word' id='word_1_57' title='bbox 732 2060 749 2142; x_wconf 66' lang='grc' dir='ltr'><strong>ξ</strong></span> <span class='ocrx_word' id='word_1_58' title='bbox 772 2057 824 2122; x_wconf 88' lang='grc'>11.</span> <span class='ocrx_word' id='word_1_59' title='bbox 855 2056 980 2122; x_wconf 76' lang='lat' dir='ltr'><strong>Interea</strong></span> <span class='ocrx_word' id='word_1_60' title='bbox 1010 2077 1141 2142; x_wconf 81' lang='lat' dir='ltr'><strong>sponsae</strong></span> <span class='ocrx_word' id='word_1_61' title='bbox 1163 2057 1261 2122; x_wconf 83' lang='lat' dir='ltr'>freter</span> <span class='ocrx_word' id='word_1_62' title='bbox 1283 2059 1385 2122; x_wconf 79' lang='lat' dir='ltr'>ritem</span> <span class='ocrx_word' id='word_1_63' title='bbox 1409 2055 1578 2142; x_wconf 89' lang='lat' dir='ltr'>suspendio</span> <span class='ocrx_word' id='word_1_64' title='bbox 1601 2055 1691 2122; x_wconf 86' lang='lat' dir='ltr'>finire</span> <span class='ocrx_word' id='word_1_65' title='bbox 1714 2056 1871 2136; x_wconf 85' lang='lat' dir='ltr'>decrevit,</span> 
     </span>
     <span class='ocr_line' id='line_1_10' title="bbox 685 2161 1871 2240; baseline 0 -13"><span class='ocrx_word' id='word_1_66' title='bbox 685 2163 742 2227; x_wconf 88' lang='lat' dir='ltr'>sed</span> <span class='ocrx_word' id='word_1_67' title='bbox 765 2184 841 2227; x_wconf 89' lang='lat' dir='ltr'>eum</span> <span class='ocrx_word' id='word_1_68' title='bbox 859 2162 1023 2227; x_wconf 77' lang='lat' dir='ltr'>Eudemus</span> <span class='ocrx_word' id='word_1_69' title='bbox 1044 2165 1201 2227; x_wconf 80' lang='lat' dir='ltr'>servarit:</span> <span class='ocrx_word' id='word_1_70' title='bbox 1222 2163 1271 2226; x_wconf 78' lang='grc' dir='ltr'>ἐπὶ</span> <span class='ocrx_word' id='word_1_71' title='bbox 1293 2164 1372 2228; x_wconf 76' lang='grc' dir='ltr'><strong><em>πολὺ</em></strong></span> <span class='ocrx_word' id='word_1_72' title='bbox 1392 2161 1490 2236; x_wconf 76' lang='grc' dir='ltr'><strong><em>δκλιὶξ</em></strong></span> <span class='ocrx_word' id='word_1_73' title='bbox 1511 2164 1871 2240; x_wconf 73' lang='grc' dir='ltr'><strong><em>παρακαθήμενος,</em></strong></span> 
     </span>
     <span class='ocr_line' id='line_1_11' title="bbox 686 2267 1873 2351; baseline 0.001 -19"><span class='ocrx_word' id='word_1_74' title='bbox 686 2270 912 2334; x_wconf 79' lang='grc' dir='ltr'><strong><em>ἐπινύσσων</em></strong></span> <span class='ocrx_word' id='word_1_75' title='bbox 943 2270 994 2332; x_wconf 81' lang='grc' dir='ltr'>τὸν</span> <span class='ocrx_word' id='word_1_76' title='bbox 1025 2267 1185 2347; x_wconf 73' lang='grc' dir='ltr'><strong><em>ἄνθρωπον,</em></strong></span> <span class='ocrx_word' id='word_1_77' title='bbox 1215 2268 1386 2346; x_wconf 79' lang='grc' dir='ltr'><strong><em>βαυκαλῶν</em></strong></span> <span class='ocrx_word' id='word_1_78' title='bbox 1417 2267 1469 2331; x_wconf 76' lang='grc' dir='ltr'>καὶ</span> <span class='ocrx_word' id='word_1_79' title='bbox 1502 2267 1732 2351; x_wconf 71' lang='grc' dir='ltr'><strong><em>διακωδωνίζων,</em></strong></span> <span class='ocrx_word' id='word_1_80' title='bbox 1762 2272 1806 2345; x_wconf 90' lang='grc' dir='ltr'>μή</span> <span class='ocrx_word' id='word_1_81' title='bbox 1830 2293 1873 2347; x_wconf 84' lang='grc' dir='ltr'>πη</span> 
     </span>
     <span class='ocr_line' id='line_1_12' title="bbox 685 2369 1871 2454; baseline 0.001 -17"><span class='ocrx_word' id='word_1_82' title='bbox 685 2378 820 2454; x_wconf 82' lang='grc' dir='ltr'><strong><em>συνεχής</em></strong></span> <span class='ocrx_word' id='word_1_83' title='bbox 844 2374 887 2449; x_wconf 70' lang='grc' dir='ltr'>εἴη</span> <span class='ocrx_word' id='word_1_84' title='bbox 911 2376 965 2445; x_wconf 83' lang='grc' dir='ltr'>τήν</span> <span class='ocrx_word' id='word_1_85' title='bbox 988 2377 1155 2452; x_wconf 64' lang='lat' dir='ltr'>Odeum</span> <span class='ocrx_word' id='word_1_86' title='bbox 1180 2373 1215 2436; x_wconf 84' lang='grc' dir='ltr'>τδ</span> <span class='ocrx_word' id='word_1_87' title='bbox 1235 2375 1267 2439; x_wconf 71' lang='grc' dir='ltr'>δὲ</span> <span class='ocrx_word' id='word_1_88' title='bbox 1290 2374 1413 2449; x_wconf 70' lang='grc' dir='ltr'><strong><em>μήλοπα</em></strong></span> <span class='ocrx_word' id='word_1_89' title='bbox 1439 2376 1546 2447; x_wconf 80' lang='grc' dir='ltr'><strong><em>δνήσαν</em></strong></span> <span class='ocrx_word' id='word_1_90' title='bbox 1571 2376 1664 2439; x_wconf 80' lang='grc' dir='ltr'><strong><em>ἐκεῖνο</em></strong></span> <span class='ocrx_word' id='word_1_91' title='bbox 1690 2369 1732 2452; x_wconf 86' lang='grc' dir='ltr'>ήν,</span> <span class='ocrx_word' id='word_1_92' title='bbox 1757 2372 1802 2438; x_wconf 80' lang='grc' dir='ltr'>ὅτι</span> <span class='ocrx_word' id='word_1_93' title='bbox 1827 2374 1871 2438; x_wconf 82' lang='grc' dir='ltr'>ἔτι</span> 
     </span>
     <span class='ocr_line' id='line_1_13' title="bbox 684 2478 1871 2559; baseline 0.001 -14"><span class='ocrx_word' id='word_1_94' title='bbox 684 2481 881 2559; x_wconf 75' lang='grc' dir='ltr'><strong><em>ἀμφοτέραις</em></strong></span> <span class='ocrx_word' id='word_1_95' title='bbox 915 2482 1085 2559; x_wconf 77' lang='grc' dir='ltr'><strong><em>κατασχὼν</em></strong></span> <span class='ocrx_word' id='word_1_96' title='bbox 1120 2481 1215 2544; x_wconf 80' lang='grc' dir='ltr'><strong><em>αὐτοῦ</em></strong></span> <span class='ocrx_word' id='word_1_97' title='bbox 1245 2482 1287 2544; x_wconf 74' lang='grc' dir='ltr'>τοὶ</span> <span class='ocrx_word' id='word_1_98' title='bbox 1320 2478 1398 2559; x_wconf 76' lang='grc' dir='ltr'><strong><em>ἄκρα</em></strong></span> <span class='ocrx_word' id='word_1_99' title='bbox 1431 2480 1580 2545; x_wconf 68' lang='grc' dir='ltr'><strong><em>διεπίεσα.</em></strong></span> <span class='ocrx_word' id='word_1_100' title='bbox 1614 2479 1733 2546; x_wconf 80' lang='lat' dir='ltr'>Totum</span> <span class='ocrx_word' id='word_1_101' title='bbox 1765 2480 1871 2546; x_wconf 90' lang='lat' dir='ltr'>locum</span> 
     </span>
     <span class='ocr_line' id='line_1_14' title="bbox 685 2585 1872 2673; baseline 0 -21"><span class='ocrx_word' id='word_1_102' title='bbox 685 2587 854 2673; x_wconf 81' lang='lat' dir='ltr'>descripsi,</span> <span class='ocrx_word' id='word_1_103' title='bbox 880 2593 917 2650; x_wconf 95' lang='lat' dir='ltr'>ut</span> <span class='ocrx_word' id='word_1_104' title='bbox 939 2593 1104 2672; x_wconf 76' lang='lat' dir='ltr'>appareret</span> <span class='ocrx_word' id='word_1_105' title='bbox 1128 2607 1224 2672; x_wconf 86' lang='lat' dir='ltr'>quem</span> <span class='ocrx_word' id='word_1_106' title='bbox 1248 2585 1333 2651; x_wconf 84' lang='lat' dir='ltr'>clere</span> <span class='ocrx_word' id='word_1_107' title='bbox 1354 2588 1388 2650; x_wconf 86' lang='lat' dir='ltr'>in</span> <span class='ocrx_word' id='word_1_108' title='bbox 1407 2585 1478 2652; x_wconf 91' lang='lat' dir='ltr'>luce</span> <span class='ocrx_word' id='word_1_109' title='bbox 1498 2606 1708 2661; x_wconf 79' lang='lat' dir='ltr'>versaremur,</span> <span class='ocrx_word' id='word_1_110' title='bbox 1728 2606 1800 2650; x_wconf 86' lang='lat' dir='ltr'>ncm</span> <span class='ocrx_word' id='word_1_111' title='bbox 1823 2608 1872 2652; x_wconf 93' lang='lat' dir='ltr'>res</span> 
     </span>
     <span class='ocr_line' id='line_1_15' title="bbox 685 2690 1872 2778; baseline -0.002 -20"><span class='ocrx_word' id='word_1_112' title='bbox 685 2702 841 2778; x_wconf 81' lang='lat' dir='ltr'>tanquam</span> <span class='ocrx_word' id='word_1_113' title='bbox 873 2699 945 2757; x_wconf 85' lang='lat' dir='ltr'>ante</span> <span class='ocrx_word' id='word_1_114' title='bbox 977 2699 1100 2758; x_wconf 91' lang='lat' dir='ltr'>nostros</span> <span class='ocrx_word' id='word_1_115' title='bbox 1123 2690 1232 2757; x_wconf 90' lang='lat' dir='ltr'>oculos</span> <span class='ocrx_word' id='word_1_116' title='bbox 1255 2695 1359 2776; x_wconf 84' lang='lat' dir='ltr'>posite</span> <span class='ocrx_word' id='word_1_117' title='bbox 1381 2699 1438 2758; x_wconf 86' lang='lat' dir='ltr'>est.</span> <span class='ocrx_word' id='word_1_118' title='bbox 1464 2691 1580 2756; x_wconf 87' lang='lat' dir='ltr'>Verum</span> <span class='ocrx_word' id='word_1_119' title='bbox 1605 2691 1682 2776; x_wconf 88' lang='lat' dir='ltr'>quid</span> <span class='ocrx_word' id='word_1_120' title='bbox 1705 2698 1753 2755; x_wconf 90' lang='lat' dir='ltr'>est</span> <span class='ocrx_word' id='word_1_121' title='bbox 1776 2715 1872 2767; x_wconf 72' lang='grc' dir='ltr'><strong><em>παρα</em></strong></span> 
     </span>
     <span class='ocr_line' id='line_1_16' title="bbox 683 2795 1873 2882; baseline 0 -19"><span class='ocrx_word' id='word_1_122' title='bbox 683 2795 877 2874; x_wconf 64' lang='grc' dir='ltr'><strong><em>καθήμενοςῖ</em></strong></span> <span class='ocrx_word' id='word_1_123' title='bbox 908 2798 1097 2863; x_wconf 82' lang='lat' dir='ltr'>Plenissime</span> <span class='ocrx_word' id='word_1_124' title='bbox 1126 2799 1317 2882; x_wconf 77' lang='lat' dir='ltr'>requiritur:</span> <span class='ocrx_word' id='word_1_125' title='bbox 1348 2799 1674 2876; x_wconf 76' lang='grc' dir='ltr'><strong><em>περικαθήμενος</em></strong></span> <span class='ocrx_word' id='word_1_126' title='bbox 1699 2804 1731 2862; x_wconf 92' lang='lat' dir='ltr'>et</span> <span class='ocrx_word' id='word_1_127' title='bbox 1754 2807 1873 2863; x_wconf 84' lang='lat' dir='ltr'>contru-</span> 
     </span>
     <span class='ocr_line' id='line_1_17' title="bbox 682 2900 1871 2988; baseline 0 -19"><span class='ocrx_word' id='word_1_128' title='bbox 682 2909 770 2969; x_wconf 88' lang='lat' dir='ltr'>rium</span> <span class='ocrx_word' id='word_1_129' title='bbox 802 2907 920 2969; x_wconf 82' lang='lat' dir='ltr'>vitium</span> <span class='ocrx_word' id='word_1_130' title='bbox 946 2912 1020 2968; x_wconf 89' lang='lat' dir='ltr'>notu</span> <span class='ocrx_word' id='word_1_131' title='bbox 1042 2902 1112 2969; x_wconf 91' lang='lat' dir='ltr'>loco</span> <span class='ocrx_word' id='word_1_132' title='bbox 1135 2904 1258 2969; x_wconf 88' lang='lat' dir='ltr'>obtinet</span> <span class='ocrx_word' id='word_1_133' title='bbox 1282 2903 1367 2986; x_wconf 85' lang='lat' dir='ltr'>epud</span> <span class='ocrx_word' id='word_1_134' title='bbox 1390 2900 1605 2969; x_wconf 78' lang='lat' dir='ltr'>Charitonem.</span> <span class='ocrx_word' id='word_1_135' title='bbox 1638 2903 1722 2968; x_wconf 90' lang='lat' dir='ltr'>Mire</span> <span class='ocrx_word' id='word_1_136' title='bbox 1745 2924 1871 2988; x_wconf 86' lang='lat' dir='ltr'>quoque</span> 
     </span>
     <span class='ocr_line' id='line_1_18' title="bbox 683 3006 1871 3095; baseline 0.003 -21"><span class='ocrx_word' id='word_1_137' title='bbox 683 3011 892 3077; x_wconf 82' lang='lat' dir='ltr'>dictumest:</span> <span class='ocrx_word' id='word_1_138' title='bbox 913 3011 1078 3074; x_wconf 79' lang='grc' dir='ltr'><strong><em>ἐπινύσσων</em></strong></span> <span class='ocrx_word' id='word_1_139' title='bbox 1098 3010 1149 3073; x_wconf 82' lang='grc' dir='ltr'>τδν</span> <span class='ocrx_word' id='word_1_140' title='bbox 1169 3006 1330 3089; x_wconf 73' lang='grc' dir='ltr'><strong><em>ἄνθρωπον.</em></strong></span> <span class='ocrx_word' id='word_1_141' title='bbox 1351 3009 1502 3076; x_wconf 75' lang='lat' dir='ltr'>Potuitne</span> <span class='ocrx_word' id='word_1_142' title='bbox 1524 3009 1721 3095; x_wconf 74' lang='lat' dir='ltr'>[exiphenee</span> <span class='ocrx_word' id='word_1_143' title='bbox 1739 3011 1871 3078; x_wconf 77' lang='lat' dir='ltr'>fortasse</span> 
     </span>
     <span class='ocr_line' id='line_1_19' title="bbox 683 3112 1872 3201; baseline 0.002 -20"><span class='ocrx_word' id='word_1_144' title='bbox 683 3137 839 3201; x_wconf 81' lang='lat' dir='ltr'>usurpare</span> <span class='ocrx_word' id='word_1_145' title='bbox 864 3117 1014 3181; x_wconf 79' lang='grc' dir='ltr'><strong><em>πινύσκων</em></strong></span> <span class='ocrx_word' id='word_1_146' title='bbox 1038 3115 1091 3181; x_wconf 84' lang='lat' dir='ltr'>vel</span> <span class='ocrx_word' id='word_1_147' title='bbox 1114 3112 1339 3181; x_wconf 67' lang='grc' dir='ltr'><strong><em>πινύοσωνή</em></strong></span> <span class='ocrx_word' id='word_1_148' title='bbox 1367 3113 1415 3182; x_wconf 82' lang='lat' dir='ltr'>cf.</span> <span class='ocrx_word' id='word_1_149' title='bbox 1442 3117 1553 3181; x_wconf 83' lang='lat' dir='ltr'>Aesch.</span> <span class='ocrx_word' id='word_1_150' title='bbox 1578 3117 1664 3181; x_wconf 88' lang='lat' dir='ltr'>Pers.</span> <span class='ocrx_word' id='word_1_151' title='bbox 1690 3115 1772 3181; x_wconf 85' lang='lat'>830:</span> <span class='ocrx_word' id='word_1_152' title='bbox 1798 3120 1872 3184; x_wconf 76' lang='grc' dir='ltr'><strong><em>ἐκεῖ·</em></strong></span> 
     </span>
     <span class='ocr_line' id='line_1_20' title="bbox 681 3220 1825 3301; baseline 0.001 -14"><span class='ocrx_word' id='word_1_153' title='bbox 681 3247 729 3287; x_wconf 92' lang='grc' dir='ltr'>νον</span> <span class='ocrx_word' id='word_1_154' title='bbox 856 3223 1016 3288; x_wconf 75' lang='grc' dir='ltr'><strong><em>πινύσκετ’</em></strong></span> <span class='ocrx_word' id='word_1_155' title='bbox 1040 3220 1178 3300; x_wconf 64' lang='grc' dir='ltr'><strong><em>εὐλόγοις</em></strong></span> <span class='ocrx_word' id='word_1_156' title='bbox 1206 3222 1418 3298; x_wconf 79' lang='grc' dir='ltr'><strong><em>νουθετήμασι.</em></strong></span> <span class='ocrx_word' id='word_1_157' title='bbox 1443 3221 1501 3287; x_wconf 83' lang='lat' dir='ltr'>Vel</span> <span class='ocrx_word' id='word_1_158' title='bbox 1523 3222 1825 3301; x_wconf 66' lang='lat' dir='ltr'>rependente?</span> 
     </span>
    </p>
   </div>
   <div class='ocr_carea' id='block_1_6' title="bbox 682 3440 1868 3626">
    <p class='ocr_par' dir='ltr' id='par_1_6' title="bbox 682 3440 1868 3626">
     <span class='ocr_line' id='line_1_21' title="bbox 729 3440 1868 3530; baseline 0.004 -26"><span class='ocrx_word' id='word_1_159' title='bbox 729 3440 830 3526; x_wconf 62' lang='lat'>511:</span> <span class='ocrx_word' id='word_1_160' title='bbox 864 3442 993 3519; x_wconf 89' lang='grc' dir='ltr'><strong><em>ποτήρια</em></strong></span> <span class='ocrx_word' id='word_1_161' title='bbox 1022 3440 1211 3522; x_wconf 76' lang='grc' dir='ltr'><strong><em>δξυδςρακα,</em></strong></span> <span class='ocrx_word' id='word_1_162' title='bbox 1243 3441 1547 3508; x_wconf 72' lang='grc' dir='ltr'><strong><em>εὐπυνδάκωτα.</em></strong></span> <span class='ocrx_word' id='word_1_163' title='bbox 1579 3441 1668 3508; x_wconf 83' lang='lat' dir='ltr'>Melo</span> <span class='ocrx_word' id='word_1_164' title='bbox 1693 3442 1868 3530; x_wconf 78' lang='lat' dir='ltr'>appellare:</span> 
     </span>
     <span class='ocr_line' id='line_1_22' title="bbox 682 3546 1041 3626; baseline -0.003 -14"><span class='ocrx_word' id='word_1_165' title='bbox 682 3546 1041 3626; x_wconf 78' lang='grc' dir='ltr'><strong><em>εὖρυπυνδιίκωτα.</em></strong></span> 
     </span>
    </p>
   </div>
   <div class='ocr_carea' id='block_1_7' title="bbox 728 3765 1799 3851">
    <p class='ocr_par' dir='ltr' id='par_1_7' title="bbox 728 3765 1799 3851">
     <span class='ocr_line' id='line_1_23' title="bbox 728 3765 1799 3851; baseline 0.001 -20"><span class='ocrx_word' id='word_1_166' title='bbox 728 3768 747 3851; x_wconf 61' lang='grc' dir='ltr'><strong>ξ</strong></span> <span class='ocrx_word' id='word_1_167' title='bbox 769 3766 828 3831; x_wconf 83' lang='lat'>15:</span> <span class='ocrx_word' id='word_1_168' title='bbox 853 3766 990 3846; x_wconf 74' lang='grc' dir='ltr'><strong><em>ἰσχάδας</em></strong></span> <span class='ocrx_word' id='word_1_169' title='bbox 1013 3765 1136 3845; x_wconf 72' lang='grc' dir='ltr'><strong><em>σιδηροῖς</em></strong></span> <span class='ocrx_word' id='word_1_170' title='bbox 1161 3767 1261 3847; x_wconf 73' lang='grc' dir='ltr'>ἅφεή</span> <span class='ocrx_word' id='word_1_171' title='bbox 1269 3793 1294 3839; x_wconf 85' lang='grc' dir='ltr'>ς.</span> <span class='ocrx_word' id='word_1_172' title='bbox 1320 3766 1541 3832; x_wconf 82' lang='lat' dir='ltr'>Necessarium</span> <span class='ocrx_word' id='word_1_173' title='bbox 1563 3773 1624 3832; x_wconf 90' lang='lat' dir='ltr'>est:</span> <span class='ocrx_word' id='word_1_174' title='bbox 1650 3769 1799 3839; x_wconf 72' lang='grc' dir='ltr'><strong><em>καθείς.</em></strong></span> 
     </span>
    </p>
   </div>
   <div class='ocr_carea' id='block_1_8' title="bbox 683 3984 1868 4283">
    <p class='ocr_par' dir='ltr' id='par_1_8' title="bbox 683 3984 1868 4283">
     <span class='ocr_line' id='line_1_24' title="bbox 729 3984 1868 4073; baseline 0.001 -23"><span class='ocrx_word' id='word_1_175' title='bbox 729 3987 747 4070; x_wconf 78' lang='lat'>§</span> <span class='ocrx_word' id='word_1_176' title='bbox 769 3984 820 4050; x_wconf 89' lang='lat'>19.</span> <span class='ocrx_word' id='word_1_177' title='bbox 846 3985 990 4051; x_wconf 82' lang='lat' dir='ltr'>Advocet</span> <span class='ocrx_word' id='word_1_178' title='bbox 1013 3985 1171 4052; x_wconf 80' lang='lat' dir='ltr'>Lucienus</span> <span class='ocrx_word' id='word_1_179' title='bbox 1194 3986 1355 4053; x_wconf 91' lang='lat' dir='ltr'>medicum</span> <span class='ocrx_word' id='word_1_180' title='bbox 1379 4008 1515 4072; x_wconf 90' lang='lat' dir='ltr'>eumque</span> <span class='ocrx_word' id='word_1_181' title='bbox 1538 3995 1631 4072; x_wconf 77' lang='lat' dir='ltr'>roget</span> <span class='ocrx_word' id='word_1_182' title='bbox 1653 3995 1689 4052; x_wconf 90' lang='lat' dir='ltr'>ut</span> <span class='ocrx_word' id='word_1_183' title='bbox 1713 3987 1868 4073; x_wconf 83' lang='lat' dir='ltr'>Lexiphe-</span> 
     </span>
     <span class='ocr_line' id='line_1_25' title="bbox 683 4090 1866 4173; baseline 0.001 -19"><span class='ocrx_word' id='word_1_184' title='bbox 683 4112 758 4156; x_wconf 89' lang='lat' dir='ltr'>nem</span> <span class='ocrx_word' id='word_1_185' title='bbox 790 4111 900 4155; x_wconf 84' lang='lat' dir='ltr'>seuere</span> <span class='ocrx_word' id='word_1_186' title='bbox 932 4090 1030 4173; x_wconf 81' lang='lat' dir='ltr'>velit3</span> <span class='ocrx_word' id='word_1_187' title='bbox 1064 4098 1135 4156; x_wconf 95' lang='lat' dir='ltr'>tum</span> <span class='ocrx_word' id='word_1_188' title='bbox 1167 4093 1235 4157; x_wconf 93' lang='lat' dir='ltr'>hic:</span> <span class='ocrx_word' id='word_1_189' title='bbox 1268 4094 1312 4169; x_wconf 84' lang='grc' dir='ltr'>μή</span> <span class='ocrx_word' id='word_1_190' title='bbox 1337 4093 1409 4171; x_wconf 70' lang='grc' dir='ltr'>ἐμή,</span> <span class='ocrx_word' id='word_1_191' title='bbox 1442 4095 1617 4169; x_wconf 79' lang='grc' dir='ltr'><strong><em>Σώπολι,</em></strong></span> <span class='ocrx_word' id='word_1_192' title='bbox 1642 4093 1729 4157; x_wconf 68' lang='grc' dir='ltr'><strong><em>ἀλλὰ</em></strong></span> <span class='ocrx_word' id='word_1_193' title='bbox 1752 4092 1866 4156; x_wconf 76' lang='grc' dir='ltr'><strong><em>τουτονὶ</em></strong></span> 
     </span>
     <span class='ocr_line' id='line_1_26' title="bbox 683 4195 1575 4283; baseline -0.001 -21"><span class='ocrx_word' id='word_1_194' title='bbox 683 4206 821 4263; x_wconf 79' lang='grc' dir='ltr'><strong><em>Λυκῖνον.</em></strong></span> <span class='ocrx_word' id='word_1_195' title='bbox 845 4196 973 4262; x_wconf 77' lang='lat' dir='ltr'>Excidit</span> <span class='ocrx_word' id='word_1_196' title='bbox 996 4197 1168 4283; x_wconf 78' lang='lat' dir='ltr'>particule:</span> <span class='ocrx_word' id='word_1_197' title='bbox 1193 4200 1237 4272; x_wconf 84' lang='grc' dir='ltr'>μή</span> <span class='ocrx_word' id='word_1_198' title='bbox 1261 4197 1316 4272; x_wconf 71' lang='grc' dir='ltr'>ἐμέ</span> <span class='ocrx_word' id='word_1_199' title='bbox 1340 4200 1374 4276; x_wconf 76' lang='grc' dir='ltr'>γ’</span> <span class='ocrx_word' id='word_1_200' title='bbox 1398 4195 1418 4262; x_wconf 80' lang='grc' dir='ltr'><em>ὦ</em></span> <span class='ocrx_word' id='word_1_201' title='bbox 1444 4202 1575 4262; x_wconf 80' lang='grc' dir='ltr'><strong><em>Σώπολι.</em></strong></span> 
     </span>
    </p>
   </div>
   <div class='ocr_carea' id='block_1_9' title="bbox 1152 4396 1402 4479">
    <p class='ocr_par' dir='ltr' id='par_1_9' title="bbox 1152 4396 1402 4479">
     <span class='ocr_line' id='line_1_27' title="bbox 1152 4396 1402 4479; baseline 0.008 -20"><span class='ocrx_word' id='word_1_202' title='bbox 1152 4396 1199 4460; x_wconf 87' lang='lat' dir='ltr'>De</span> <span class='ocrx_word' id='word_1_203' title='bbox 1221 4397 1402 4479; x_wconf 74' lang='grc' dir='ltr'>Αιντοίορὶυ.</span> 
     </span>
    </p>
   </div>
   <div class='ocr_carea' id='block_1_10' title="bbox 681 4572 1867 4764">
    <p class='ocr_par' dir='ltr' id='par_1_10' title="bbox 681 4572 1867 4764">
     <span class='ocr_line' id='line_1_28' title="bbox 727 4572 1867 4665; baseline -0.003 -21"><span class='ocrx_word' id='word_1_204' title='bbox 727 4578 802 4665; x_wconf 79' lang='lat'>§3:</span> <span class='ocrx_word' id='word_1_205' title='bbox 834 4578 946 4650; x_wconf 78' lang='grc' dir='ltr'><strong><em>ι’δδντες</em></strong></span> <span class='ocrx_word' id='word_1_206' title='bbox 978 4572 1027 4642; x_wconf 78' lang='grc' dir='ltr'>οὖν</span> <span class='ocrx_word' id='word_1_207' title='bbox 1058 4578 1113 4649; x_wconf 82' lang='grc' dir='ltr'>τήν</span> <span class='ocrx_word' id='word_1_208' title='bbox 1137 4580 1264 4653; x_wconf 84' lang='grc' dir='ltr'><strong><em>σελήνην</em></strong></span> <span class='ocrx_word' id='word_1_209' title='bbox 1368 4578 1398 4641; x_wconf 83' lang='grc' dir='ltr'>ἐν</span> <span class='ocrx_word' id='word_1_210' title='bbox 1421 4575 1530 4643; x_wconf 71' lang='grc' dir='ltr'><strong><em>ἄλλοτ’</em></strong></span> <span class='ocrx_word' id='word_1_211' title='bbox 1555 4577 1638 4657; x_wconf 77' lang='grc' dir='ltr'><strong><em>ἄλλη</em></strong></span> <span class='ocrx_word' id='word_1_212' title='bbox 1660 4583 1763 4658; x_wconf 76' lang='grc' dir='ltr'><strong><em>μορφή</em></strong></span> <span class='ocrx_word' id='word_1_213' title='bbox 1788 4601 1867 4656; x_wconf 86' lang='grc' dir='ltr'><strong><em>τρε-</em></strong></span> 
     </span>
     <span class='ocr_line' id='line_1_29' title="bbox 681 4684 1387 4764; baseline -0.004 -13"><span class='ocrx_word' id='word_1_214' title='bbox 681 4685 872 4761; x_wconf 76' lang='grc' dir='ltr'><strong><em>πομένην.</em></strong></span> <span class='ocrx_word' id='word_1_215' title='bbox 897 4684 1010 4750; x_wconf 87' lang='lat' dir='ltr'>Verius</span> <span class='ocrx_word' id='word_1_216' title='bbox 1034 4692 1097 4749; x_wconf 90' lang='lat' dir='ltr'>est:</span> <span class='ocrx_word' id='word_1_217' title='bbox 1121 4684 1387 4764; x_wconf 67' lang='grc' dir='ltr'><strong><em>τρεφομένην.</em></strong></span> 
     </span>
    </p>
   </div>
   <div class='ocr_carea' id='block_1_11' title="bbox 726 4899 1863 4991">
    <p class='ocr_par' dir='ltr' id='par_1_11' title="bbox 726 4899 1863 4991">
     <span class='ocr_line' id='line_1_30' title="bbox 726 4899 1863 4991; baseline -0.004 -21"><span class='ocrx_word' id='word_1_218' title='bbox 726 4908 744 4991; x_wconf 61' lang='grc' dir='ltr'><strong>ξ</strong></span> <span class='ocrx_word' id='word_1_219' title='bbox 762 4904 816 4970; x_wconf 85' lang='grc'>23.</span> <span class='ocrx_word' id='word_1_220' title='bbox 840 4902 985 4969; x_wconf 80' lang='lat' dir='ltr'>Stultum</span> <span class='ocrx_word' id='word_1_221' title='bbox 1009 4911 1057 4969; x_wconf 89' lang='lat' dir='ltr'>est</span> <span class='ocrx_word' id='word_1_222' title='bbox 1080 4902 1164 4989; x_wconf 91' lang='lat' dir='ltr'>quod</span> <span class='ocrx_word' id='word_1_223' title='bbox 1183 4903 1301 4968; x_wconf 88' lang='lat' dir='ltr'>editur:</span> <span class='ocrx_word' id='word_1_224' title='bbox 1322 4900 1391 4968; x_wconf 77' lang='grc' dir='ltr'><strong><em>οὔτε</em></strong></span> <span class='ocrx_word' id='word_1_225' title='bbox 1410 4900 1523 4973; x_wconf 76' lang='grc' dir='ltr'><strong><em>πήλιας</em></strong></span> <span class='ocrx_word' id='word_1_226' title='bbox 1542 4899 1643 4984; x_wconf 75' lang='grc' dir='ltr'><strong><em>ᾤκιζον</em></strong></span> <span class='ocrx_word' id='word_1_227' title='bbox 1662 4900 1730 4966; x_wconf 84' lang='grc' dir='ltr'><strong><em>οὔτε</em></strong></span> <span class='ocrx_word' id='word_1_228' title='bbox 1751 4902 1863 4984; x_wconf 73' lang='grc' dir='ltr'><strong><em>τείχεα</em></strong></span> 
     </span>
    </p>
   </div>
   <div class='ocr_carea' id='block_1_12' title="bbox 0 0 2568 6150">
    <p class='ocr_par' dir='ltr' id='par_1_12' title="bbox 0 0 2568 6150">
     <span class='ocr_line' id='line_1_31' title="bbox 0 0 2568 6150; baseline 0 1"><span class='ocrx_word' id='word_1_229' title='bbox 0 0 2568 6150; x_wconf 95' lang='lat' dir='ltr'> </span> 
     </span>
    </p>
   </div>
  </div>
 </body>
</html>
