5125 6150
739 876 741 880 -
796 829 860 895 182
1229 865 1233 873 ·
1290 850 1461 899 nonanes.

794 1035 846 1079 me
866 1034 956 1099 spero
976 1014 1119 1098 siquam
1139 1016 1373 1079 accuratissime
1392 1018 1512 1101 priscae
1531 1017 1690 1081 doctrinae
1711 1015 1803 1081 hasce
1820 1014 1974 1101 reliquias

795 1127 929 1186 vertero.

840 1340 912 1378 Μ
937 1335 975 1415 „ri
998 1337 1076 1402 Mem
1098 1339 1176 1422 qood
1198 1335 1285 1414 ἔφη.
1321 1340 1490 1420 Quodcam
1513 1340 1649 1404 ellenon
1672 1340 1867 1422 incederent,
1892 1365 1974 1405 nunc

797 1467 929 1529 „qaoque
959 1457 1013 1524 φη
1045 1444 1260 1527 interpretatae
1288 1447 1332 1517 ὡς
1358 1448 1619 1531 (quenadmodum)
1637 1470 1795 1530 perperam
1818 1447 1978 1530 conpendii

796 1558 849 1632 „la
872 1553 1057 1636 pronomine
1080 1548 1094 1613 ὃ
1118 1550 1162 1630 δὲ)
1183 1552 1271 1614 uerba
1295 1552 1464 1637 sequentia.-

841 1657 1024 1734 πέφραδέ
1048 1681 1089 1721 τε
1110 1657 1290 1737 Τρώεσσι
1311 1658 1377 1722 eei
1402 1644 1624 1737 sexdecies
1646 1656 1739 1730 ἔπος
1759 1656 1953 1733 ΝΜ.-

885 1760 1042 1849 Tangitur
1070 1784 1165 1840 error‚
1197 1785 1292 1849 quem
1323 1763 1451 1848 quidem
1481 1765 1683 1829 Aristarchus
1706 1765 1855 1850 putabat,
1879 1762 1979 1829 Zeno

840 1869 922 1947 doti,
957 1871 1012 1953 qni
1041 1867 1152 1955 poetae
1182 1871 1279 1935 rerba
1310 1870 1348 1935 de
1379 1869 1514 1937 Peneleo
1545 1878 1640 1956 caput
1671 1870 1783 1936 Ilionei
1814 1870 1978 1936 abscisum

840 1983 1008 2059 quassante
1032 1984 1052 2042 Ξ
1066 1974 1130 2040 499
1143 1996 1189 2060 sq.

1295 2079 1309 2146 i
1333 2081 1365 2146 δὲ
1387 2085 1433 2164 <tis
1458 2083 1582 2148 κώδειαν
1603 2083 1749 2165 ἀνασχὼν

1063 2185 1203 2266 πέφραδέ
1227 2210 1262 2253 τε
1285 2187 1349 2252 ari.

841 2295 886 2358 ita
919 2295 952 2357 in
986 2313 1088 2357 unum
1118 2295 1321 2358 enuntiatum
1349 2295 1505 2379 iungebat
1534 2300 1571 2359 nt
1602 2306 1659 2358 nos
1690 2293 1826 2360 solemus
1858 2293 1976 2372 hodie,

841 2399 1044 2464 Aristarchus
1062 2420 1136 2465 vero
1156 2399 1346 2485 particulam
1365 2400 1526 2465 insolitam
1544 2422 1626 2465 nunc
1644 2421 1768 2485 quoqne
1787 2405 1837 2477 (ut
1858 2409 1880 2463 B
1896 2400 1977 2479 144)

840 2511 1024 2592 aspernatus
1047 2504 1251 2591 intellegebat
1273 2511 1319 2583 Φῆ
1343 2507 1413 2584 (cit)
1437 2511 1469 2570 et
1492 2512 1598 2571 mente
1618 2505 1829 2590 supplendum
1849 2526 1917 2570 esse
1936 2507 1975 2577 ὥς

840 2612 1044 2690 autumabat,
1068 2612 1140 2676 dein
1163 2631 1182 2675 a
1201 2611 1297 2677 verbo
1315 2610 1455 2691 πέφραδε
1475 2633 1595 2676 novum
1614 2614 1816 2676 enuntiatum
1835 2613 1977 2696 incipere

842 2724 940 2784 ratus.

885 2824 921 2890 ln
951 2829 1055 2910 priore
1084 2827 1186 2912 igitur
1208 2825 1305 2889 huius
1328 2826 1605 2890 commentationis
1628 2830 1733 2910 parte,
1758 2844 1837 2909 quae
1860 2826 1977 2913 periit,

839 2938 872 2997 et
901 2932 963 2996 alia
992 2931 1178 3018 legebantur
1200 2937 1232 2997 et
1254 2933 1335 2997 ratio
1359 2931 1456 3013 ethra
1478 2932 1516 2996 ab
1540 2933 1721 2996 Aristarcho
1745 2932 1863 3016 passim
1888 2930 1977 2994 adhi-

806 3091 810 3098 .
840 3037 924 3105 bitae
954 3037 1143 3104 reddebatur
1150 3059 1159 3118 ;
1183 3039 1243 3104 hoc
1265 3043 1374 3104 autem
1396 3037 1463 3105 loco
1486 3040 1595 3126 agitur
1617 3037 1655 3104 de
1678 3059 1738 3103 usn
1762 3036 1860 3120 diplas
1876 3038 1976 3119 perte

839 3146 1010 3226 attenuaret,
1044 3167 1106 3230 qua
1138 3147 1340 3210 Aristarchus
1369 3144 1519 3210 Zenodoti
1550 3167 1669 3210 errores
1698 3151 1805 3209 notare
1840 3143 1975 3209 solebat.

839 3251 947 3316 Etiam
967 3255 1072 3316 versui
1092 3250 1220 3316 laudato
1239 3273 1310 3317 eam
1329 3252 1521 3337 appingebat
1540 3252 1758 3325 Aristarchus,
1781 3250 1857 3314 licet
1876 3250 1974 3315 codex

840 3356 978 3423 Venetus
997 3357 1100 3439 diplas
1113 3360 1236 3440 puertia
1255 3356 1477 3421 carectemillic
1490 3356 1645 3421 exhibeat.
1667 3354 1855 3421 Cuiusmodi
1866 3356 1975 3420 crebra

840 3468 874 3529 in
897 3486 933 3531 eo
957 3470 1032 3528 sunt
1055 3466 1143 3528 vitia.

843 3677 1011 3751 ‚Adeamus
1035 3675 1154 3738 eandm
1178 3680 1273 3737 autem
1296 3673 1393 3736 utitur
1415 3672 1498 3754 diple
1529 3672 1649 3752 punctis
1672 3671 1788 3734 carecti
1811 3673 1853 3734 ad
1876 3673 1973 3737 homo-

799 3781 934 3864 „nymioa
964 3787 1084 3843 cunctae
1114 3779 1309 3856 indicandae,
1341 3779 1477 3863 quonium
1508 3800 1541 3840 ee
1565 3800 1596 3840 re
1619 3776 1750 3857 arelecta
1771 3777 1896 3859 scripsit
1919 3780 1974 3841 itte

799 3887 914 3964 „ollem
937 3886 998 3949 leco
1021 3885 1287 3968 Pylaemencm
1310 3884 1403 3947 altere
1431 3883 1724 3967 Gylaemenem'’.

886 3990 1040 4056 Observat
1067 3993 1314 4075 grammaticus,
1344 3992 1377 4054 iu
1406 3988 1575 4054 refellendo
1598 3987 1755 4054 Zenodoto
1778 4010 1842 4053 non
1865 3989 1972 4055 solum

841 4100 1105 4183 periestigmenen
1124 4097 1163 4160 ab
1182 4096 1363 4161 Aristarcho
1383 4095 1557 4160 adhibitam
1579 4115 1644 4159 esse
1665 4094 1786 4179 diplen,
1807 4095 1973 4161 sedetiam

841 4224 961 4268 meram
985 4201 1090 4287 diplen
1113 4202 1188 4267 huic
1211 4201 1341 4267 consilio
1365 4204 1544 4267 inserviisse
1568 4203 1705 4265 certain
1728 4220 1778 4264 re:
1803 4200 1862 4266 hac
1885 4206 1972 4267 enim

843 4331 916 4376 eum
946 4310 1153 4393 insignirisse
1182 4316 1310 4372 cunctos
1339 4306 1426 4372 locos
1455 4306 1642 4371 Homericos
1672 4305 1727 4370 ubi
1749 4306 1896 4371 homines
1920 4308 1973 4373 ho

841 4416 985 4499 monymi
1008 4419 1340 4491 commemorarentur,
1363 4419 1400 4477 ut
1423 4415 1468 4477 sic
1492 4411 1718 4476 demonstraret
1737 4410 1887 4476 inutilem
1908 4434 1974 4479 esse

842 4523 1052 4588 coniecturam
1083 4517 1232 4584 Zenodoti
1263 4518 1466 4594 Knaarae'vrrc
1496 4538 1553 4603 pro
1577 4516 1782 4593 Πυλαιμένεος
1806 4518 1973 4583 scribentis

844 4636 872 4691 N
894 4623 969 4700 643,
1002 4658 1044 4673 -
1076 4645 1138 4709 quo
1166 4623 1233 4688 loco
1263 4623 1471 4709 Pylaemenes
1501 4620 1622 4685 dudum
1653 4623 1691 4686 ab
1722 4623 1827 4686 Aenea
1850 4626 1973 4688 occisus

842 4739 879 4807 (E
901 4729 965 4797 576
979 4731 1059 4815 sqq.)
1083 4730 1149 4795 filio
1170 4732 1318 4814 exequias
1341 4732 1387 4794 ire
1410 4728 1527 4793 dicitnr
1549 4732 1591 4804 (N
1613 4725 1677 4791 658
1690 4734 1759 4811 sq).

887 4834 966 4901 Vera
996 4842 1103 4901 antem
1133 4857 1199 4902 esse
1230 4857 1311 4922 quae
1333 4835 1562 4922 grammaticus
1584 4832 1615 4896 h.
1628 4831 1651 4896 l.
1675 4835 1820 4897 observat
1843 4832 1973 4901 aliunde

843 4940 965 5005 abunde
984 4947 1106 5007 mnatat
1123 4942 1201 5020 (rid.
1221 4941 1319 5008 schol.
1342 4954 1367 5005 A
1383 4940 1448 5006 320
1468 4950 1489 5003 Β
1504 4937 1579 5016 517,
1592 4936 1668 5013 837,
1681 4938 1744 5003 851
1768 4949 1794 5000 Δ
1809 4937 1875 5003 295
1887 4948 1972 5022 etc).
