5125 6150
813 831 879 897 390
1277 849 1318 896 nr
1341 848 1531 897 mronoanu

810 1020 883 1100 post
923 1034 1065 1100 pugnam
1104 1011 1188 1098 apud
1226 1009 1442 1079 Chaeroneam
1474 1013 1677 1099 Naupactum
1711 1013 1833 1079 Aetolis
1866 1011 1993 1078 tradere

810 1122 981 1205 potuisset,
1006 1121 1068 1184 nisi
1091 1117 1217 1185 vinculo
1240 1118 1348 1205 aliquo
1372 1120 1507 1185 fuissent
1531 1122 1689 1186 coniuncti
1706 1119 1739 1201 ¹).
1838 1160 1842 1167 -

855 1228 965 1313 Neque
987 1233 1194 1292 monumenta
1213 1224 1341 1312 publica
1359 1227 1418 1292 hac
1437 1229 1471 1292 in
1490 1248 1523 1292 re
1543 1225 1734 1313 negligenda
1753 1233 1838 1292 sunt.
1862 1227 1995 1292 Etenim

811 1332 923 1399 Strabo
941 1339 1169 1399 commemorat
1188 1338 1328 1398 statuam
1348 1331 1468 1412 Aetoli,
1488 1336 1539 1398 cui
1559 1333 1636 1399 haec
1656 1335 1821 1419 inscriptio
1832 1331 1996 1418 insculpta

813 1447 897 1505 erat:

990 1544 1185 1621 Ἐνδυμίωνος
1210 1545 1298 1610 παῖδ’
1323 1545 1458 1611 Αἰτωλὸν
1481 1545 1559 1612 τόνδ’
1583 1546 1731 1620 ἀνέθηκαν

1037 1652 1164 1716 Αἰτωλαὶ
1190 1653 1344 1731 σφετέρας
1369 1655 1465 1728 μνῆμ’
1489 1654 1598 1730 &perric
1624 1654 1728 1731 ἐσορᾶν
1742 1649 1778 1732 ²).

856 1761 933 1823 Κατ’
968 1755 1032 1831 ἔθνη
1067 1764 1192 1834 tamen,
1234 1764 1271 1822 ut
1306 1757 1385 1823 olIm
1425 1764 1569 1843 tempore
1605 1757 1680 1824 belli
1714 1756 1993 1844 Peloponnesiaci,

810 1886 891 1931 anno
915 1863 978 1929 335
1009 1862 1131 1948 legatos
1162 1864 1201 1929 ad
1232 1863 1450 1930 Alexandrum
1474 1865 1632 1951 Magnum
1656 1867 1813 1930 miserunt
1836 1864 1944 1929 Aetoli
1958 1863 1993 1944 ³).

811 1972 1009 2057 Quapropter
1027 1969 1180 2036 sollemne
1199 1969 1258 2036 hoc
1280 1971 1394 2048 fuisse,
1419 1978 1456 2036 ut
1479 1969 1624 2058 singulae
1647 1973 1793 2037 civitates
1817 1970 1995 2037 foederatae

809 2078 932 2165 legatos
956 2079 1136 2155 mitterent,
1159 2082 1263 2142 censet
1286 2098 1317 2141 v.
1342 2076 1372 2142 d.
1398 2075 1568 2156 Dubois⁴).
1599 2077 1732 2163 Insuper
1755 2078 1864 2143 ἐθνικαὶ
1887 2084 1993 2157 χρεῖαι

809 2184 885 2250 illae
904 2182 981 2249 belli
999 2183 1139 2260 lamini,
1160 2204 1239 2269 quae
1259 2182 1390 2249 Aetolos
1410 2205 1428 2248 a
1446 2183 1557 2249 Lamia
1568 2183 1698 2249 domum
1711 2191 1944 2251 revocaverunt
1956 2185 1993 2273 5),

810 2295 968 2356 testantur
989 2292 1160 2355 etiamtum
1181 2290 1278 2354 fuisse
1299 2310 1348 2355 res
1368 2289 1522 2374 quasdam
1541 2291 1688 2355 omnibus
1711 2290 1833 2357 Aetolis
1852 2311 1995 2356 commu-

811 2418 882 2476 nes;
913 2396 998 2482 quod
1028 2395 1231 2461 confirmatur
1262 2398 1359 2461 etiam
1391 2395 1521 2461 Diodori
1553 2394 1639 2475 loco,
1664 2397 1719 2461 ubi
1743 2396 1781 2462 de
1804 2395 1993 2462 Aetolorum

810 2510 951 2590 praetore
974 2501 1152 2568 Alexandro
1175 2523 1278 2567 sermo
1302 2509 1350 2567 est
1376 2508 1399 2583 ).

854 2608 917 2675 Sed
953 2612 1061 2695 ipsum
1098 2629 1265 2674 commune
1305 2606 1490 2673 Aetolorum
1522 2630 1540 2673 a
1571 2608 1659 2675 nullo
1693 2630 1800 2674 rerum
1839 2613 1994 2696 scriptore

810 2720 1077 2782 commemoratur
1097 2723 1168 2779 ante
1188 2735 1307 2779 annum
1327 2712 1403 2791 314,
1423 2735 1485 2799 quo
1504 2735 1585 2779 anno
1604 2713 1825 2780 Aristodemus
1836 2717 1993 2803 AntIgoni

809 2826 841 2889 in
873 2819 1004 2888 Graecia
1035 2826 1161 2907 praetor
1190 2819 1349 2886 auxilium
1378 2823 1473 2906 petiit
1502 2822 1541 2885 ab
1574 2820 1760 2886 Aetolorum
1790 2820 1891 2908 plebe.
1929 2823 1993 2888 Hic

810 2932 952 3015 primum
976 2927 1060 3013 apud
1083 2925 1258 2992 Diodorum
1282 2927 1318 2991 fit
1342 2929 1464 2992 mentio
1487 2931 1539 2991 τοῦ
1563 2932 1658 2992 κοινοῦ
1682 2934 1739 2993 τῶν
1764 2929 1906 2994 Αἰτωλῶν
1918 2929 1956 3010 ⁷).

856 3034 943 3115 Quae
974 3054 1048 3099 cum
1079 3035 1126 3099 ita
1155 3035 1237 3110 sint,
1268 3031 1452 3099 concludere
1482 3031 1557 3097 licet
1587 3035 1654 3099 Iam
1677 3036 1855 3120 antiquitus
1879 3042 1992 3121 gentse

810 3141 966 3208 Aetolicas
984 3139 1111 3207 vinculo
1130 3139 1237 3226 aliquo
1256 3140 1355 3205 fuisse
1374 3141 1571 3217 coniunctas,
1592 3162 1654 3205 non
1673 3147 1780 3207 tamen
1799 3142 1990 3208 adstrictum

810 3270 877 3315 esse
906 3247 986 3312 illud
1016 3246 1181 3312 vinculum
1204 3252 1277 3312 ante
1300 3252 1443 3332 tempora
1465 3267 1681 3312 suceessorum
1704 3246 1890 3326 Alexandri3
1917 3257 1989 3314 tum

811 3356 939 3420 demum
970 3375 1022 3419 eas
1052 3357 1085 3417 in
1116 3374 1217 3417 unum
1245 3356 1366 3419 coiisse.
1398 3352 1500 3433 Quam
1524 3355 1704 3438 opinionem
1727 3357 1856 3440 egregie
1879 3354 1989 3419 confir·

811 3467 901 3527 mant
931 3463 1073 3539 nummi,
1105 3479 1180 3524 nam
1210 3466 1282 3524 ante
1306 3479 1425 3524 annum
1450 3457 1515 3523 314
1539 3462 1665 3524 nummi
1688 3458 1824 3525 Aetolici
1847 3464 1989 3544 percussi

809 3591 872 3635 non
896 3574 970 3632 sunt
998 3583 1018 3646 ).

854 3673 997 3739 Exeunte
1020 3676 1122 3759 igitur
1145 3672 1269 3739 saeculo
1295 3679 1407 3759 quarto
1430 3675 1614 3738 socIetatem
1638 3672 1814 3738 Aetolicam
1837 3677 1990 3739 constItu·

810 3789 876 3847 tam
911 3800 977 3844 esse
1011 3781 1139 3843 scimus.
1176 3779 1238 3844 Sed
1268 3779 1306 3843 de
1337 3778 1522 3844 Aetolorum
1552 3782 1711 3845 institutis
1746 3786 1818 3845 ante
1854 3783 1988 3846 tertium

810 3886 972 3953 saeculum
1002 3884 1083 3950 nihi]
1105 3884 1143 3949 ad
1167 3907 1222 3950 nos
1247 3887 1407 3970 pervenit,
1430 3888 1493 3949 nisi
1517 3886 1599 3970 quod
1622 3884 1824 3974 Thucydides
1847 3890 1991 3953 servavit

811 3995 999 4058 memoriam
1030 3994 1114 4078 regis
1142 3991 1308 4056 cuiusdam
1338 3992 1584 4077 Agraeorum⁹).
1617 3991 1716 4057 Tertii
1745 3995 1848 4079 igitur
1870 3992 1990 4058 saeculi

810 4101 959 4164 instituta
982 4105 1014 4163 et
1036 4099 1150 4183 prioris
1173 4099 1271 4182 partis
1295 4096 1422 4162 secundi
1445 4095 1510 4162 sola
1532 4097 1584 4162 hic
1607 4102 1737 4182 possunt
1760 4101 1897 4164 tractari.

1304 4299 1496 4308 —.....—

818 4402 1011 4415 --..-—-

752 4461 756 4470 ¹
851 4500 872 4557 1)
890 4496 974 4546 senso
990 4495 1047 4552 aar,
1066 4493 1185 4543 oannes.
1205 4493 1268 4543 rur.
1288 4495 1326 4544 111
1343 4497 1404 4558 sae,
1422 4496 1490 4544 reue.
1508 4495 1541 4543 vr
1560 4495 1590 4543 rc
1609 4495 1651 4556 §a

846 4581 873 4642 3)
891 4579 975 4628 Strabo
991 4578 1049 4626 46³.
1363 4579 1390 4639 3)
1407 4577 1502 4627 Arrian.
1518 4578 1531 4625 1
1550 4577 1581 4625 10
1598 4577 1642 4638 52.

846 4664 873 4724 4)
898 4661 984 4709 Dnbois
1009 4660 1054 4709 Les
1079 4658 1164 4722 Ligure
1191 4645 1314 4708 Iltolienne
1340 4670 1363 4708 et
1389 4658 1511 4709 solenne
1536 4676 1558 4724 p.
1585 4659 1625 4708 33.
1644 4659 1682 4710 cf.
1705 4660 1817 4709 l'rcemun
1841 4659 1943 4724 flietorp
1967 4661 1997 4710 οἱ

812 4744 900 4795 Iaderal
918 4746 1070 4807 governmcnt
1088 4758 1110 4806 p.
1129 4741 1178 4791 333
1194 4757 1248 4792 ann.
1267 4743 1289 4792 I.

847 4830 871 4886 5)
889 4823 957 4873 Diod.
977 4823 1060 4872 XVIII
1079 4823 1109 4872 13
1128 4825 1171 4885 §A
1442 4826 1469 4889 6)
1487 4823 1585 4875 Diodor.
1603 4824 1685 4874 XVIII
1703 4827 1734 4874 88
1752 4824 1793 4885 tl.

847 4908 874 4973 7)
893 4908 961 4956 Diod.
979 4905 1035 4956 XIX
1052 4907 1083 4954 dd
1100 4907 1144 4968 52,
1162 4905 1203 4954 xx
1221 4905 1253 4955 30
1270 4909 1313 4967 58.
1439 4908 1468 4970 8)
1489 4907 1585 4972 Barclay
1603 4908 1672 4957 Hasd
1692 4906 1756 4956 uer.
1774 4906 1872 4956 Numm.
1891 4923 1914 4971 p.
1932 4908 1993 4958 383.

847 4993 874 5056 3)
891 4990 995 5053 Thncpd.
1015 4988 1054 5038 Ill
1073 4990 1117 5038 Ill
1137 4990 1179 5051 54.
