5125 6150
685 790 730 857 70
1193 807 1401 855 nunciemus.

730 972 948 1037 Utilissimum
979 978 1027 1036 est
1058 973 1308 1036 contaminatam
1339 970 1495 1036 librorum
1527 976 1734 1058 scripturam,
1767 996 1869 1060 quam

684 1079 740 1144 alii
771 1079 864 1144 aliter
895 1077 1061 1143 sublevare
1084 1084 1246 1153 conantur,
1271 1076 1443 1164 diligenter
1465 1101 1651 1164 componere
1675 1102 1750 1145 cum
1774 1080 1869 1147 Dsou.

686 1186 800 1250 Hanc.
837 1187 892 1269 qui
926 1186 963 1248 A.
989 1178 1026 1249 R.
1059 1183 1111 1261 Vl,
1144 1181 1186 1249 78
1216 1182 1324 1249 locum
1355 1184 1393 1248 ad
1424 1186 1557 1250 verbnm
1589 1186 1669 1265 fere,
1701 1192 1739 1250 ut
1770 1186 1870 1265 solet,

685 1291 839 1357 imitando
862 1293 1034 1375 expressit:

730 1398 776 1469 τίς
807 1395 855 1462 οὖν
887 1399 903 1470 ἡ
928 1396 1054 1470 τοιαύτη
1078 1397 1172 1476 Φιλία
1197 1397 1247 1460 καί
1273 1399 1435 1474 πίστις,
1460 1399 1490 1461 ἐν
1513 1394 1531 1477 ᾖ
1555 1399 1642 1479 παρὰ
1664 1401 1792 1477 γνύμην
1816 1403 1872 1465 αλ-

686 1506 833 1580 λιὶλουο
859 1503 1032 1580 θεραπεύειν
1056 1504 1373 1582 θναγιιαοθηούμεθα;

730 1632 768 1675 ex
792 1630 855 1695 qua
877 1612 1109 1695 comparatione
1133 1609 1295 1695 probabile
1319 1609 1373 1673 fit:

732 1717 764 1795 l)
798 1719 831 1780 in
866 1715 970 1781 codice
1005 1737 1066 1800 quo
1099 1717 1249 1780 utebatur
1283 1714 1476 1803 Dionysius,
1521 1719 1615 1781 sicuti
1648 1721 1682 1782 in
1719 1720 1871 1784 omnibus

684 1825 798 1889 nostris
821 1821 927 1899 libris,
953 1825 969 1896 η
994 1827 1070 1900 (nou
1096 1822 1127 1901 ἢ)
1150 1825 1245 1901 Φιλία
1270 1829 1437 1887 exaratum
1460 1823 1576 1901 fuisse;

730 1928 764 2008 2)
787 1929 903 1991 υοαύιιιιι
925 1930 959 1991 in
981 1926 1037 1993 illo
1062 1928 1167 1994 codice
1187 1929 1227 1994 ad
1247 1930 1486 1994 substantivum
1505 1929 1599 2005 Φιλία
1621 1929 1788 2009 auditum,
1808 1953 1870 1998 non

685 2035 830 2101 additum
856 2035 970 2112 fuisse;

731 2140 764 2218 3)
793 2140 986 2227 Dionysium
1009 2145 1042 2205 in
1067 2163 1124 2207 suo
1147 2141 1229 2207 libro
1253 2142 1349 2222 Φιλία
1372 2145 1546 2228 repperisse
1568 2149 1601 2207 et
1624 2143 1726 2215 erlem
1742 2143 1779 2225 ¹),
1806 2168 1869 2212 non

685 2269 761 2313 vero
786 2247 947 2327 θλευθερία.

730 2354 927 2440 Quapropter
957 2355 1041 2441 apud
1071 2353 1293 2442 Thucydidem
1324 2378 1426 2441 neque
1458 2361 1474 2431 ἡ
1504 2377 1579 2421 oum
1607 2355 1770 2425 Dindorlio
1793 2361 1869 2436 ini

687 2464 881 2527 mutaverim
914 2482 1016 2546 neque
1050 2462 1146 2535 πιοειί
1173 2500 1212 2510 -
1242 2483 1339 2548 quam
1370 2484 1461 2549 saepe
1493 2471 1519 2526 H
1550 2468 1583 2527 et
1612 2472 1652 2527 lc
1682 2485 1700 2529 a
1730 2464 1871 2530 librariis

685 2571 769 2633 inter
799 2589 832 2633 se
862 2568 991 2633 confusa
1022 2571 1087 2632 sint
1115 2574 1233 2633 norunt
1263 2571 1379 2634 harum
1411 2591 1518 2634 rerum
1549 2573 1645 2659 periti
1668 2608 1711 2620 —
1735 2570 1870 2638 fidenter

687 2697 761 2742 cum
792 2673 911 2742 (lobeto
934 2677 1161 2761 expunxerim,
1186 2696 1301 2741 verum
1324 2675 1427 2741 deleto
1451 2684 1521 2742 tum
1553 2680 1747 2757 ἐγίγνετο
1772 2678 1870 2764 (quod

688 2784 803 2847 vitiose
833 2803 890 2867 pro
922 2777 954 2854 ἦν
968 2783 994 2861 ²)
1025 2789 1215 2867 usurpatum
1246 2783 1285 2847 ab
1316 2782 1425 2847 eodem
1457 2787 1567 2869 stipite
1599 2784 1780 2870 profectum
1802 2805 1870 2850 esso

686 2888 813 2953 videtur
844 2890 899 2972 qui
931 2886 1070 2953 similem
1098 2890 1131 2951 in
1154 2887 1287 2953 modum
1310 2891 1422 2973 capitis
1444 2888 1475 2952 X
1499 2893 1630 2955 initium
1654 2889 1870 2971 deformavit),

688 3004 759 3061 tum
790 2994 943 3072 ἐλευθερία
974 3001 1098 3082 (utpote
1129 2994 1320 3061 vocabulum
1350 2996 1402 3060 bic
1433 2999 1541 3062 minus
1572 2999 1761 3063 conveniens
1787 2996 1871 3083 quod

687 3103 771 3168 male
803 3102 915 3187 pedem
939 3100 1086 3167 intulisse
1111 3105 1266 3187 suspicari
1290 3102 1382 3178 licet,
1406 3109 1574 3188 postquam
1599 3104 1732 3170 solemni
1757 3104 1872 3170 scribs-

685 3231 759 3274 mm
789 3229 891 3274 errore
921 3217 1062 3273 sslchc
1092 3212 1125 3272 in
1156 3217 1285 3273 nlcTH
1320 3209 1414 3284 abiit,
1443 3210 1593 3275 videlicet
1616 3217 1653 3275 ut
1676 3210 1872 3277 adiectivum

686 3337 782 3381 suum
824 3316 885 3380 sibi
921 3314 1151 3400 qualecumque
1186 3316 1426 3380 substantivum
1461 3316 1614 3396 baberet),
1650 3318 1736 3382 hisce
1769 3320 1873 3405 igitur

685 3420 797 3487 deletis
820 3442 879 3507 ego
902 3420 963 3486 loci
987 3423 1117 3486 initium
1140 3424 1185 3486 sio
1208 3424 1447 3486 constituerim:

868 3527 915 3597 τίς
939 3522 988 3590 ούν
1012 3524 1090 3600 αὕτη
1115 3529 1131 3601 ἡ
1156 3531 1251 3608 Φιλία
1274 3529 1342 3591 καί
1368 3529 1490 3605 πίστις,
1515 3529 1544 3592 ἐν
1569 3525 1587 3610 ἦ

868 3633 954 3710 παρὰ
977 3631 1101 3708 ννύμην
1122 3634 1278 3707 ἀλλήλους
1306 3635 1574 3715 ύοιηρχθμεθα
1598 3633 1650 3699 καί
1674 3636 1700 3699 ol

867 3740 922 3815 μὲν
948 3741 1030 3816 ἡμᾶς
1055 3740 1084 3803 ε’ν
1108 3742 1149 3820 τῷ
1173 3740 1298 3819 πολέμου
1321 3741 1450 3813 δεδιθτες
1475 3741 1656 3822 ἐθεράπευον,

869 3846 956 3921 ἡμεῖς
981 3844 1006 3907 θ’
1031 3845 1158 3920 ἐκείνους
1182 3848 1212 3910 ἐν
1237 3856 1276 3928 τῇ
1301 3849 1419 3928 ἡσυχία
1443 3848 1505 3913 sul.

734 3951 794 4016 Pro
818 3952 914 4016 verbo
938 3950 1151 4031 ὑπεδεχθμεθα
1176 3954 1293 4018 frustra
1317 3976 1335 4018 a
1358 3952 1519 4020 nonnullis
1538 3954 1680 4031 defenso,
1701 3974 1740 4019 ex
1760 3952 1874 4021 Hassii

689 4057 911 4152 emendatione
947 4078 1027 4142 quae
1066 4060 1147 4123 mihi
1186 4061 1315 4143 quidem
1356 4059 1540 4125 felicissima
1582 4059 1725 4138 videtur,
1761 4064 1874 4148 scripsi

690 4164 967 4244 ύπυρκθμεθαι.
1004 4165 1100 4230 Haud
1134 4186 1204 4230 raro
1235 4169 1321 4230 enim
1352 4174 1384 4231 et
1414 4167 1499 4253 apud
1528 4167 1675 4252 probatos
1705 4169 1874 4253 scriptores

691 4273 875 4354 ὑπέρχεσθαι
908 4278 940 4336 et
963 4272 1135 4350 θεραπεύειν
1160 4277 1197 4335 ut
1219 4293 1396 4359 synonyma
1422 4275 1465 4337 sic
1490 4275 1656 4337 coniuncta
1677 4274 1873 4339 invenimus.

690 4377 797 4443 Veluti
820 4377 903 4463 apud
928 4377 1190 4454 DEMOSTHRNRM‚
1215 4385 1253 4443 ut
1272 4379 1332 4443 boc
1356 4385 1437 4454 utar,
1463 4377 1515 4444 Or.
1540 4385 1642 4442 coctm
1661 4379 1875 4446 Aristocraten

689 4484 757 4570 §lt
785 4485 841 4547 ubi
864 4485 1021 4570 legimus:
1053 4483 1236 4561 συμβέβηκε
1260 4487 1323 4565 γαρ
1348 4485 1381 4548 ἐκ
1405 4485 1513 4548 τούτου
1538 4487 1639 4557 αὐτοῖς
1664 4486 1720 4562 μὲν
1743 4488 1875 4553 ivssad-

727 4699 751 4758 l)
779 4698 796 4743 d
825 4696 924 4743 lectione
950 4696 1037 4752 πίντις
1062 4711 1155 4758 quoquc
1179 4695 1203 4742 in
1227 4696 1341 4743 extremis
1363 4695 1475 4743 credibile
1492 4703 1527 4743 cst
1544 4696 1638 4744 linxisse
1654 4695 1771 4758 glossema
1787 4699 1875 4747 πίστιν

691 4780 752 4842 quod
772 4780 897 4842 praecunte
915 4777 1008 4826 Steblio
1026 4778 1078 4826 iure
1096 4776 1192 4825 seclusit
1208 4778 1326 4842 Steupius.

724 4860 752 4922 2)
772 4859 921 4923 lngeniosius
944 4875 1014 4922 quam
1038 4859 1117 4908 verius
1141 4859 1288 4916 Classeniue,
1313 4863 1339 4906 ut
1363 4859 1422 4907 mihi
1440 4859 1534 4922 quidem
1553 4858 1659 4907 videtur:
1680 4856 1875 4923 uiptyvm,

690 4942 756 4991 nicbt
773 4940 818 5000 ην,
835 4958 878 4992 zur
897 4942 1061 5008 Bcaeicbuung
1078 4942 1118 4991 des
1136 4942 1221 4992 immor
1238 4941 1389 4992 wucbscndeu
1410 4938 1580 4991 Mistrauens'’.
