5125 6150
1052 836 1319 885 Praenunuoauu.
1714 817 1779 882 305

592 1004 724 1067 ἐκώλυσε
758 1001 923 1082 δημαρχῶν
955 999 1054 1072 Αὖλος
1079 1001 1255 1079 Πομπήιος,
1281 1002 1416 1079 assiste
1441 1001 1608 1065 θποιιαλῶν
1631 999 1683 1064 καὶ
1709 1002 1781 1080 πρὸς

592 1107 680 1188 ὕβριν
711 1107 894 1172 ἀπελαύνων
923 1113 976 1174 ποῦ
1005 1108 1169 1185 βήματος·
1202 1104 1216 1170 ὃ
1249 1105 1282 1179 aa
1309 1107 1361 1171 καὶ
1386 1105 1531 1184 μάλιστα
1556 1107 1597 1186 τῷ
1621 1106 1705 1186 λόγῳ
1729 1110 1782 1170 ποῦ

591 1214 745 1292 ἀνθρώπου
777 1214 880 1278 πθοπιν
912 1211 1080 1295 παρέσχεν.
1113 1215 1145 1278 οὐ
1176 1212 1239 1291 yolo
1267 1209 1346 1292 ἔφθη
1372 1220 1427 1286 πῆς
1453 1211 1619 1287 ἐκκληοθας
1643 1212 1783 1285 λυθεθοης

592 1321 606 1384 θ
632 1315 731 1392 Αὖλος
757 1320 796 1389 εἰς
822 1316 898 1384 οἶκον
923 1320 1100 1384 ἐπανελθεῖν
1125 1319 1177 1384 καὶ
1203 1319 1329 1398 πνοεπθς
1356 1317 1512 1396 ἐξήνθησεν
1537 1319 1619 1398 αὐτῷ
1643 1323 1783 1390 ποοοῦπος

593 1422 672 1490 ὥστε
710 1428 788 1489 ποῖοι
825 1431 996 1505 καταφανῆ
1031 1423 1194 1503 γενθμενον
1229 1424 1281 1489 καὶ
1319 1423 1498 1505 πεοιβθηπον
1535 1424 1616 1496 ἐντὸς
1648 1423 1783 1502 ἑβδόμης

595 1528 710 1610 ἡμέρας
734 1531 908 1595 οὶποθανεῖν.

640 1637 860 1701 Pessinuntiae
895 1638 971 1701 deae
1006 1641 1076 1701 tum
1111 1637 1243 1701 demum
1279 1635 1440 1720 templum
1470 1635 1589 1701 Romae
1620 1635 1784 1701 conditum

594 1762 677 1818 esse,
710 1741 762 1806 vel
796 1739 911 1806 saltem
942 1747 1079 1807 matrem
1111 1742 1239 1808 Idaeam
1269 1741 1412 1806 nondum
1437 1762 1472 1807 eo
1497 1748 1641 1826 tempore
1665 1742 1724 1806 sub
1747 1762 1784 1806 eo

593 1849 722 1912 nomine
742 1846 802 1912 coli
827 1845 974 1924 solitam,
998 1850 1068 1911 iure
1090 1868 1129 1911 ex
1152 1869 1188 1912 eo
1210 1846 1280 1913 loco
1305 1846 1385 1912 effici
1409 1868 1501 1933 posse
1525 1846 1673 1912 dixerim.
1699 1847 1787 1912 Resi-

592 1953 753 2018 stcntibus
777 1958 967 2017 autemnon
985 1952 1085 2017 nullis
1105 1953 1257 2018 Romanis
1276 1960 1438 2038 receptam
1458 1975 1526 2019 esse
1547 1954 1784 2018 Pessinuntiam

593 2059 683 2123 docet
715 2061 806 2122 triste
830 2058 966 2142 Pompei
989 2059 1102 2123 satum.
1127 2058 1189 2124 Sed
1212 2079 1312 2145 grave
1335 2065 1384 2124 est
1407 2065 1439 2123 et
1464 2081 1525 2124 non
1548 2059 1785 2146 neglegendum

593 2164 764 2228 discrimen
795 2165 878 2227 inter
912 2163 1123 2229 Plutarchum
1154 2170 1250 2250 atque
1281 2163 1478 2241 Diodorum,
1511 2167 1568 2250 qui
1599 2164 1713 2229 itidem
1748 2166 1785 2230 de

593 2270 728 2334 Batacae
752 2269 893 2334 adventu
917 2269 1077 2334 uberrime
1101 2270 1199 2334 refert
1221 2270 1273 2349 (fr.
1300 2268 1352 2333 36.
1368 2268 1411 2349 6).
1437 2268 1474 2333 In
1498 2273 1589 2335 cuius
1609 2273 1787 2335 narratione

594 2379 627 2439 et
662 2373 725 2439 alia
760 2373 917 2459 quaedam
952 2373 1102 2439 differunt
1132 2396 1150 2439 a
1181 2374 1400 2451 Plutarcheis,
1432 2379 1464 2439 et
1494 2376 1643 2459 inprimis
1674 2376 1786 2439 hocce:

595 2479 679 2564 quod
711 2480 886 2545 secundum
918 2479 1095 2544 Diodorum
1129 2481 1259 2544 Bataces
1290 2483 1453 2543 nuntiavit
1485 2480 1519 2543 τὸ
1543 2480 1617 2559 aaa
1641 2486 1696 2553 τῆς
1721 2481 1786 2545 θεοῦ

595 2583 765 2663 μεμιάνθαι
798 2585 849 2649 καὶ
881 2585 942 2649 δεῖν
974 2585 1086 2657 αὐτοὺς
1110 2591 1162 2665 (an
1187 2582 1318 2665 αὐτοῦθ)
1340 2583 1363 2664 ¹)
1385 2584 1516 2668 δημοσθμ
1540 2584 1713 2664 καθαρμοὺς
1737 2584 1786 2649 ἕπθ

595 2699 650 2765 τῆς
676 2689 792 2769 Ῥώμης
817 2692 1062 2764 συντελεσθῆναι.
1087 2691 1263 2775 Utriusque
1287 2692 1472 2755 testimonia
1495 2693 1523 2755 si
1540 2690 1682 2756 conferas
1701 2689 1787 2755 haud

594 2797 769 2861 absurdum
804 2798 967 2862 videbitur
1000 2800 1158 2874 conicere,
1196 2797 1372 2861 secundnm
1406 2801 1550 2862 auctores
1585 2795 1717 2862 Diodori
1752 2817 1789 2861 eo

594 2905 664 2987 ipso
700 2923 780 2966 anno
816 2922 834 2966 a
869 2902 984 2966 Bataca
1014 2901 1154 2987 lapidem
1186 2903 1346 2987 quendam
1377 2902 1619 2967 Pessinuntium
1649 2901 1787 2966 Romam

595 3009 800 3094 adportatum
819 3028 903 3084 esse,
925 3006 1039 3072 saltem
1062 3028 1123 3071 non
1147 3007 1252 3072 multo
1276 3012 1403 3093 postet
1426 3006 1541 3087 βοθπας
1567 3030 1596 3070 τι
1620 3007 1788 3072 Pessinun-

596 3118 681 3179 tium
712 3119 745 3179 et
775 3112 901 3178 cultum
932 3113 1008 3178 deae
1032 3114 1222 3179 orientalem
1245 3113 1392 3178 adfuisse.
1418 3112 1501 3177 Tum
1525 3112 1657 3178 demum
1681 3112 1787 3178 valere

594 3223 700 3305 coepit
724 3220 761 3284 de
785 3219 940 3306 religione
963 3217 1099 3305 Cybeles
1123 3219 1267 3284 Romana
1290 3220 1323 3283 id
1347 3219 1431 3304 quod
1454 3220 1564 3285 scribit
1587 3220 1788 3305 Augustinus

599 3327 663 3389 Cio.
688 3326 729 3389 D.
755 3324 785 3391 7.
800 3324 861 3389 26:
895 3325 959 3401 „At
990 3346 1066 3390 vero
1089 3328 1152 3389 ista
1174 3326 1297 3411 Magna
1321 3324 1452 3389 deorum
1476 3324 1582 3389 Mater
1604 3327 1703 3389 etiam
1727 3324 1789 3390 Ro·

594 3434 699 3495 manis
722 3430 852 3515 templis
876 3435 1027 3495 castratos
1050 3432 1099 3494 int
1123 3430 1164 3494 lit
1183 3436 1278 3517 atque
1299 3432 1393 3495 istam
1414 3432 1581 3495 saevitiam
1601 3452 1787 3515 moremque

595 3538 755 3601 servavit:
786 3534 905 3600 credita
936 3538 1019 3600 vires
1050 3535 1201 3600 adiuvare
1231 3535 1450 3601 Romanorum
1482 3535 1656 3601 exsecando
1680 3534 1788 3600 virilia

595 3641 775 3707 virorum'’.

617 3748 683 3811 'ut
713 3769 752 3812 ne
784 3753 854 3812 tum
888 3749 1017 3832 quidem
1042 3745 1191 3813 omnibus
1216 3753 1303 3812 certa
1325 3768 1360 3812 ac
1383 3748 1514 3832 probata
1536 3748 1635 3813 firisse
1660 3748 1788 3813 videtur

595 3856 681 3920 fama
700 3853 738 3917 de
757 3856 849 3938 signo
870 3852 945 3917 deae
966 3874 1006 3918 ex
1018 3852 1146 3918 Galatia
1158 3852 1324 3938 adportata
1331 3874 1339 3932 ;
1359 3874 1415 3918 nec
1427 3852 1515 3919 solus
1527 3858 1596 3918 erat
1607 3851 1719 3928 Varro,
1733 3854 1787 3936 qui

593 3959 723 4024 Idaeam
748 3957 970 4022 Pessinuntiae
994 3965 1210 4043 praeponeret.
1234 3956 1344 4024 Cicero
1364 3960 1451 4024 enim
1470 3958 1560 4035 vide,
1581 3978 1677 4042 quam
1696 3961 1787 4021 caute

595 4065 634 4129 de
654 4063 858 4128 Pessinuntia
878 4068 981 4127 matre
1000 4063 1133 4128 disserat
1152 4065 1186 4128 in
1206 4067 1347 4130 oratione
1366 4066 1403 4128 de
1421 4066 1544 4149 taruep.
1566 4086 1642 4145 resp.
1666 4063 1788 4127 Aaserit

594 4168 650 4233 ille
670 4169 798 4253 quidem
818 4167 886 4246 (12.
900 4166 957 4243 29)
978 4191 1014 4232 ea
1033 4169 1148 4233 ultimis
1169 4170 1258 4233 θοοοιζι
1278 4191 1345 4236 esse
1365 4172 1562 4246 arcessitam,
1583 4166 1657 4253 §27
1678 4173 1788 4233 autem

595 4294 706 4351 „sacra
735 4272 818 4338 ista'’
852 4274 959 4358 inquit
989 4277 1147 4351 „maiores
1177 4278 1279 4340 nostri
1308 4297 1348 4341 ex
1377 4275 1522 4362 Phrygia
1552 4274 1671 4338 Romae
1694 4271 1788 4337 collo-

592 4378 746 4456 carunt'’;
780 4399 894 4463 parum
928 4380 1041 4463 opinor
1070 4380 1209 4447 definite.
1243 4379 1327 4448 Cum
1359 4402 1434 4446 vero
1457 4382 1475 4464 ᾖ
1495 4377 1538 4443 28
1562 4379 1786 4443 Pessinuntem

595 4486 720 4569 „ipsam
752 4484 859 4549 sedem
884 4483 1148 4570 domiciliumque
1180 4485 1296 4551 Matris
1319 4483 1472 4551 deorum'’
1498 4483 1633 4562 salutat,
1660 4486 1717 4548 hoc
1740 4504 1788 4548 so·

628 4774 655 4834 l)
678 4789 708 4821 sc.
727 4775 773 4820 τοῦ
791 4773 862 4833 θοροῦ.
881 4773 1003 4838 Quidquid
1022 4774 1047 4822 id
1065 4776 1116 4832 est,
1134 4789 1180 4822 non
1199 4773 1282 4821 dicunt
1299 4770 1370 4820 verba
1388 4772 1479 4820 Graeca
1495 4771 1557 4835 qnod
1576 4786 1603 4819 ea
1622 4770 1700 4819 dicere
1717 4772 1787 4835 putat

593 4855 679 4905 Ihnius
703 4855 732 4903 V.
757 4856 821 4903 2002
851 4855 981 4918 ‚kundigte
1007 4872 1051 4914 nu,
1074 4856 1127 4904 dass
1148 4854 1188 4904 ihr
1211 4852 1348 4916 Heiligtnm
1371 4852 1396 4902 in
1419 4854 1480 4902 Rom
1505 4852 1600 4902 cntweit
1624 4851 1657 4901 sei
1675 4852 1722 4901 und
1740 4867 1786 4901 von

593 4938 753 4999 Stsatswcgen
772 4935 889 4999 geroiuigt
907 4938 1000 4985 werden
1018 4936 1121 4984 mdsse”.

1616 5029 1648 5078 21
