5125 6150
774 825 861 891 1224
1159 841 1205 906 ρο
1227 840 1456 889 nmeronmms
1477 840 1616 889 Psoron.

794 1007 822 1071 ei
852 1007 948 1089 ι’ροόιιε
978 1005 1154 1070 divitiorum
1182 1006 1232 1069 dci
1254 1006 1366 1088 copiam
1389 1029 1468 1069 ιιιοοο
1481 1008 1620 1092 facerem
1644 1007 1782 1086 cuilibet,
1807 1031 1871 1072 οννκ
1893 1009 1982 1073 ideo-

794 1113 884 1178 tidem
914 1115 948 1176 in
978 1112 1114 1176 concione
1145 1112 1256 1176 elidere
1278 1134 1331 1176 ιιοο
1353 1113 1496 1176 soleamne
1518 1114 1596 1177 οιόοο
1618 1120 1652 1176 ot
1675 1137 1765 1177 αιινοι
1788 1115 1982 1179 trinominem

793 1220 1004 1303 οιόὶρῖεοοιιιιιο.
1029 1257 1072 1267 -
1096 1218 1281 1284 Transitum
1305 1227 1412 1284 eutem
1436 1219 1476 1284 ad
1498 1219 1679 1285 liberiorem
1702 1221 1873 1287 verborum
1894 1244 1983 1288 oom-

793 1329 999 1413 positionem,
1035 1327 1087 1390 oui
1121 1346 1205 1390 nnnc
1238 1323 1402 1410 indulget,
1439 1331 1552 1410 perant
1585 1325 1646 1391 loci
1677 1327 1780 1412 qualis
1810 1335 1860 1393 est
1891 1329 1982 1413 apud

793 1432 1054 1519 Xenophontem:
1086 1431 1176 1496 δεινόν
1207 1432 1270 1510 γάρ
1294 1429 1352 1495 τοῖν
1376 1428 1438 1509 εῖν,
1542 1432 1566 1495 εἰ
1592 1433 1621 1496 ἐν
1645 1434 1717 1516 όιὶρρ
1741 1436 1796 1509 μὲν
1819 1437 1981 1508 πολλάκις

793 1537 893 1604 ἄσιτοι
923 1542 1126 1619 καρτεροῦμεν
1148 1533 1227 1609 όποις
1252 1539 1345 1616 όνρόον
1369 1561 1399 1602 τι
1423 1537 1595 1618 ὑποχείριον
1618 1539 1824 1618 ποιησόμεθα,
1931 1541 1983 1607 it·

792 1646 848 1724 βον
879 1647 911 1711 bl
942 1644 1009 1711 όλον
1040 1643 1213 1723 πειρώμενοι
1237 1647 1326 1722 όνροῖν
1427 1646 1479 1709 οὐκ
1503 1643 1541 1710 ico
1564 1647 1718 1726 πρέποντα
1741 1651 1812 1723 ἡμῖν
1836 1646 1982 1725 δοκοῖμεν

793 1759 899 1832 ποιεῖν,
924 1751 977 1817 vel
1001 1752 1105 1838 qualis
1128 1751 1212 1836 epnd
1236 1762 1383 1816 nostrum
1405 1753 1437 1815 in
1463 1753 1602 1817 Avibus:

972 1856 1133 1923 δεινότατα
1157 1857 1220 1937 γάρ
1242 1881 1286 1921 τοι
1312 1856 1498 1935 πεισόμεσθ’,
1523 1858 1588 1934 ἐμοὶ
1612 1859 1718 1936 δοκεῖν,

971 1965 998 2029 el
1022 1970 1080 2028 τῶν
1105 1965 1162 2041 μὲν
1186 1961 1453 2044 intercipiente,
1479 1964 1566 2043 ὑμεῖς
1590 1966 1616 2030 δ’
1640 1967 1666 2031 οῖ
1691 1965 1747 2030 leot

971 2073 1224 2135 ἀκολαστανεῖτε.

792 2175 855 2243 Ubi
885 2180 1075 2264 peratnotiee
1107 2178 1191 2242 diota
1221 2182 1296 2242 sunt
1328 2181 1530 2257 καρτεροῦμεν
1560 2182 1593 2242 et
1616 2174 1746 2258 ἄρξομεν
1770 2197 1843 2263 pro:
1869 2202 1982 2259 καρτε-

791 2289 910 2366 ροῦντες
933 2290 982 2350 et:
1008 2287 1090 2362 ἡμῶν
1113 2283 1277 2364 ἀρχόντων.

836 2505 889 2571 Vs.
915 2504 980 2571 399
993 2527 1038 2591 eq.
1070 2503 1270 2590 Blepsidemo
1303 2506 1447 2590 nogenti:
1481 2505 1574 2589 „quio
1604 2504 1699 2586 ι’ρῖόιιο
1730 2528 1816 2587 opum
1847 2505 1980 2572 ιὀῖατιιιιι

784 2620 903 2695 portem
921 2613 1053 2697 οόῖριιοιιι
1064 2635 1128 2675 cum
1138 2610 1241 2674 amicir
1253 2611 1314 2674 troie
1325 2611 1518 2674 οοιιιιιιιοοόσοι
1526 2611 1564 2675 ?''
1578 2610 1747 2696 respondet
1759 2608 1978 2700 Obremylns:

864 2765 868 2772 -
969 2719 1023 2782 οὐκ
1045 2716 1110 2781 ἔστι
1135 2741 1180 2782 ποι
1205 2718 1246 2780 τοὶ
1271 2715 1437 2795 πράγματ’
1462 2718 1491 2781 ἕν
1514 2716 1621 2796 τούτῳ.

833 2824 1096 2911 Indignebundus
1120 2823 1193 2889 dein
1216 2823 1455 2909 blepsidemus:

1473 2930 1505 2994 τό
1527 2928 1608 3009 <tin

967 3038 1000 3102 οὐ
1024 3039 1065 3119 τῷ
1089 3035 1275 3114 μεταδοῦναι
1283 3056 1292 3115 3

788 3142 876 3211 Haeo
904 3165 1028 3230 qnoque
1058 3146 1224 3209 senissimo
1256 3164 1323 3208 esse
1352 3145 1418 3220 eio,
1451 3142 1526 3207 licet
1558 3142 1651 3207 aliter
1681 3143 1719 3208 ab
1750 3141 1821 3208 aliis
1852 3148 1979 3213 criticis

787 3252 907 3317 fuerint
940 3257 1065 3315 mutata
1081 3250 1114 3331 ¹).
1149 3250 1186 3314 Id
1220 3249 1304 3335 quod
1338 3270 1503 3314 summum
1539 3255 1586 3313 est
1618 3248 1716 3314 flebili
1746 3270 1823 3314 voce
1853 3257 1979 3338 repetit

787 3358 1025 3444 Blepsidemus,
1057 3354 1201 3442 neglecta
1229 3357 1400 3420 verborum
1427 3361 1601 3434 structure,
1631 3377 1705 3421 nem
1723 3355 1835 3441 plenae
1856 3364 1979 3426 oratio

787 3469 835 3530 nis
858 3465 993 3529 fuissent
1015 3463 1109 3527 haee:
1133 3461 1214 3526 οόπιι
1239 3462 1321 3527 ἐστὶν
1343 3458 1432 3542 (εἶναι
1457 3464 1533 3543 Φὴρ)
1558 3462 1587 3525 ἕν
1611 3464 1652 3541 τῷ
1677 3463 1861 3537 μεταδοῦναι
1874 3487 1883 3543 ;

832 3570 884 3635 Sic
909 3570 993 3656 opud
1024 3568 1212 3654 Sophoclem
1244 3571 1390 3634 ministro
1421 3572 1513 3633 anxie
1544 3567 1713 3633 elementi:
1747 3567 1863 3649 μῖμον,
1900 3574 1977 3651 πρός

787 3680 869 3757 αὐτῷ
902 3679 934 3753 ρ’
959 3676 1022 3751 εῖμὶ
1054 3679 1094 3757 τῷ
1127 3677 1209 3756 δεινῷ
1243 3675 1390 3752 alypon
1423 3697 1475 3741 rex
1510 3676 1670 3760 trepidans
1702 3681 1733 3741 et
1764 3686 1976 3761 exasperatus

785 3788 964 3868 retorquet:
987 3784 1059 3858 „sal
1082 3780 1177 3859 ἔγωγ’
1199 3781 1361 3846 οὲκοόειιό”
1385 3819 1425 3830 ·-
1447 3782 1501 3846 ubi
1521 3780 1641 3867 placide
1660 3781 1818 3866 loquentis
1837 3783 1975 3852 fuisset:

787 3890 838 3954 xci
862 3889 965 3968 ἔγωγε
990 3888 1086 3965 (πρός
1111 3891 1193 3968 αὐτῷ
1217 3892 1257 3969 τῷ
1282 3890 1388 3969 δεινῷ)
1413 3890 1542 3953 οὶκοόειι.
1566 3888 1647 3953 Item
1671 3889 1870 3954 Piseteerns:

1031 3994 1064 4059 αῖ
1077 3994 1183 4067 πόλεις
1197 3997 1268 4075 παρ’
1281 3995 1391 4075 ἀνδρῶν
1404 3992 1514 4071 ἔμαθον
1526 3997 1637 4074 ἔχόροῖν
1650 4030 1691 4044 -
1705 3996 1756 4059 κού
1769 3996 1898 4075 Φόλον]
1908 4035 1951 4048 -

966 4102 1099 4165 ἐκπονεῖν
1123 4103 1147 4165 t'
1172 4102 1279 4181 ὑψηλοὶ
1304 4102 1396 4180 τείχη
1421 4106 1495 4173 ναῦς
1521 4126 1555 4166 τε
1580 4103 1743 4175 κεκτῆσθαι
1767 4101 1911 4184 μακροῖς,

787 4232 862 4276 nam
893 4212 936 4273 sio
969 4229 1005 4273 ea
1035 4217 1110 4273 sunt
1140 4208 1373 4294 distinguenda.
1405 4210 1449 4271 Λό
1480 4208 1664 4272 odocceoriio
1689 4245 1728 4256 -
1754 4230 1812 4272 ιοοιι
1835 4232 1915 4277 eone
1938 4215 1976 4277 ab

786 4316 912 4381 amicir!
937 4352 977 4364 -
999 4315 1169 4378 didicerunt
1188 4315 1325 4379 civitatee
1343 4315 1490 4378 moenibus
1509 4315 1707 4400 cloeeiloeqoe
1723 4337 1755 4378 oe
1773 4318 1882 4384 όιοόοτό.
1908 4319 1977 4385 Ubi

784 4445 848 4488 non
879 4425 1036 4487 iterentur
1066 4421 1219 4486 vocabula
1242 4424 1316 4500 παρ’
1339 4421 1458 4501 ἀνδρῶν,
1485 4458 1526 4469 -
1551 4443 1626 4486 nem
1649 4424 1791 4508 integrae
1816 4428 1977 4492 orationis

785 4531 866 4595 foret
889 4528 941 4592 καὶ
966 4529 998 4592 οὐ
1020 4530 1117 4604 (παρ’
1137 4528 1268 4608 ἀνδρῶν)
1291 4528 1401 4609 φίλων,
1423 4564 1465 4575 -
1483 4549 1545 4613 quo
1563 4531 1680 4592 maiore
1699 4549 1771 4592 oum
1792 4532 1825 4593 vi
1845 4537 1977 4615 possint

785 4636 887 4701 efferri
910 4655 990 4721 ques
1014 4635 1158 4720 emphesi
1181 4634 1246 4700 sole
1269 4641 1345 4699 sunt
1368 4634 1480 4720 digna:
1507 4633 1583 4711 „ct”
1608 4640 1640 4698 et
1664 4632 1818 4715 ,,Φι’κινν”.

1233 4758 1527 4836 (Οοιιόιιιιοοόιοοιόιοο.)

818 4971 844 5031 l)
862 4968 986 5033 Proponite
1003 4975 1071 5017 sunt:
1089 4968 1118 5017 ot‘
1135 4986 1171 5030 τοι
1189 4968 1351 5029 μεταδοῦναι,
1368 4967 1434 5017 οόπιι
1453 4985 1489 5028 cc,
1507 4965 1531 5016 ἐν
1549 4972 1584 5029 τῷ
1603 4968 1827 5028 μ,,ι1ἰιῖοήιιισ.
