<?xml version="1.0" encoding="UTF-8"?>
<!DOCTYPE html PUBLIC "-//W3C//DTD XHTML 1.0 Transitional//EN"
    "http://www.w3.org/TR/xhtml1/DTD/xhtml1-transitional.dtd">
<html xmlns="http://www.w3.org/1999/xhtml" xml:lang="en" lang="en">
 <head>
  <title>
</title>
<meta http-equiv="Content-Type" content="text/html;charset=utf-8" />
  <meta name='ocr-system' content='tesseract 3.04.00' />
  <meta name='ocr-capabilities' content='ocr_page ocr_carea ocr_par ocr_line ocrx_word'/>
</head>
<body>
  <div class='ocr_page' id='page_1' title='image "./mnemosyne04verdgoog_0047.png"; bbox 0 0 5125 6150; ppageno 0'>
   <div class='ocr_carea' id='block_1_1' title="bbox 688 781 1511 849">
    <p class='ocr_par' dir='ltr' id='par_1_1' title="bbox 688 781 1511 849">
     <span class='ocr_line' id='line_1_1' title="bbox 688 781 1511 849; baseline -0.002 -3"><span class='ocrx_word' id='word_1_1' title='bbox 688 781 730 846; x_wconf 88' lang='grc'>44</span> <span class='ocrx_word' id='word_1_2' title='bbox 1033 801 1075 847; x_wconf 84' lang='lat' dir='ltr'>nr</span> <span class='ocrx_word' id='word_1_3' title='bbox 1097 797 1305 849; x_wconf 80' lang='lat' dir='ltr'>roasuuours</span> <span class='ocrx_word' id='word_1_4' title='bbox 1327 798 1511 847; x_wconf 79' lang='lat' dir='ltr'>musaeum.</span> 
     </span>
    </p>
   </div>
   <div class='ocr_carea' id='block_1_2' title="bbox 684 962 1871 4756">
    <p class='ocr_par' dir='ltr' id='par_1_2' title="bbox 685 962 1871 1261">
     <span class='ocr_line' id='line_1_2' title="bbox 687 962 1871 1049; baseline -0.001 -21"><span class='ocrx_word' id='word_1_5' title='bbox 687 968 801 1049; x_wconf 87' lang='lat' dir='ltr'>tuaque</span> <span class='ocrx_word' id='word_1_6' title='bbox 831 966 864 1028; x_wconf 94' lang='lat' dir='ltr'>in</span> <span class='ocrx_word' id='word_1_7' title='bbox 894 962 1001 1028; x_wconf 85' lang='lat' dir='ltr'>ltbaaa</span> <span class='ocrx_word' id='word_1_8' title='bbox 1022 983 1123 1047; x_wconf 89' lang='lat' dir='ltr'>usque</span> <span class='ocrx_word' id='word_1_9' title='bbox 1147 963 1186 1027; x_wconf 90' lang='lat' dir='ltr'>ad</span> <span class='ocrx_word' id='word_1_10' title='bbox 1209 984 1298 1028; x_wconf 91' lang='lat' dir='ltr'>suam</span> <span class='ocrx_word' id='word_1_11' title='bbox 1325 969 1461 1027; x_wconf 86' lang='lat' dir='ltr'>mortem</span> <span class='ocrx_word' id='word_1_12' title='bbox 1485 963 1622 1049; x_wconf 79' lang='lat' dir='ltr'>degeret.</span> <span class='ocrx_word' id='word_1_13' title='bbox 1654 963 1751 1028; x_wconf 80' lang='lat' dir='ltr'>Hoece</span> <span class='ocrx_word' id='word_1_14' title='bbox 1774 986 1871 1027; x_wconf 82' lang='grc' dir='ltr'><strong><em>οιιιιοε</em></strong></span> 
     </span>
     <span class='ocr_line' id='line_1_3' title="bbox 685 1070 1870 1155; baseline 0.001 -21"><span class='ocrx_word' id='word_1_15' title='bbox 685 1072 707 1135; x_wconf 92' lang='lat' dir='ltr'>i.</span> <span class='ocrx_word' id='word_1_16' title='bbox 721 1091 748 1135; x_wconf 91' lang='lat' dir='ltr'>e.</span> <span class='ocrx_word' id='word_1_17' title='bbox 780 1073 920 1155; x_wconf 89' lang='lat' dir='ltr'>spatium</span> <span class='ocrx_word' id='word_1_18' title='bbox 951 1072 1103 1154; x_wconf 88' lang='lat' dir='ltr'>temporis</span> <span class='ocrx_word' id='word_1_19' title='bbox 1133 1072 1217 1134; x_wconf 86' lang='lat' dir='ltr'>inter</span> <span class='ocrx_word' id='word_1_20' title='bbox 1247 1071 1410 1134; x_wconf 91' lang='lat' dir='ltr'>bominem</span> <span class='ocrx_word' id='word_1_21' title='bbox 1442 1070 1673 1135; x_wconf 78' lang='grc' dir='ltr'><strong><em>ιίίοιλοίττευτον</em></strong></span> <span class='ocrx_word' id='word_1_22' title='bbox 1696 1073 1870 1135; x_wconf 87' lang='lat' dir='ltr'>inventum</span> 
     </span>
     <span class='ocr_line' id='line_1_4' title="bbox 688 1174 1652 1261; baseline -0.001 -20"><span class='ocrx_word' id='word_1_23' title='bbox 688 1182 719 1241; x_wconf 93' lang='lat' dir='ltr'>et</span> <span class='ocrx_word' id='word_1_24' title='bbox 742 1174 846 1241; x_wconf 92' lang='lat' dir='ltr'>Ulixis</span> <span class='ocrx_word' id='word_1_25' title='bbox 869 1182 1023 1253; x_wconf 91' lang='lat' dir='ltr'>mortem,</span> <span class='ocrx_word' id='word_1_26' title='bbox 1046 1176 1250 1261; x_wconf 78' lang='lat' dir='ltr'>Eugammon</span> <span class='ocrx_word' id='word_1_27' title='bbox 1273 1175 1480 1261; x_wconf 78' lang='lat' dir='ltr'>Thesprotide</span> <span class='ocrx_word' id='word_1_28' title='bbox 1503 1176 1652 1261; x_wconf 88' lang='lat' dir='ltr'>explevit.</span> 
     </span>
    </p>

    <p class='ocr_par' dir='ltr' id='par_1_3' title="bbox 684 1280 1871 3380">
     <span class='ocr_line' id='line_1_5' title="bbox 735 1280 1869 1368; baseline 0.002 -23"><span class='ocrx_word' id='word_1_29' title='bbox 735 1280 794 1346; x_wconf 92' lang='lat' dir='ltr'>Ubi</span> <span class='ocrx_word' id='word_1_30' title='bbox 825 1284 928 1368; x_wconf 80' lang='lat' dir='ltr'>igitur</span> <span class='ocrx_word' id='word_1_31' title='bbox 957 1280 1067 1346; x_wconf 82' lang='lat' dir='ltr'>Ulixes</span> <span class='ocrx_word' id='word_1_32' title='bbox 1096 1282 1257 1346; x_wconf 91' lang='lat' dir='ltr'>homiuem</span> <span class='ocrx_word' id='word_1_33' title='bbox 1288 1280 1385 1345; x_wconf 91' lang='lat' dir='ltr'>illum</span> <span class='ocrx_word' id='word_1_34' title='bbox 1413 1282 1586 1346; x_wconf 87' lang='lat' dir='ltr'>seeundum</span> <span class='ocrx_word' id='word_1_35' title='bbox 1609 1282 1869 1367; x_wconf 81' lang='lat' dir='ltr'>Eugammonam</span> 
     </span>
     <span class='ocr_line' id='line_1_6' title="bbox 685 1384 1871 1471; baseline 0 -19"><span class='ocrx_word' id='word_1_36' title='bbox 685 1384 828 1452; x_wconf 84' lang='lat' dir='ltr'>invenit?</span> <span class='ocrx_word' id='word_1_37' title='bbox 859 1386 895 1451; x_wconf 93' lang='lat' dir='ltr'>ln</span> <span class='ocrx_word' id='word_1_38' title='bbox 924 1386 1032 1464; x_wconf 93' lang='lat' dir='ltr'>Elide,</span> <span class='ocrx_word' id='word_1_39' title='bbox 1062 1393 1099 1451; x_wconf 93' lang='lat' dir='ltr'>ut</span> <span class='ocrx_word' id='word_1_40' title='bbox 1122 1390 1227 1471; x_wconf 87' lang='lat' dir='ltr'>quivis</span> <span class='ocrx_word' id='word_1_41' title='bbox 1251 1386 1349 1453; x_wconf 89' lang='lat' dir='ltr'>videt.</span> <span class='ocrx_word' id='word_1_42' title='bbox 1378 1385 1467 1466; x_wconf 85' lang='lat' dir='ltr'>Quod</span> <span class='ocrx_word' id='word_1_43' title='bbox 1490 1394 1521 1452; x_wconf 91' lang='lat' dir='ltr'>et</span> <span class='ocrx_word' id='word_1_44' title='bbox 1544 1388 1602 1453; x_wconf 91' lang='lat' dir='ltr'>hoo</span> <span class='ocrx_word' id='word_1_45' title='bbox 1625 1388 1719 1452; x_wconf 92' lang='lat' dir='ltr'>modo</span> <span class='ocrx_word' id='word_1_46' title='bbox 1741 1387 1871 1453; x_wconf 93' lang='lat' dir='ltr'>demon·</span> 
     </span>
     <span class='ocr_line' id='line_1_7' title="bbox 685 1493 1871 1579; baseline 0.001 -20"><span class='ocrx_word' id='word_1_47' title='bbox 685 1496 779 1559; x_wconf 88' lang='lat' dir='ltr'>strari</span> <span class='ocrx_word' id='word_1_48' title='bbox 801 1499 922 1579; x_wconf 92' lang='lat' dir='ltr'>potest:</span> <span class='ocrx_word' id='word_1_49' title='bbox 950 1493 1058 1558; x_wconf 86' lang='lat' dir='ltr'>locum</span> <span class='ocrx_word' id='word_1_50' title='bbox 1088 1495 1163 1558; x_wconf 87' lang='lat' dir='ltr'>huie</span> <span class='ocrx_word' id='word_1_51' title='bbox 1194 1495 1333 1578; x_wconf 91' lang='lat' dir='ltr'>episodio</span> <span class='ocrx_word' id='word_1_52' title='bbox 1363 1494 1530 1578; x_wconf 79' lang='lat' dir='ltr'>praebebat</span> <span class='ocrx_word' id='word_1_53' title='bbox 1561 1493 1612 1559; x_wconf 89' lang='lat' dir='ltr'>vel</span> <span class='ocrx_word' id='word_1_54' title='bbox 1644 1494 1715 1559; x_wconf 92' lang='lat' dir='ltr'>finis</span> <span class='ocrx_word' id='word_1_55' title='bbox 1741 1496 1871 1560; x_wconf 87' lang='lat' dir='ltr'>itineris</span> 
     </span>
     <span class='ocr_line' id='line_1_8' title="bbox 684 1596 1869 1684; baseline -0.002 -19"><span class='ocrx_word' id='word_1_56' title='bbox 684 1602 718 1665; x_wconf 93' lang='lat' dir='ltr'>in</span> <span class='ocrx_word' id='word_1_57' title='bbox 748 1599 874 1664; x_wconf 78' lang='lat' dir='ltr'><strong>Elidem</strong></span> <span class='ocrx_word' id='word_1_58' title='bbox 907 1596 958 1664; x_wconf 86' lang='lat' dir='ltr'>vel</span> <span class='ocrx_word' id='word_1_59' title='bbox 987 1598 1058 1663; x_wconf 92' lang='lat' dir='ltr'>finis</span> <span class='ocrx_word' id='word_1_60' title='bbox 1082 1599 1292 1684; x_wconf 72' lang='lat' dir='ltr'>expeditionis</span> <span class='ocrx_word' id='word_1_61' title='bbox 1315 1602 1348 1664; x_wconf 92' lang='lat' dir='ltr'>in</span> <span class='ocrx_word' id='word_1_62' title='bbox 1372 1600 1517 1684; x_wconf 80' lang='lat' dir='ltr'>Epirum.</span> <span class='ocrx_word' id='word_1_63' title='bbox 1550 1600 1646 1664; x_wconf 87' lang='lat' dir='ltr'>Initio</span> <span class='ocrx_word' id='word_1_64' title='bbox 1671 1620 1744 1665; x_wconf 86' lang='lat' dir='ltr'>vero</span> <span class='ocrx_word' id='word_1_65' title='bbox 1770 1600 1869 1664; x_wconf 89' lang='lat' dir='ltr'>huius</span> 
     </span>
     <span class='ocr_line' id='line_1_9' title="bbox 686 1703 1869 1790; baseline 0 -19"><span class='ocrx_word' id='word_1_66' title='bbox 686 1705 895 1790; x_wconf 80' lang='lat' dir='ltr'>expeditionis</span> <span class='ocrx_word' id='word_1_67' title='bbox 930 1712 1041 1790; x_wconf 87' lang='lat' dir='ltr'>aptum</span> <span class='ocrx_word' id='word_1_68' title='bbox 1075 1727 1138 1770; x_wconf 89' lang='lat' dir='ltr'>non</span> <span class='ocrx_word' id='word_1_69' title='bbox 1173 1711 1256 1783; x_wconf 88' lang='lat' dir='ltr'>erat,</span> <span class='ocrx_word' id='word_1_70' title='bbox 1293 1727 1367 1771; x_wconf 86' lang='lat' dir='ltr'>uam</span> <span class='ocrx_word' id='word_1_71' title='bbox 1396 1706 1523 1770; x_wconf 91' lang='lat' dir='ltr'>homine</span> <span class='ocrx_word' id='word_1_72' title='bbox 1548 1704 1604 1770; x_wconf 93' lang='lat' dir='ltr'>illo</span> <span class='ocrx_word' id='word_1_73' title='bbox 1627 1708 1755 1771; x_wconf 84' lang='lat' dir='ltr'>invento</span> <span class='ocrx_word' id='word_1_74' title='bbox 1778 1703 1869 1771; x_wconf 88' lang='lat' dir='ltr'>Ulixi</span> 
     </span>
     <span class='ocr_line' id='line_1_10' title="bbox 684 1809 1870 1877; baseline 0 -2"><span class='ocrx_word' id='word_1_75' title='bbox 684 1813 787 1876; x_wconf 80' lang='lat' dir='ltr'>stetim</span> <span class='ocrx_word' id='word_1_76' title='bbox 815 1809 958 1876; x_wconf 82' lang='lat' dir='ltr'>Ithacam</span> <span class='ocrx_word' id='word_1_77' title='bbox 989 1817 1055 1876; x_wconf 86' lang='lat' dir='ltr'>erat</span> <span class='ocrx_word' id='word_1_78' title='bbox 1086 1811 1281 1876; x_wconf 90' lang='lat' dir='ltr'>redeundum</span> <span class='ocrx_word' id='word_1_79' title='bbox 1313 1818 1352 1876; x_wconf 90' lang='lat' dir='ltr'>ut</span> <span class='ocrx_word' id='word_1_80' title='bbox 1382 1811 1570 1877; x_wconf 81' lang='lat' dir='ltr'>sacrificaret</span> <span class='ocrx_word' id='word_1_81' title='bbox 1600 1813 1748 1877; x_wconf 89' lang='lat' dir='ltr'>omnibus</span> <span class='ocrx_word' id='word_1_82' title='bbox 1776 1811 1870 1877; x_wconf 86' lang='lat' dir='ltr'>oooli·</span> 
     </span>
     <span class='ocr_line' id='line_1_11' title="bbox 684 1915 1870 2003; baseline 0 -21"><span class='ocrx_word' id='word_1_83' title='bbox 684 1916 774 1994; x_wconf 87' lang='lat' dir='ltr'>oolia;</span> <span class='ocrx_word' id='word_1_84' title='bbox 799 1915 975 2001; x_wconf 84' lang='lat' dir='ltr'>permultos</span> <span class='ocrx_word' id='word_1_85' title='bbox 998 1922 1106 1982; x_wconf 88' lang='lat' dir='ltr'>autem</span> <span class='ocrx_word' id='word_1_86' title='bbox 1126 1937 1237 1995; x_wconf 89' lang='lat' dir='ltr'>annos,</span> <span class='ocrx_word' id='word_1_87' title='bbox 1259 1923 1297 1981; x_wconf 88' lang='lat' dir='ltr'>ut</span> <span class='ocrx_word' id='word_1_88' title='bbox 1316 1917 1448 1982; x_wconf 89' lang='lat' dir='ltr'>Proolns</span> <span class='ocrx_word' id='word_1_89' title='bbox 1468 1926 1589 1994; x_wconf 87' lang='lat' dir='ltr'>narrat,</span> <span class='ocrx_word' id='word_1_90' title='bbox 1608 1921 1642 1981; x_wconf 89' lang='lat' dir='ltr'>in</span> <span class='ocrx_word' id='word_1_91' title='bbox 1660 1917 1757 2002; x_wconf 80' lang='lat' dir='ltr'>Epiro</span> <span class='ocrx_word' id='word_1_92' title='bbox 1777 1917 1870 2003; x_wconf 82' lang='lat' dir='ltr'>dogit</span> 
     </span>
     <span class='ocr_line' id='line_1_12' title="bbox 684 2020 1869 2108; baseline 0.001 -21"><span class='ocrx_word' id='word_1_93' title='bbox 684 2024 785 2088; x_wconf 90' lang='lat' dir='ltr'>beros.</span> <span class='ocrx_word' id='word_1_94' title='bbox 821 2022 892 2087; x_wconf 86' lang='lat' dir='ltr'>Fini</span> <span class='ocrx_word' id='word_1_95' title='bbox 914 2025 1017 2108; x_wconf 82' lang='lat' dir='ltr'>igitur</span> <span class='ocrx_word' id='word_1_96' title='bbox 1039 2024 1163 2087; x_wconf 87' lang='lat' dir='ltr'>itineris</span> <span class='ocrx_word' id='word_1_97' title='bbox 1186 2020 1362 2106; x_wconf 78' lang='lat' dir='ltr'>Epirotici?</span> <span class='ocrx_word' id='word_1_98' title='bbox 1385 2023 1447 2088; x_wconf 79' lang='lat' dir='ltr'>Sed</span> <span class='ocrx_word' id='word_1_99' title='bbox 1470 2043 1570 2107; x_wconf 91' lang='lat' dir='ltr'>neque</span> <span class='ocrx_word' id='word_1_100' title='bbox 1593 2044 1610 2088; x_wconf 92' lang='lat' dir='ltr'>e</span> <span class='ocrx_word' id='word_1_101' title='bbox 1633 2022 1744 2088; x_wconf 86' lang='lat' dir='ltr'>Proolo</span> <span class='ocrx_word' id='word_1_102' title='bbox 1768 2022 1800 2087; x_wconf 94' lang='lat' dir='ltr'>id</span> <span class='ocrx_word' id='word_1_103' title='bbox 1827 2023 1869 2088; x_wconf 86' lang='lat' dir='ltr'>ef·</span> 
     </span>
     <span class='ocr_line' id='line_1_13' title="bbox 686 2127 1868 2215; baseline 0.001 -23"><span class='ocrx_word' id='word_1_104' title='bbox 686 2127 738 2192; x_wconf 91' lang='lat' dir='ltr'>fioi</span> <span class='ocrx_word' id='word_1_105' title='bbox 767 2133 872 2213; x_wconf 91' lang='lat' dir='ltr'>potest</span> <span class='ocrx_word' id='word_1_106' title='bbox 900 2148 1001 2213; x_wconf 89' lang='lat' dir='ltr'>neque</span> <span class='ocrx_word' id='word_1_107' title='bbox 1025 2127 1198 2192; x_wconf 86' lang='lat' dir='ltr'>verisimile</span> <span class='ocrx_word' id='word_1_108' title='bbox 1225 2129 1349 2193; x_wconf 84' lang='lat' dir='ltr'>videtur</span> <span class='ocrx_word' id='word_1_109' title='bbox 1372 2150 1482 2215; x_wconf 82' lang='lat' dir='ltr'>regem</span> <span class='ocrx_word' id='word_1_110' title='bbox 1505 2127 1682 2193; x_wconf 87' lang='lat' dir='ltr'>ventilabro</span> <span class='ocrx_word' id='word_1_111' title='bbox 1705 2134 1868 2193; x_wconf 88' lang='lat' dir='ltr'>armatum</span> 
     </span>
     <span class='ocr_line' id='line_1_14' title="bbox 685 2232 1868 2320; baseline 0 -21"><span class='ocrx_word' id='word_1_112' title='bbox 685 2255 821 2320; x_wconf 72' lang='lat' dir='ltr'>regnum</span> <span class='ocrx_word' id='word_1_113' title='bbox 840 2255 935 2298; x_wconf 93' lang='lat' dir='ltr'>suum</span> <span class='ocrx_word' id='word_1_114' title='bbox 954 2232 1169 2318; x_wconf 87' lang='lat' dir='ltr'>perlustrasse.</span> <span class='ocrx_word' id='word_1_115' title='bbox 1191 2232 1326 2312; x_wconf 81' lang='lat' dir='ltr'>Contra,</span> <span class='ocrx_word' id='word_1_116' title='bbox 1346 2237 1407 2299; x_wconf 90' lang='lat' dir='ltr'>nisi</span> <span class='ocrx_word' id='word_1_117' title='bbox 1426 2237 1459 2298; x_wconf 91' lang='lat' dir='ltr'>in</span> <span class='ocrx_word' id='word_1_118' title='bbox 1479 2233 1571 2300; x_wconf 91' lang='lat' dir='ltr'>Elide</span> <span class='ocrx_word' id='word_1_119' title='bbox 1590 2236 1754 2299; x_wconf 91' lang='lat' dir='ltr'>hominem</span> <span class='ocrx_word' id='word_1_120' title='bbox 1770 2232 1868 2299; x_wconf 93' lang='lat' dir='ltr'>illum</span> 
     </span>
     <span class='ocr_line' id='line_1_15' title="bbox 685 2339 1868 2425; baseline 0 -19"><span class='ocrx_word' id='word_1_121' title='bbox 685 2342 826 2416; x_wconf 87' lang='lat' dir='ltr'>invenit,</span> <span class='ocrx_word' id='word_1_122' title='bbox 851 2362 912 2405; x_wconf 92' lang='lat' dir='ltr'>non</span> <span class='ocrx_word' id='word_1_123' title='bbox 935 2339 1027 2405; x_wconf 85' lang='lat' dir='ltr'>video</span> <span class='ocrx_word' id='word_1_124' title='bbox 1050 2340 1207 2425; x_wconf 92' lang='lat' dir='ltr'>quomodo</span> <span class='ocrx_word' id='word_1_125' title='bbox 1231 2339 1335 2406; x_wconf 84' lang='lat' dir='ltr'>Procli</span> <span class='ocrx_word' id='word_1_126' title='bbox 1358 2341 1454 2406; x_wconf 84' lang='lat' dir='ltr'>verba</span> <span class='ocrx_word' id='word_1_127' title='bbox 1477 2340 1585 2406; x_wconf 80' lang='grc' dir='ltr'><strong><em>ἕτειτοο</em></strong></span> <span class='ocrx_word' id='word_1_128' title='bbox 1608 2343 1643 2420; x_wconf 89' lang='lat' dir='ltr'>(i.</span> <span class='ocrx_word' id='word_1_129' title='bbox 1656 2362 1683 2405; x_wconf 90' lang='lat' dir='ltr'>e.</span> <span class='ocrx_word' id='word_1_130' title='bbox 1703 2362 1741 2405; x_wconf 90' lang='lat' dir='ltr'>ex</span> <span class='ocrx_word' id='word_1_131' title='bbox 1761 2339 1868 2422; x_wconf 90' lang='lat' dir='ltr'>Elide)</span> 
     </span>
     <span class='ocr_line' id='line_1_16' title="bbox 686 2445 1871 2526; baseline 0.001 -15"><span class='ocrx_word' id='word_1_132' title='bbox 686 2446 728 2516; x_wconf 82' lang='grc' dir='ltr'><strong><em>είς</em></strong></span> <span class='ocrx_word' id='word_1_133' title='bbox 763 2446 881 2517; x_wconf 73' lang='lat' dir='ltr'>’liciano</span> <span class='ocrx_word' id='word_1_134' title='bbox 915 2445 1138 2516; x_wconf 70' lang='grc' dir='ltr'>καταπλεύσας</span> <span class='ocrx_word' id='word_1_135' title='bbox 1173 2448 1247 2518; x_wconf 78' lang='grc' dir='ltr'>τοὶς</span> <span class='ocrx_word' id='word_1_136' title='bbox 1281 2447 1338 2511; x_wconf 76' lang='grc' dir='ltr'>ὑπὸ</span> <span class='ocrx_word' id='word_1_137' title='bbox 1369 2449 1523 2524; x_wconf 71' lang='grc' dir='ltr'><strong><em>Τειρεσίου</em></strong></span> <span class='ocrx_word' id='word_1_138' title='bbox 1555 2447 1667 2526; x_wconf 84' lang='grc' dir='ltr'><strong><em>ῥιιίεί</em></strong></span> <span class='ocrx_word' id='word_1_139' title='bbox 1675 2470 1748 2518; x_wconf 82' lang='grc' dir='ltr'><strong><em>σοις</em></strong></span> <span class='ocrx_word' id='word_1_140' title='bbox 1780 2454 1871 2512; x_wconf 80' lang='grc' dir='ltr'><strong><em>τελεῖ</em></strong></span> 
     </span>
     <span class='ocr_line' id='line_1_17' title="bbox 688 2550 1866 2639; baseline 0.001 -23"><span class='ocrx_word' id='word_1_141' title='bbox 688 2554 791 2624; x_wconf 76' lang='grc' dir='ltr'><strong><em>ίυσίοις</em></strong></span> <span class='ocrx_word' id='word_1_142' title='bbox 812 2550 963 2637; x_wconf 82' lang='lat' dir='ltr'>explicari</span> <span class='ocrx_word' id='word_1_143' title='bbox 982 2554 1112 2636; x_wconf 86' lang='lat' dir='ltr'>possint.</span> <span class='ocrx_word' id='word_1_144' title='bbox 1134 2551 1235 2632; x_wconf 85' lang='lat' dir='ltr'>Quare</span> <span class='ocrx_word' id='word_1_145' title='bbox 1254 2553 1459 2617; x_wconf 87' lang='lat' dir='ltr'>statuendum</span> <span class='ocrx_word' id='word_1_146' title='bbox 1470 2552 1866 2639; x_wconf 82' lang='lat' dir='ltr'>rideturEngammonem</span> 
     </span>
     <span class='ocr_line' id='line_1_18' title="bbox 688 2655 1868 2744; baseline 0.001 -22"><span class='ocrx_word' id='word_1_147' title='bbox 688 2655 865 2742; x_wconf 92' lang='lat' dir='ltr'>episodium</span> <span class='ocrx_word' id='word_1_148' title='bbox 895 2655 976 2721; x_wconf 92' lang='lat' dir='ltr'>illud</span> <span class='ocrx_word' id='word_1_149' title='bbox 1005 2660 1038 2721; x_wconf 91' lang='lat' dir='ltr'>in</span> <span class='ocrx_word' id='word_1_150' title='bbox 1069 2656 1159 2722; x_wconf 91' lang='lat' dir='ltr'>Elide</span> <span class='ocrx_word' id='word_1_151' title='bbox 1190 2656 1369 2723; x_wconf 89' lang='lat' dir='ltr'>eollooasse.</span> <span class='ocrx_word' id='word_1_152' title='bbox 1403 2657 1485 2725; x_wconf 84' lang='lat' dir='ltr'>Uum</span> <span class='ocrx_word' id='word_1_153' title='bbox 1515 2679 1590 2723; x_wconf 82' lang='lat' dir='ltr'>vero</span> <span class='ocrx_word' id='word_1_154' title='bbox 1619 2656 1804 2744; x_wconf 78' lang='lat' dir='ltr'>Telegonia,</span> <span class='ocrx_word' id='word_1_155' title='bbox 1830 2665 1868 2723; x_wconf 92' lang='lat' dir='ltr'>nt</span> 
     </span>
     <span class='ocr_line' id='line_1_19' title="bbox 686 2762 1868 2849; baseline 0.001 -21"><span class='ocrx_word' id='word_1_156' title='bbox 686 2767 751 2829; x_wconf 90' lang='lat' dir='ltr'>iam</span> <span class='ocrx_word' id='word_1_157' title='bbox 783 2784 880 2848; x_wconf 87' lang='lat' dir='ltr'>supra</span> <span class='ocrx_word' id='word_1_158' title='bbox 902 2764 1043 2829; x_wconf 89' lang='lat' dir='ltr'>vidimus</span> <span class='ocrx_word' id='word_1_159' title='bbox 1066 2766 1200 2828; x_wconf 91' lang='lat' dir='ltr'>minime</span> <span class='ocrx_word' id='word_1_160' title='bbox 1222 2763 1395 2849; x_wconf 82' lang='lat' dir='ltr'>vulgatum</span> <span class='ocrx_word' id='word_1_161' title='bbox 1417 2767 1500 2829; x_wconf 89' lang='lat' dir='ltr'>inter</span> <span class='ocrx_word' id='word_1_162' title='bbox 1524 2762 1659 2829; x_wconf 85' lang='lat' dir='ltr'>Graecos</span> <span class='ocrx_word' id='word_1_163' title='bbox 1683 2765 1780 2829; x_wconf 77' lang='lat' dir='ltr'>inerit</span> <span class='ocrx_word' id='word_1_164' title='bbox 1803 2785 1868 2829; x_wconf 81' lang='lat' dir='ltr'>oar</span> 
     </span>
     <span class='ocr_line' id='line_1_20' title="bbox 688 2868 1865 2954; baseline 0 -20"><span class='ocrx_word' id='word_1_165' title='bbox 688 2890 779 2946; x_wconf 82' lang='lat' dir='ltr'>meu,</span> <span class='ocrx_word' id='word_1_166' title='bbox 811 2872 931 2933; x_wconf 88' lang='lat' dir='ltr'>mirum</span> <span class='ocrx_word' id='word_1_167' title='bbox 962 2890 1023 2933; x_wconf 90' lang='lat' dir='ltr'>non</span> <span class='ocrx_word' id='word_1_168' title='bbox 1047 2872 1181 2934; x_wconf 86' lang='lat' dir='ltr'>ostiam</span> <span class='ocrx_word' id='word_1_169' title='bbox 1207 2872 1354 2954; x_wconf 86' lang='lat' dir='ltr'>antiquos</span> <span class='ocrx_word' id='word_1_170' title='bbox 1377 2873 1511 2935; x_wconf 83' lang='lat' dir='ltr'>nescisse</span> <span class='ocrx_word' id='word_1_171' title='bbox 1534 2871 1664 2934; x_wconf 83' lang='lat' dir='ltr'>ubinam</span> <span class='ocrx_word' id='word_1_172' title='bbox 1689 2874 1741 2933; x_wconf 84' lang='grc' dir='ltr'>τοῦ</span> <span class='ocrx_word' id='word_1_173' title='bbox 1767 2868 1865 2935; x_wconf 69' lang='lat' dir='ltr'>litero</span> 
     </span>
     <span class='ocr_line' id='line_1_21' title="bbox 687 2975 1865 3062; baseline 0.002 -22"><span class='ocrx_word' id='word_1_174' title='bbox 687 2978 791 3062; x_wconf 86' lang='lat' dir='ltr'>patria</span> <span class='ocrx_word' id='word_1_175' title='bbox 813 2984 893 3041; x_wconf 87' lang='lat' dir='ltr'>esset</span> <span class='ocrx_word' id='word_1_176' title='bbox 917 2976 1101 3060; x_wconf 88' lang='lat' dir='ltr'>quaerenda.</span> <span class='ocrx_word' id='word_1_177' title='bbox 1126 2976 1304 3041; x_wconf 91' lang='lat' dir='ltr'>Homerum</span> <span class='ocrx_word' id='word_1_178' title='bbox 1327 2984 1437 3042; x_wconf 88' lang='lat' dir='ltr'>autem</span> <span class='ocrx_word' id='word_1_179' title='bbox 1459 2982 1577 3041; x_wconf 87' lang='lat' dir='ltr'>certam</span> <span class='ocrx_word' id='word_1_180' title='bbox 1601 2975 1739 3060; x_wconf 85' lang='lat' dir='ltr'>aliquam</span> <span class='ocrx_word' id='word_1_181' title='bbox 1764 2979 1865 3062; x_wconf 79' lang='lat' dir='ltr'>regio</span> 
     </span>
     <span class='ocr_line' id='line_1_22' title="bbox 687 3082 1867 3167; baseline -0.002 -19"><span class='ocrx_word' id='word_1_182' title='bbox 687 3105 761 3149; x_wconf 88' lang='lat' dir='ltr'>nem</span> <span class='ocrx_word' id='word_1_183' title='bbox 783 3086 818 3147; x_wconf 91' lang='lat' dir='ltr'>in</span> <span class='ocrx_word' id='word_1_184' title='bbox 840 3086 947 3147; x_wconf 91' lang='lat' dir='ltr'>animo</span> <span class='ocrx_word' id='word_1_185' title='bbox 971 3104 1054 3147; x_wconf 86' lang='lat' dir='ltr'>nuno</span> <span class='ocrx_word' id='word_1_186' title='bbox 1077 3083 1223 3147; x_wconf 90' lang='lat' dir='ltr'>habuisse</span> <span class='ocrx_word' id='word_1_187' title='bbox 1246 3085 1314 3147; x_wconf 87' lang='lat' dir='ltr'>veri</span> <span class='ocrx_word' id='word_1_188' title='bbox 1336 3082 1436 3148; x_wconf 92' lang='lat' dir='ltr'>nihilo</span> <span class='ocrx_word' id='word_1_189' title='bbox 1461 3082 1600 3147; x_wconf 88' lang='lat' dir='ltr'>similius</span> <span class='ocrx_word' id='word_1_190' title='bbox 1624 3082 1750 3148; x_wconf 87' lang='lat' dir='ltr'>videtur</span> <span class='ocrx_word' id='word_1_191' title='bbox 1769 3103 1867 3167; x_wconf 85' lang='lat' dir='ltr'>quam</span> 
     </span>
     <span class='ocr_line' id='line_1_23' title="bbox 687 3187 1868 3276; baseline 0 -23"><span class='ocrx_word' id='word_1_192' title='bbox 687 3191 721 3253; x_wconf 91' lang='lat' dir='ltr'>in</span> <span class='ocrx_word' id='word_1_193' title='bbox 751 3191 863 3254; x_wconf 85' lang='lat' dir='ltr'>ceteris</span> <span class='ocrx_word' id='word_1_194' title='bbox 894 3187 1002 3253; x_wconf 88' lang='lat' dir='ltr'>Iliadis</span> <span class='ocrx_word' id='word_1_195' title='bbox 1030 3187 1227 3275; x_wconf 83' lang='lat' dir='ltr'>Odysseaeve</span> <span class='ocrx_word' id='word_1_196' title='bbox 1250 3190 1410 3275; x_wconf 85' lang='lat' dir='ltr'>partibus,</span> <span class='ocrx_word' id='word_1_197' title='bbox 1435 3189 1491 3254; x_wconf 92' lang='lat' dir='ltr'>ubi</span> <span class='ocrx_word' id='word_1_198' title='bbox 1513 3194 1625 3276; x_wconf 79' lang='lat' dir='ltr'>gentes</span> <span class='ocrx_word' id='word_1_199' title='bbox 1648 3188 1868 3253; x_wconf 85' lang='lat' dir='ltr'>deseribuntur</span> 
     </span>
     <span class='ocr_line' id='line_1_24' title="bbox 686 3294 1125 3380; baseline 0 -20"><span class='ocrx_word' id='word_1_200' title='bbox 686 3295 879 3380; x_wconf 80' lang='lat' dir='ltr'>longinquae</span> <span class='ocrx_word' id='word_1_201' title='bbox 903 3301 934 3359; x_wconf 85' lang='lat' dir='ltr'>et</span> <span class='ocrx_word' id='word_1_202' title='bbox 957 3294 1125 3360; x_wconf 88' lang='lat' dir='ltr'>fabulosae.</span> 
     </span>
    </p>

    <p class='ocr_par' dir='ltr' id='par_1_4' title="bbox 688 3395 1867 3794">
     <span class='ocr_line' id='line_1_25' title="bbox 733 3395 1866 3488; baseline -0.001 -22"><span class='ocrx_word' id='word_1_203' title='bbox 733 3401 922 3466; x_wconf 87' lang='lat' dir='ltr'>Eustatbius</span> <span class='ocrx_word' id='word_1_204' title='bbox 951 3404 1054 3487; x_wconf 77' lang='lat' dir='ltr'>igitur</span> <span class='ocrx_word' id='word_1_205' title='bbox 1076 3402 1114 3465; x_wconf 90' lang='lat' dir='ltr'>ad</span> <span class='ocrx_word' id='word_1_206' title='bbox 1138 3399 1236 3466; x_wconf 75' lang='grc' dir='ltr'>λ122</span> <span class='ocrx_word' id='word_1_207' title='bbox 1250 3423 1315 3486; x_wconf 91' lang='lat' dir='ltr'>sqq.</span> <span class='ocrx_word' id='word_1_208' title='bbox 1340 3406 1447 3488; x_wconf 80' lang='lat' dir='ltr'>rogat:</span> <span class='ocrx_word' id='word_1_209' title='bbox 1480 3401 1558 3471; x_wconf 81' lang='grc' dir='ltr'><strong><em>τίνες</em></strong></span> <span class='ocrx_word' id='word_1_210' title='bbox 1581 3401 1607 3465; x_wconf 77' lang='grc' dir='ltr'>δ’</span> <span class='ocrx_word' id='word_1_211' title='bbox 1630 3398 1668 3465; x_wconf 66' lang='grc' dir='ltr'>ἂν</span> <span class='ocrx_word' id='word_1_212' title='bbox 1691 3395 1749 3465; x_wconf 85' lang='grc' dir='ltr'><strong><em>είει</em></strong></span> <span class='ocrx_word' id='word_1_213' title='bbox 1773 3402 1799 3465; x_wconf 83' lang='grc' dir='ltr'>οἱ</span> <span class='ocrx_word' id='word_1_214' title='bbox 1823 3402 1866 3477; x_wconf 69' lang='lat' dir='ltr'>ut</span> 
     </span>
     <span class='ocr_line' id='line_1_26' title="bbox 689 3504 1864 3587; baseline -0.001 -14"><span class='ocrx_word' id='word_1_215' title='bbox 689 3506 800 3578; x_wconf 72' lang='grc' dir='ltr'><strong><em>είδιίτες</em></strong></span> <span class='ocrx_word' id='word_1_216' title='bbox 826 3504 1015 3572; x_wconf 63' lang='lat' dir='ltr'>uuerden?</span> <span class='ocrx_word' id='word_1_217' title='bbox 1038 3512 1070 3572; x_wconf 89' lang='lat' dir='ltr'>et</span> <span class='ocrx_word' id='word_1_218' title='bbox 1093 3507 1197 3572; x_wconf 88' lang='lat' dir='ltr'>addit:</span> <span class='ocrx_word' id='word_1_219' title='bbox 1221 3509 1247 3571; x_wconf 84' lang='lat' dir='ltr'>oi</span> <span class='ocrx_word' id='word_1_220' title='bbox 1272 3507 1303 3573; x_wconf 75' lang='grc' dir='ltr'>δὲ</span> <span class='ocrx_word' id='word_1_221' title='bbox 1327 3507 1454 3572; x_wconf 61' lang='grc' dir='ltr'><strong><em>τουτοισί</em></strong></span> <span class='ocrx_word' id='word_1_222' title='bbox 1479 3506 1734 3587; x_wconf 69' lang='grc' dir='ltr'><strong><em>βαρβαροφώιουι</em></strong></span> <span class='ocrx_word' id='word_1_223' title='bbox 1754 3505 1864 3580; x_wconf 77' lang='grc' dir='ltr'><strong><em>τίτους</em></strong></span> 
     </span>
     <span class='ocr_line' id='line_1_27' title="bbox 688 3612 1867 3695; baseline -0.002 -16"><span class='ocrx_word' id='word_1_224' title='bbox 688 3612 792 3694; x_wconf 81' lang='lat' dir='ltr'>(MSS.</span> <span class='ocrx_word' id='word_1_225' title='bbox 824 3612 961 3695; x_wconf 72' lang='grc' dir='ltr'><strong><em>δοίτουι)</em></strong></span> <span class='ocrx_word' id='word_1_226' title='bbox 989 3614 1155 3691; x_wconf 81' lang='grc' dir='ltr'><strong><em>ίστοροῦσί,</em></strong></span> <span class='ocrx_word' id='word_1_227' title='bbox 1186 3614 1336 3690; x_wconf 81' lang='grc' dir='ltr'><strong><em>Βουοίμοιο</em></strong></span> <span class='ocrx_word' id='word_1_228' title='bbox 1369 3612 1512 3690; x_wconf 75' lang='grc' dir='ltr'><strong><em>λίροιτίς</em></strong></span> <span class='ocrx_word' id='word_1_229' title='bbox 1544 3638 1612 3678; x_wconf 86' lang='grc' dir='ltr'><strong><em>τιοοι</em></strong></span> <span class='ocrx_word' id='word_1_230' title='bbox 1633 3616 1649 3688; x_wconf 79' lang='grc' dir='ltr'><em>ἢ</em></span> <span class='ocrx_word' id='word_1_231' title='bbox 1674 3613 1813 3678; x_wconf 67' lang='lat' dir='ltr'>lisaniae</span> <span class='ocrx_word' id='word_1_232' title='bbox 1836 3614 1867 3677; x_wconf 84' lang='grc' dir='ltr'>ἐν</span> 
     </span>
     <span class='ocr_line' id='line_1_28' title="bbox 690 3715 1349 3794; baseline 0 -10"><span class='ocrx_word' id='word_1_233' title='bbox 690 3715 731 3791; x_wconf 83' lang='grc' dir='ltr'>οίς</span> <span class='ocrx_word' id='word_1_234' title='bbox 755 3718 922 3790; x_wconf 73' lang='grc' dir='ltr'><strong><em>Ὀδυσσεὺς</em></strong></span> <span class='ocrx_word' id='word_1_235' title='bbox 945 3719 997 3784; x_wconf 79' lang='grc' dir='ltr'>τὸυ</span> <span class='ocrx_word' id='word_1_236' title='bbox 1020 3720 1189 3784; x_wconf 74' lang='grc' dir='ltr'><strong><em>Ποσειδῶνα</em></strong></span> <span class='ocrx_word' id='word_1_237' title='bbox 1212 3720 1349 3794; x_wconf 80' lang='grc' dir='ltr'><strong><em>ἐτίριιρσε.</em></strong></span> 
     </span>
    </p>

    <p class='ocr_par' dir='ltr' id='par_1_5' title="bbox 687 3824 1865 4120">
     <span class='ocr_line' id='line_1_29' title="bbox 733 3824 1865 3912; baseline -0.001 -22"><span class='ocrx_word' id='word_1_238' title='bbox 733 3824 843 3911; x_wconf 81' lang='lat' dir='ltr'>Stepb.</span> <span class='ocrx_word' id='word_1_239' title='bbox 876 3826 953 3912; x_wconf 85' lang='lat' dir='ltr'>Byr.</span> <span class='ocrx_word' id='word_1_240' title='bbox 978 3847 1046 3890; x_wconf 90' lang='lat' dir='ltr'>s.v.</span> <span class='ocrx_word' id='word_1_241' title='bbox 1079 3826 1246 3902; x_wconf 76' lang='grc' dir='ltr'><strong><em>Βούιειμοιε</em></strong></span> <span class='ocrx_word' id='word_1_242' title='bbox 1272 3826 1359 3898; x_wconf 65' lang='grc' dir='ltr'><strong><em>τίεις</em></strong></span> <span class='ocrx_word' id='word_1_243' title='bbox 1385 3826 1524 3905; x_wconf 78' lang='grc' dir='ltr'><strong><em>Ἠπείρου</em></strong></span> <span class='ocrx_word' id='word_1_244' title='bbox 1549 3824 1722 3910; x_wconf 72' lang='grc' dir='ltr'><strong><em>οὐδετέρως,</em></strong></span> <span class='ocrx_word' id='word_1_245' title='bbox 1746 3826 1865 3904; x_wconf 69' lang='grc' dir='ltr'><strong><em>κτίσμα</em></strong></span> 
     </span>
     <span class='ocr_line' id='line_1_30' title="bbox 688 3929 1865 4010; baseline 0.001 -15"><span class='ocrx_word' id='word_1_246' title='bbox 688 3930 876 4009; x_wconf 74' lang='grc' dir='ltr'><strong><em>Ὀδυσσίυς,</em></strong></span> <span class='ocrx_word' id='word_1_247' title='bbox 909 3930 943 4005; x_wconf 79' lang='grc' dir='ltr'>ἣν</span> <span class='ocrx_word' id='word_1_248' title='bbox 973 3929 1073 3995; x_wconf 77' lang='grc' dir='ltr'><strong><em>ἔκτοσε</em></strong></span> <span class='ocrx_word' id='word_1_249' title='bbox 1096 3932 1223 4005; x_wconf 75' lang='grc' dir='ltr'><strong><em>πλησίον</em></strong></span> <span class='ocrx_word' id='word_1_250' title='bbox 1246 3932 1442 4010; x_wconf 81' lang='grc' dir='ltr'><strong><em>Τροιροτιίοις,</em></strong></span> <span class='ocrx_word' id='word_1_251' title='bbox 1466 3931 1572 4009; x_wconf 78' lang='grc' dir='ltr'><em>λαβὼν</em></span> <span class='ocrx_word' id='word_1_252' title='bbox 1596 3931 1744 4009; x_wconf 76' lang='grc' dir='ltr'><strong><em>χρησμόν,</em></strong></span> <span class='ocrx_word' id='word_1_253' title='bbox 1769 3931 1865 3997; x_wconf 76' lang='grc' dir='ltr'><strong><em>ἐλθεῖν</em></strong></span> 
     </span>
     <span class='ocr_line' id='line_1_31' title="bbox 687 4031 1865 4120; baseline 0.004 -21"><span class='ocrx_word' id='word_1_254' title='bbox 687 4038 758 4116; x_wconf 62' lang='lat' dir='ltr'>epte</span> <span class='ocrx_word' id='word_1_255' title='bbox 789 4036 899 4115; x_wconf 68' lang='grc' dir='ltr'><strong><em>ἄνδρες</em></strong></span> <span class='ocrx_word' id='word_1_256' title='bbox 929 4033 956 4101; x_wconf 83' lang='lat' dir='ltr'>ei</span> <span class='ocrx_word' id='word_1_257' title='bbox 986 4038 1039 4100; x_wconf 86' lang='grc' dir='ltr'>οὐκ</span> <span class='ocrx_word' id='word_1_258' title='bbox 1071 4035 1155 4100; x_wconf 85' lang='grc' dir='ltr'><strong><em>ίσοισι</em></strong></span> <span class='ocrx_word' id='word_1_259' title='bbox 1188 4036 1366 4101; x_wconf 75' lang='grc' dir='ltr'><strong><em>ίοίλοιστοιι·</em></strong></span> <span class='ocrx_word' id='word_1_260' title='bbox 1399 4036 1472 4112; x_wconf 82' lang='grc' dir='ltr'><strong><em>βοῦν</em></strong></span> <span class='ocrx_word' id='word_1_261' title='bbox 1505 4031 1552 4100; x_wconf 79' lang='grc' dir='ltr'>οὖν</span> <span class='ocrx_word' id='word_1_262' title='bbox 1577 4036 1688 4114; x_wconf 66' lang='lat' dir='ltr'>dioec,</span> <span class='ocrx_word' id='word_1_263' title='bbox 1714 4035 1865 4120; x_wconf 72' lang='lat' dir='ltr'>lxrses¹).</span> 
     </span>
    </p>

    <p class='ocr_par' dir='ltr' id='par_1_6' title="bbox 690 4141 1866 4437">
     <span class='ocr_line' id='line_1_32' title="bbox 734 4141 1866 4230; baseline 0.001 -22"><span class='ocrx_word' id='word_1_264' title='bbox 734 4142 860 4208; x_wconf 75' lang='lat' dir='ltr'>&#39;Ezetzes</span> <span class='ocrx_word' id='word_1_265' title='bbox 883 4144 922 4208; x_wconf 91' lang='lat' dir='ltr'>ad</span> <span class='ocrx_word' id='word_1_266' title='bbox 945 4143 1101 4230; x_wconf 87' lang='lat' dir='ltr'>Lycophr.</span> <span class='ocrx_word' id='word_1_267' title='bbox 1126 4142 1217 4208; x_wconf 88' lang='lat' dir='ltr'>Alex.</span> <span class='ocrx_word' id='word_1_268' title='bbox 1242 4164 1287 4208; x_wconf 88' lang='lat' dir='ltr'>vs.</span> <span class='ocrx_word' id='word_1_269' title='bbox 1309 4143 1391 4209; x_wconf 83' lang='lat'><strong>799:</strong></span> <span class='ocrx_word' id='word_1_270' title='bbox 1416 4142 1588 4222; x_wconf 82' lang='grc' dir='ltr'><strong><em>Τροίμτυιοι</em></strong></span> <span class='ocrx_word' id='word_1_271' title='bbox 1608 4141 1695 4213; x_wconf 78' lang='grc' dir='ltr'><strong><em>τίλιι</em></strong></span> <span class='ocrx_word' id='word_1_272' title='bbox 1713 4144 1866 4223; x_wconf 86' lang='grc' dir='ltr'><strong><em>Ὴτείριο,</em></strong></span> 
     </span>
     <span class='ocr_line' id='line_1_33' title="bbox 691 4248 1866 4331; baseline 0.001 -18"><span class='ocrx_word' id='word_1_273' title='bbox 691 4248 759 4313; x_wconf 81' lang='grc' dir='ltr'><strong><em>ἔιίοι</em></strong></span> <span class='ocrx_word' id='word_1_274' title='bbox 790 4249 872 4325; x_wconf 70' lang='grc' dir='ltr'><strong><em>μετὰ</em></strong></span> <span class='ocrx_word' id='word_1_275' title='bbox 905 4249 1008 4314; x_wconf 85' lang='grc' dir='ltr'><strong><em>ιίστοι</em></strong></span> <span class='ocrx_word' id='word_1_276' title='bbox 1039 4249 1204 4320; x_wconf 77' lang='grc' dir='ltr'><strong><em>Ὀδυσσεὺς</em></strong></span> <span class='ocrx_word' id='word_1_277' title='bbox 1236 4250 1372 4327; x_wconf 61' lang='lat' dir='ltr'>erasos,</span> <span class='ocrx_word' id='word_1_278' title='bbox 1405 4251 1484 4314; x_wconf 79' lang='grc' dir='ltr'><strong><em>ιιιιίοὶ</em></strong></span> <span class='ocrx_word' id='word_1_279' title='bbox 1515 4249 1566 4313; x_wconf 75' lang='lat' dir='ltr'>sal</span> <span class='ocrx_word' id='word_1_280' title='bbox 1589 4249 1725 4327; x_wconf 80' lang='grc' dir='ltr'><strong><em>Ὀροιρρος</em></strong></span> <span class='ocrx_word' id='word_1_281' title='bbox 1748 4249 1866 4331; x_wconf 72' lang='grc' dir='ltr'><strong><em>γράφει</em></strong></span> 
     </span>
     <span class='ocr_line' id='line_1_34' title="bbox 690 4354 1607 4437; baseline 0 -19"><span class='ocrx_word' id='word_1_282' title='bbox 690 4368 782 4420; x_wconf 83' lang='grc' dir='ltr'><strong><em>ιι.τ.λ.</em></strong></span> <span class='ocrx_word' id='word_1_283' title='bbox 808 4356 937 4432; x_wconf 82' lang='grc' dir='ltr'><strong><em>ίτιροῖοτο</em></strong></span> <span class='ocrx_word' id='word_1_284' title='bbox 963 4355 993 4420; x_wconf 76' lang='grc' dir='ltr'>δὲ</span> <span class='ocrx_word' id='word_1_285' title='bbox 1017 4356 1046 4419; x_wconf 84' lang='grc' dir='ltr'>ἐν</span> <span class='ocrx_word' id='word_1_286' title='bbox 1069 4365 1108 4436; x_wconf 69' lang='grc' dir='ltr'>τῇ</span> <span class='ocrx_word' id='word_1_287' title='bbox 1133 4357 1291 4437; x_wconf 73' lang='grc' dir='ltr'><strong><em>Τρομιιιίρ</em></strong></span> <span class='ocrx_word' id='word_1_288' title='bbox 1314 4355 1366 4421; x_wconf 85' lang='grc' dir='ltr'><strong><em>ιιοιί</em></strong></span> <span class='ocrx_word' id='word_1_289' title='bbox 1391 4357 1405 4421; x_wconf 86' lang='grc' dir='ltr'><strong><em>ί</em></strong></span> <span class='ocrx_word' id='word_1_290' title='bbox 1428 4354 1607 4428; x_wconf 77' lang='grc' dir='ltr'><strong><em>Ὀδυσσεύς.</em></strong></span> 
     </span>
    </p>

    <p class='ocr_par' dir='ltr' id='par_1_7' title="bbox 691 4453 1868 4756">
     <span class='ocr_line' id='line_1_35' title="bbox 736 4453 1868 4540; baseline 0.003 -17"><span class='ocrx_word' id='word_1_291' title='bbox 736 4458 878 4538; x_wconf 80' lang='lat' dir='ltr'>Pausi,</span> <span class='ocrx_word' id='word_1_292' title='bbox 904 4461 956 4539; x_wconf 83' lang='grc'>12,</span> <span class='ocrx_word' id='word_1_293' title='bbox 971 4459 1008 4525; x_wconf 88' lang='lat'>5:</span> <span class='ocrx_word' id='word_1_294' title='bbox 1043 4462 1223 4539; x_wconf 79' lang='grc' dir='ltr'><strong><em>Ἠπειρῶται</em></strong></span> <span class='ocrx_word' id='word_1_295' title='bbox 1232 4510 1241 4539; x_wconf 85' lang='grc'><em>,</em></span> <span class='ocrx_word' id='word_1_296' title='bbox 1272 4453 1299 4527; x_wconf 76' lang='lat' dir='ltr'>oi</span> <span class='ocrx_word' id='word_1_297' title='bbox 1322 4461 1398 4540; x_wconf 73' lang='grc' dir='ltr'>μηδὲ</span> <span class='ocrx_word' id='word_1_298' title='bbox 1423 4461 1554 4535; x_wconf 67' lang='lat' dir='ltr'>dandene</span> <span class='ocrx_word' id='word_1_299' title='bbox 1579 4461 1680 4538; x_wconf 83' lang='grc' dir='ltr'><strong><em>Ἰλίου,</em></strong></span> <span class='ocrx_word' id='word_1_300' title='bbox 1704 4460 1868 4527; x_wconf 65' lang='lat' dir='ltr'>litoreas</span> 
     </span>
     <span class='ocr_line' id='line_1_36' title="bbox 691 4564 1867 4649; baseline 0.002 -19"><span class='ocrx_word' id='word_1_301' title='bbox 691 4566 716 4630; x_wconf 94' lang='grc' dir='ltr'>οί</span> <span class='ocrx_word' id='word_1_302' title='bbox 741 4564 867 4642; x_wconf 76' lang='grc' dir='ltr'><strong><em>πολλοί,</em></strong></span> <span class='ocrx_word' id='word_1_303' title='bbox 891 4566 967 4641; x_wconf 72' lang='grc' dir='ltr'>μηδὲ</span> <span class='ocrx_word' id='word_1_304' title='bbox 992 4566 1082 4632; x_wconf 68' lang='lat' dir='ltr'>atreb</span> <span class='ocrx_word' id='word_1_305' title='bbox 1105 4566 1274 4641; x_wconf 73' lang='grc' dir='ltr'><strong><em>ἦτίστοιυτί</em></strong></span> <span class='ocrx_word' id='word_1_306' title='bbox 1298 4592 1345 4632; x_wconf 85' lang='grc' dir='ltr'>τοι</span> <span class='ocrx_word' id='word_1_307' title='bbox 1365 4567 1507 4649; x_wconf 76' lang='grc' dir='ltr'><strong><em>χρῆσίοοι.</em></strong></span> <span class='ocrx_word' id='word_1_308' title='bbox 1527 4576 1676 4646; x_wconf 77' lang='grc' dir='ltr'><strong><em>μαρτυρεῖ</em></strong></span> <span class='ocrx_word' id='word_1_309' title='bbox 1693 4565 1724 4631; x_wconf 69' lang='lat' dir='ltr'>di</span> <span class='ocrx_word' id='word_1_310' title='bbox 1743 4591 1794 4644; x_wconf 84' lang='grc' dir='ltr'>μοι</span> <span class='ocrx_word' id='word_1_311' title='bbox 1816 4569 1867 4635; x_wconf 72' lang='lat' dir='ltr'>sai</span> 
     </span>
     <span class='ocr_line' id='line_1_37' title="bbox 693 4667 1282 4756; baseline 0.008 -22"><span class='ocrx_word' id='word_1_312' title='bbox 693 4672 828 4747; x_wconf 79' lang='grc' dir='ltr'><strong><em>Ὀμιίρου</em></strong></span> <span class='ocrx_word' id='word_1_313' title='bbox 851 4667 921 4742; x_wconf 79' lang='grc' dir='ltr'><strong><em>ἔτος</em></strong></span> <span class='ocrx_word' id='word_1_314' title='bbox 947 4672 976 4734; x_wconf 86' lang='grc' dir='ltr'>ίι</span> <span class='ocrx_word' id='word_1_315' title='bbox 1001 4673 1167 4756; x_wconf 67' lang='grc' dir='ltr'><strong><em>Ὀδυσσείᾳ</em></strong></span> <span class='ocrx_word' id='word_1_316' title='bbox 1190 4688 1282 4740; x_wconf 61' lang='lat' dir='ltr'>anne.</span> 
     </span>
    </p>
   </div>
   <div class='ocr_carea' id='block_1_3' title="bbox 725 4921 1789 4988">
    <p class='ocr_par' dir='ltr' id='par_1_8' title="bbox 725 4921 1789 4988">
     <span class='ocr_line' id='line_1_38' title="bbox 725 4921 1789 4988; baseline 0.003 -20"><span class='ocrx_word' id='word_1_317' title='bbox 725 4922 749 4979; x_wconf 89' lang='lat' dir='ltr'>l)</span> <span class='ocrx_word' id='word_1_318' title='bbox 768 4922 882 4982; x_wconf 85' lang='lat' dir='ltr'>Bunima,</span> <span class='ocrx_word' id='word_1_319' title='bbox 902 4925 928 4971; x_wconf 88' lang='lat' dir='ltr'>ut</span> <span class='ocrx_word' id='word_1_320' title='bbox 945 4926 1024 4970; x_wconf 82' lang='lat' dir='ltr'>monet</span> <span class='ocrx_word' id='word_1_321' title='bbox 1045 4922 1148 4980; x_wconf 78' lang='lat' dir='ltr'>Wilauu,</span> <span class='ocrx_word' id='word_1_322' title='bbox 1166 4923 1275 4988; x_wconf 80' lang='lat' dir='ltr'>apparuit</span> <span class='ocrx_word' id='word_1_323' title='bbox 1293 4922 1318 4970; x_wconf 90' lang='lat' dir='ltr'>in</span> <span class='ocrx_word' id='word_1_324' title='bbox 1335 4921 1413 4987; x_wconf 80' lang='lat' dir='ltr'>lapids</span> <span class='ocrx_word' id='word_1_325' title='bbox 1430 4922 1558 4972; x_wconf 79' lang='lat' dir='ltr'>dodonaeo.</span> <span class='ocrx_word' id='word_1_326' title='bbox 1576 4921 1652 4972; x_wconf 77' lang='lat' dir='ltr'>Gener</span> <span class='ocrx_word' id='word_1_327' title='bbox 1668 4921 1714 4970; x_wconf 86' lang='lat' dir='ltr'>del.</span> <span class='ocrx_word' id='word_1_328' title='bbox 1732 4922 1789 4973; x_wconf 73' lang='lat'>247.</span> 
     </span>
    </p>
   </div>
   <div class='ocr_carea' id='block_1_4' title="bbox 0 0 2568 6150">
    <p class='ocr_par' dir='ltr' id='par_1_9' title="bbox 0 0 2568 6150">
     <span class='ocr_line' id='line_1_39' title="bbox 0 0 2568 6150; baseline 0 0"><span class='ocrx_word' id='word_1_329' title='bbox 0 0 2568 6150; x_wconf 95' lang='lat' dir='ltr'> </span> 
     </span>
    </p>
   </div>
  </div>
 </body>
</html>
