5125 6150
1112 809 1297 861 rrarrrros.
1728 796 1791 862 135

606 980 681 1046 Sine
705 979 811 1044 dubio.
836 976 909 1054 Nil,
934 975 1054 1053 hercle,
1079 982 1253 1061 superarat.
1278 975 1402 1041 Relicta
1424 979 1527 1062 igitur
1549 983 1616 1043 erat
1634 978 1674 1043 ab
1693 982 1793 1043 omni·

606 1087 675 1151 bus.
707 1085 790 1165 Quid
820 1085 914 1149 faciat
944 1083 1068 1168 Hegio,
1101 1085 1217 1148 sororis
1241 1103 1316 1148 suae
1341 1084 1457 1162 κύριος,
1482 1122 1524 1133 -
1547 1105 1622 1149 nam
1645 1091 1790 1170 parentes

607 1192 767 1258 Sostratae
797 1194 864 1255 sine
895 1190 991 1255 dubio
1022 1193 1089 1253 iam
1121 1193 1241 1255 mortui
1273 1196 1364 1266 sunt,
1398 1228 1440 1239 -
1471 1195 1603 1256 vocetne
1634 1199 1791 1276 agnatum

606 1302 746 1384 impium
776 1301 810 1362 in
839 1301 907 1374 ius,
940 1317 1035 1381 quem
1066 1304 1158 1382 cogat
1184 1299 1337 1361 miseram
1361 1297 1469 1361 orbam
1493 1296 1605 1362 ducere
1628 1295 1791 1377 invitum?

609 1405 756 1469 Officium
780 1406 905 1489 proprie
927 1403 1086 1467 archontis
1109 1405 1261 1488 eponymi
1284 1409 1317 1467 at
1335 1409 1495 1488 praeterea
1512 1405 1694 1489 ingratum,
1715 1425 1788 1469 cum

608 1510 818 1576 metuendum
842 1511 884 1573 sit
907 1528 946 1572 na
969 1513 1123 1594 agnatus,
1148 1511 1275 1572 etiamsi
1297 1511 1435 1574 inveniri
1458 1512 1574 1595 possit,
1598 1511 1789 1591 ἀγχιστείαν

607 1637 699 1681 snam
720 1615 839 1679 infitias
863 1619 931 1691 eat,
956 1614 1040 1698 quod
1064 1635 1125 1679 non
1148 1613 1275 1679 difficile
1299 1615 1397 1681 fuisse
1420 1616 1546 1681 videtur
1565 1619 1600 1680 in
1618 1618 1788 1684 Athenien·

607 1726 692 1788 sium
717 1720 887 1809 republica.

652 1828 780 1914 Itaque,
812 1848 923 1892 aureae
947 1826 1077 1913 regulae
1101 1828 1156 1904 „in
1179 1827 1286 1892 dubiis
1309 1829 1453 1893 abstine”
1477 1849 1609 1906 memor,
1633 1828 1679 1893 nil
1701 1828 1788 1895 facit.

652 1934 747 1999 Forte
779 1939 886 1998 autern
917 1933 1044 1997 fortuna
1074 1932 1252 1997 Aeschinus
1281 1932 1464 1999 adulescens
1494 1955 1609 2021 genere
1632 1934 1733 2001 divite
1757 1943 1790 2001 et

606 2039 705 2107 nobili
728 2039 870 2126 puellam
894 2042 1025 2105 vitiavit
1048 2047 1080 2103 et
1103 2038 1276 2104 ducturum
1300 2061 1332 2104 se
1356 2040 1531 2124 profitetur.

652 2147 757 2212 Bonus
792 2146 897 2230 Hegio
931 2166 1037 2210 amore
1070 2144 1128 2210 illo
1163 2148 1312 2230 quamvis
1345 2144 1459 2210 illicito
1492 2147 1629 2234 gaudet,
1661 2167 1789 2232 sparsus

606 2254 672 2319 fora
695 2261 732 2318 ut
755 2251 873 2317 Demea
896 2259 928 2316 et
951 2250 1067 2328 Micio,
1093 2254 1155 2317 viri
1177 2254 1212 2316 in
1232 2252 1309 2316 urbe
1329 2255 1569 2337 spectatissimi,
1589 2253 1641 2318 hic
1661 2261 1790 2340 propter

605 2359 831 2425 liberalitatem
849 2361 988 2443 ingenii,
1008 2356 1063 2422 illa
1075 2365 1203 2444 propter
1215 2361 1300 2424 vitae
1311 2362 1533 2446 integritatem
1545 2366 1577 2425 et
1589 2360 1788 2439 modestiam,

607 2488 641 2531 re
661 2472 836 2551 comperta,
856 2465 1050 2529 Aeschinum
1069 2462 1209 2549 puellam
1227 2464 1341 2530 ducere
1361 2472 1485 2552 cogant.
1505 2466 1590 2531 Haec
1610 2473 1658 2531 est
1678 2487 1788 2547 causa,

607 2574 642 2636 ni
673 2570 773 2648 fallor,
798 2592 854 2636 cur
882 2571 1042 2656 usquead
1066 2570 1169 2648 diam,
1192 2592 1254 2655 quo
1277 2575 1400 2657 rapitur
1422 2571 1572 2657 psaltria,
1597 2573 1789 2658 tranquillus

605 2700 714 2744 rerum
739 2685 891 2743 eventum
915 2684 1068 2763 expectat.

652 2785 762 2869 Neque
782 2785 898 2849 frustra
918 2785 994 2861 fuit,
1014 2789 1051 2847 ut
1070 2782 1192 2860 fabula,
1209 2804 1307 2868 quarn
1319 2806 1464 2850 enarrare
1476 2786 1674 2871 supersedeo,
1688 2786 1788 2852 docet.

653 2889 792 2970 Fabula,
817 2911 879 2975 qua
902 2890 1000 2954 Micio
1024 2888 1080 2970 (IV
1106 2890 1139 2967 5)
1164 2891 1358 2955 Aeschinum
1381 2889 1465 2955 ludit
1488 2891 1559 2958 ficto
1584 2896 1789 2959 matrimonio

607 2996 795 3084 Pamphilae
825 3018 899 3062 cum
930 2998 1074 3074 homine,
1099 2999 1154 3082 qui
1178 2999 1352 3083 patricius
1377 3018 1512 3084 „genere
1535 3002 1578 3063 sit
1601 2999 1787 3086 proximus’'

605 3108 721 3191 cuique
753 3104 861 3191 „leges
885 3111 1001 3190 cogant
1023 3105 1140 3169 nubere
1163 3102 1275 3180 hanc'',
1300 3109 1461 3189 spectatur
1483 3103 1695 3190 epiclerorum
1720 3129 1789 3173 con·

604 3212 688 3277 dicio
719 3218 750 3276 et
779 3215 830 3275 ius
860 3214 999 3297 proximi
1028 3213 1138 3296 agnati
1169 3212 1200 3274 in
1233 3207 1408 3295 epiclerum
1439 3211 1491 3276 vel
1514 3214 1611 3277 etiam
1634 3220 1786 3300 nuptam;

604 3318 691 3403 quod
723 3317 877 3382 Aeschino
912 3325 1018 3381 nostro
1052 3338 1114 3380 non
1144 3320 1211 3380 erat
1242 3316 1422 3381 timendum
1453 3320 1487 3381 in
1510 3338 1608 3383 uxore
1631 3319 1784 3386 indotata.

605 3424 726 3489 Totum
755 3427 940 3488 institutum
972 3425 1119 3508 quamvis
1149 3424 1319 3487 abhorrens
1349 3444 1367 3488 a
1395 3425 1538 3489 moribus
1570 3424 1788 3490 Romanorum

606 3529 774 3595 Terentius
795 3533 829 3594 in
852 3529 993 3594 fabulam
1016 3550 1108 3594 suam
1131 3551 1148 3594 6
1171 3531 1240 3593 1616
1260 3532 1357 3595 attico
1376 3529 1551 3595 transtulit.
1572 3530 1658 3596 Luce
1679 3539 1787 3597 autem

606 3638 723 3703 clarius
753 3644 801 3701 est
830 3637 1011 3723 Hegionem
1040 3640 1075 3700 in
1106 3635 1211 3701 fabula
1241 3636 1435 3702 Menandrea
1466 3636 1583 3702 Simuli
1614 3645 1787 3726 cognatum

605 3746 790 3829 proximum
809 3764 871 3808 non
891 3743 1002 3819 fuisse,
1024 3763 1098 3806 narn
1117 3744 1162 3806 sic
1182 3744 1249 3806 eius
1269 3742 1381 3807 fuisset
1401 3741 1520 3807 Simuli
1539 3742 1638 3809 filiam
1658 3744 1771 3810 ducere
1777 3766 1786 3825 ;
1861 3745 1864 3751 ’

606 3870 686 3935 quae
710 3870 758 3913 res
782 3855 888 3913 totum
911 3847 1036 3913 fabulas
1060 3855 1287 3935 argumentum
1312 3851 1489 3915 avertisset.

652 3957 746 4041 Apud
770 3955 956 4020 'Parentium
978 3975 1054 4020 vero
1083 3954 1188 4041 Hegio
1214 3962 1263 4020 est
1286 3960 1440 4042 cognatus
1463 3954 1653 4042 Pamphilae
1683 3956 1787 4037 (351),

607 4061 753 4141 „Simulo
777 4062 945 4126 summus’'
970 4061 1074 4143 (352),
1098 4061 1185 4126 solus
1204 4067 1357 4147 patronus
1376 4060 1535 4128 Sostratae
1555 4060 1658 4141 (456),
1678 4083 1790 4148 cogna-

605 4177 658 4235 tus
677 4167 795 4233 Simuli
815 4167 918 4248 (494),
939 4190 1094 4234 unacum
1115 4189 1151 4234 eo
1165 4169 1323 4234 'educatus
1343 4166 1446 4250 (495),
1467 4167 1658 4234 mulieribus
1677 4188 1791 4254 cogna-

604 4283 658 4340 tus
689 4278 854 4361 proximus
877 4273 986 4355 (947);
1020 4280 1181 4361 praeterea
1203 4275 1413 4340 moribundus
1434 4274 1579 4340 Simulus
1603 4276 1634 4339 ei
1658 4295 1789 4340 uxorem

605 4391 639 4449 et
658 4383 756 4447 filiam
776 4382 1012 4448 commendarit
1030 4380 1133 4463 (457).
1158 4381 1206 4447 Hx
1225 4383 1294 4461 his,
1314 4384 1349 4447 ni
1368 4381 1469 4459 fallor,
1488 4382 1608 4448 efficere
1620 4400 1789 4467 possumus

605 4490 787 4575 Hegionem
817 4492 1000 4574 proximum
1030 4510 1096 4554 essa
1125 4497 1280 4576 agnatum
1312 4488 1517 4575 Pamphilas;
1553 4492 1655 4554 oritur
1685 4490 1789 4574 igitur

604 4600 758 4683 quaestio,
783 4617 839 4660 cur
862 4595 1029 4661 Terentius
1051 4597 1090 4661 ab
1114 4594 1290 4681 exemplari
1313 4594 1433 4662 Graeco
1456 4595 1644 4660 discesserit.

650 4702 781 4779 Nascio;
807 4702 927 4767 -sed
960 4702 1028 4768 fieri
1059 4705 1181 4787 potuit,
1212 4708 1250 4766 ut
1280 4701 1447 4767 Terentius
1476 4709 1582 4785 partes
1609 4696 1788 4767 inGraeca
1875 4767 1876 4771 ,
1970 4713 1973 4722 ’

603 4809 710 4875 fabula
729 4811 768 4874 ab
791 4810 933 4895 HegIone
952 4817 1037 4874 actas
1056 4809 1137 4873 infra
1157 4809 1350 4895 dignitatem
1369 4805 1522 4872 avunculi
1541 4828 1608 4872 esse
1635 4815 1784 4875 censerat.

604 4916 671 4982 Nec
700 4920 767 4982 sine
797 4937 906 4994 causa;
939 4936 1013 4980 nam
1046 4922 1145 4980 mater
1172 4912 1262 4980 lenae
1293 4919 1520 5001 partesagens
1546 4913 1675 4981 -alio
1699 4917 1787 4981 enim
