5125 6150
1055 841 1098 887 mr
1120 841 1194 887 runs
1217 841 1356 889 aouruo.
1729 823 1793 888 329

603 1027 714 1071 revera
743 1005 923 1069 dominium
954 1008 999 1069 rei
1030 1005 1063 1069 id
1095 1005 1178 1089 quod
1201 1010 1346 1091 superest
1363 1007 1385 1086 ¹)
1409 1011 1480 1092 post
1505 1011 1610 1072 cetera
1633 1009 1741 1072 omnia
1763 1009 1797 1071 in

603 1132 640 1176 ea
671 1133 703 1175 re
732 1114 820 1188 iura;
850 1111 935 1195 quod
958 1133 1020 1175 non
1045 1114 1157 1197 magni
1180 1113 1277 1177 refert
1300 1115 1475 1189 invenisse,
1500 1113 1554 1178 sed
1578 1113 1675 1177 refert
1696 1113 1800 1178 obser

603 1238 696 1293 rare,
729 1237 826 1301 quam
850 1237 925 1281 suae
949 1220 1026 1282 artis
1049 1216 1142 1282 valde
1164 1220 1309 1303 imperiti
1332 1220 1413 1296 sint,
1439 1221 1494 1303 qui
1518 1239 1557 1283 ne
1580 1218 1640 1283 hoo
1663 1217 1794 1303 quidem

602 1326 746 1388 invenire
770 1329 945 1407 potuerunt
958 1323 993 1403 ²).
1019 1325 1207 1388 Abutuntur
1226 1330 1335 1389 autem
1354 1322 1406 1388 illi
1425 1323 1504 1388 falsa
1523 1322 1582 1389 illa
1601 1322 1793 1401 definitione,

604 1437 639 1495 ut
672 1430 890 1494 demonstrent
920 1429 1050 1495 domino
1080 1433 1114 1493 in
1146 1451 1180 1495 re
1213 1451 1271 1495 sua
1302 1429 1354 1495 vel
1377 1433 1495 1516 pignus
1520 1428 1572 1495 vel
1595 1428 1682 1494 aliud
1704 1428 1795 1510 ius³)

600 1542 780 1620 competere
812 1558 873 1601 non
905 1557 1012 1620 posse,
1046 1557 1143 1621 quem
1175 1557 1316 1602 errorem
1347 1538 1476 1621 proprio
1509 1534 1667 1621 capitulo,
1690 1535 1724 1600 id
1748 1541 1797 1600 est

601 1641 659 1719 IX,
692 1642 831 1706 refutare
859 1644 964 1706 conati
987 1663 1118 1719 sumus,
1143 1662 1340 1727 quamquam
1364 1664 1426 1707 non
1450 1663 1523 1706 sum
1547 1643 1671 1706 nescius
1692 1644 1797 1706 iustae

600 1747 817 1832 indignationi
848 1768 938 1832 pares
969 1748 1068 1813 fuisse
1093 1749 1178 1812 vires
1200 1747 1290 1814 nullo
1314 1748 1421 1813 modo.
1444 1747 1519 1813 Ideo
1543 1752 1651 1812 autem
1674 1747 1797 1812 domiui

601 1854 733 1916 interest
756 1873 831 1917 suae
855 1856 900 1918 rei
924 1856 1042 1939 pignus
1065 1853 1201 1931 habere,
1225 1857 1301 1939 quia
1325 1852 1469 1937 alioquin
1493 1855 1605 1919 ceteris
1628 1855 1796 1930 omnibus,

602 1958 718 2042 quibus
752 1960 786 2021 in
822 1978 857 2022 ea
889 1979 921 2022 re
953 1961 1004 2022 ius
1035 1961 1095 2036 sit,
1126 1959 1258 2024 inferior
1290 1959 1420 2023 futurus
1452 1965 1517 2037 est;
1549 1964 1599 2024 est
1621 1961 1709 2024 enirn
1733 1980 1796 2023 non

603 2084 732 2127 summa
763 2070 903 2147 potestas
927 2064 1064 2141 domini,
1088 2065 1143 2128 sed
1167 2064 1277 2129 infima
1290 2064 1326 2144 ⁴).
1351 2064 1566 2144 Quamobrem
1590 2067 1646 2149 qui
1669 2064 1798 2130 domiuo

602 2170 755 2234 adversus
787 2190 856 2251 eos,
888 2173 943 2253 qui
966 2176 1040 2234 ante
1063 2173 1192 2256 pignori
1215 2177 1420 2256 acceperuut,
1445 2170 1530 2255 quod
1553 2190 1794 2255 nonnumquam

602 2282 649 2341 est
674 2274 926 2351 admittendum,
951 2274 1135 2340 consultum
1160 2275 1274 2341 volunt
1297 2296 1354 2341 nec
1377 2276 1497 2342 audent
1520 2279 1549 2341 ei
1573 2296 1611 2341 ex
1630 2294 1725 2341 causa
1743 2278 1794 2339 ius

601 2383 748 2464 pignoris
777 2380 964 2466 adsignare,
990 2402 1029 2445 ne
1053 2380 1244 2446 reclametur
1267 2402 1286 2446 a
1310 2381 1500 2458 dialecticis,
1525 2384 1555 2446 ei
1578 2380 1670 2446 facile
1692 2379 1796 2446 solent

601 2507 637 2549 eo
669 2479 791 2562 delabi,
824 2493 862 2549 ut
893 2488 1039 2571 pignoris
1070 2489 1323 2572 persecutionem
1349 2490 1479 2552 omnino
1502 2487 1698 2573 denegent⁵)
1720 2507 1794 2550 curn

602 2591 719 2656 damno
764 2591 977 2669 creditorum,
1016 2613 1117 2676 quum
1156 2592 1292 2658 sufficiat
1326 2595 1445 2679 pignus
1478 2592 1606 2657 domiuo
1642 2592 1710 2656 deri
1743 2590 1796 2656 vel

603 2692 791 2761 conservari.
829 2696 938 2761 Veluti
972 2718 1074 2782 quum
1109 2718 1220 2764 servus
1253 2719 1367 2787 noxae⁴
1387 2698 1480 2763 datus
1515 2697 1568 2762 rel
1603 2697 1719 2762 ductus
1754 2700 1796 2762 sit

604 2802 739 2866 sedesve
773 2823 935 2887 possessae
970 2824 986 2867 e
1022 2803 1158 2869 secundo
1192 2804 1335 2881 decreto,
1371 2807 1446 2869 novi
1477 2802 1638 2883 dominil)
1668 2809 1798 2888 propter

606 2908 762 2972 damnum
799 2908 850 2973 vel
881 2915 1011 2994 propter
1046 2910 1194 2991 impensae
1226 2933 1300 2995 qaae
1331 2910 1365 2973 ia
1394 2911 1584 2996 refectionem
1612 2909 1757 2992 feraria)
1773 2907 1798 2989 τ)

603 3035 697 3080 causa
720 3017 838 3081 iustior
858 3021 906 3080 est
925 3034 1022 3100 quam
1044 3021 1190 3081 veterum
1211 3016 1424 3093 creditorum,
1444 3016 1651 3102 quamobrem
1671 3018 1797 3100 oportet

601 3143 677 3184 eum
709 3121 858 3186 creditori
889 3119 941 3186 vel
973 3122 1211 3186 usufructuario
1242 3121 1382 3200 veteri⁸)
1413 3124 1504 3207 quasi
1535 3124 1626 3187 taciti
1650 3122 1795 3208 pignoris

601 3230 724 3291 ratione
764 3229 914 3313 praeponi
949 3226 1052 3306 (31119)
1081 3228 1239 3309 possidere
1273 3235 1302 3291 et
1337 3232 1525 3310 (usa)oopcre
1558 3227 1587 3291 ci
1615 3227 1793 3309 permissam

636 3471 663 3532 1)
687 3469 771 3532 ltaque
795 3484 868 3531 quum
892 3468 954 3516 nihil
975 3470 1082 3532 superest
1098 3470 1194 3531 praeter
1212 3482 1297 3516 nomen
1315 3467 1420 3525 domini,
1438 3483 1486 3516 uon
1505 3471 1540 3516 est
1557 3468 1702 3527 dominium,
1719 3468 1795 3519 veluti

600 3552 708 3598 detracto
733 3551 857 3599 usufructu
876 3565 936 3613 quae
953 3549 1042 3598 dicitur
1058 3551 1123 3597 auda
1137 3550 1270 3612 proprietas
1287 3549 1383 3599 interior
1402 3550 1535 3613 proprietas
1553 3566 1600 3599 nou
1619 3554 1654 3599 est
1670 3552 1709 3611 (oi.
1727 3553 1795 3601 (iret.

600 3630 722 3695 Ialeids'rsp
742 3633 766 3680 ll
785 3633 816 3680 88
835 3634 885 3693 18).
906 3633 1018 3680 Cetcrnm
1037 3648 1083 3680 nou
1101 3646 1194 3696 semper
1211 3635 1310 3696 propter
1328 3633 1503 3681 usumfructum
1519 3633 1653 3698 proprietas
1669 3635 1717 3683 erit
1734 3636 1797 3683 nuda

602 3714 668 3775 (Gai.
688 3713 713 3760 ll
732 3714 805 3774 181).

636 3797 664 3858 8)
685 3795 808 3843 Dialectici
826 3794 1001 3856 intelligantur.

635 3880 662 3940 3)
682 3877 769 3925 Nescio
787 3892 829 3924 our
847 3876 872 3924 in
888 3876 1012 3925 usufructu
1027 3876 1118 3941 placent
1136 3876 1243 3940 aequitas
1260 3875 1403 3925 Bernhardo
1413 3876 1565 3927 Wiudsebeid
1574 3879 1659 3939 (1881)
1669 3882 1680 3939 1
1690 3879 1766 3928 226a¹
1776 3882 1797 3935 ’,

636 3961 664 4022 4)
682 3960 804 4007 Summam
827 3974 876 4007 esse
899 3962 1040 4023 potestatem
1065 3959 1155 4007 domini
1177 3958 1254 4007 credit
1270 3957 1342 4016 isira,
1361 3966 1417 4008 rb'm.
1436 3960 1692 4025 Recdtmtreuschast
1708 3962 1798 4024 (1888)

601 4058 624 4106 p.
643 4040 721 4090 178²:
742 4040 808 4088 aeine
825 4039 911 4088 herm
929 4040 1020 4088 Gercalt
1035 4040 1090 4088 siber
1106 4040 1145 4088 die
1161 4040 1238 4088 Sacis
1252 4041 1290 4088 als
1306 4040 1346 4089 die
1361 4041 1436 4089 durch
1453 4042 1497 4089 das
1513 4040 1654 4103 dicentium
1669 4042 1798 4093 serliedese

599 4123 653 4186 aar
670 4139 695 4171 es
712 4120 805 4170 nicif’.

636 4206 663 4268 5)
683 4206 778 4253 Novum
796 4207 831 4252 est
849 4202 983 4267 exemplum
1001 4205 1063 4268 apud
1081 4204 1157 4268 ipsum
1177 4203 1353 4263 lastinianum,
1370 4205 1433 4252 Nor.
1453 4205 1500 4252 188
1517 4220 1535 4252 c.
1555 4206 1569 4252 3
1588 4203 1658 4265 (ii),
1676 4206 1795 4255 recentius

601 4288 673 4334 etiarn
693 4287 755 4350 apud
773 4285 904 4333 Henrioum
926 4284 1050 4348 Deruburg
1068 4287 1175 4351 Psaudr.
1193 4286 1218 4334 II
1236 4302 1251 4350 p
1276 4286 1334 4334 245.

636 4366 1755 4431 (112111).29;1.26161),1.1;11111112181111111311.

637 4452 664 4513 7)
685 4451 710 4498 L.
729 4451 814 4510 4411
835 4451 862 4496 1).
882 4450 955 4497 3112.
975 4450 1010 4497 Cf.
1029 4450 1044 4499 l.
1064 4450 1314 4512 18181,184(ο(1.

636 4534 664 4595 8)
682 4533 758 4580 Novis
781 4530 953 4587 oreditoribus,
976 4530 1000 4579 id
1023 4541 1072 4590 est,
1089 4531 1175 4594 quibus
1191 4531 1240 4595 ipss
1259 4546 1309 4579 rem
1327 4529 1483 4593 obligaverit,
1500 4532 1680 4595 praeponendus
1697 4548 1743 4580 non
1761 4535 1797 4581 cst

600 4616 657 4678 quia
681 4614 745 4662 omni
770 4612 878 4677 pignoris
900 4613 1052 4661 conventioni
1075 4612 1154 4661 solida
1178 4629 1214 4662 res
1231 4614 1306 4661 inesse
1323 4612 1417 4661 ridetur
1434 4612 1458 4673 (1.
1478 4613 1508 4659 lo
1526 4615 1562 4674 12
1582 4615 1709 4675 118111).
1734 4614 1798 4678 llrgo

598 4698 618 4745 si
643 4705 789 4744 concurrunt
811 4698 903 4742 veteres
920 4697 944 4741 et
962 4694 1018 4742 novi
1037 4695 1180 4753 creditores,
1198 4696 1335 4759 portionem
1353 4694 1443 4743 domiui
1461 4695 1557 4744 auferre
1573 4694 1659 4743 debent
1676 4695 1730 4744 novi
1747 4712 1798 4745 ere·

600 4778 704 4834 ditores,
723 4776 747 4824 in
765 4793 793 4825 eo
809 4776 873 4839 quod
891 4776 945 4840 plus
961 4780 997 4824 est
1014 4780 1106 4825 veteres
1124 4776 1229 4841 potiores
1246 4791 1304 4823 esse.

639 4860 666 4922 9)
690 4858 803 4921 legitur:
828 4858 863 4916 si,
883 4858 946 4920 quod
966 4858 1133 4919 corrigendum
1151 4858 1212 4915 init,
1229 4857 1285 4919 qnia
1303 4872 1330 4905 ex
1349 4857 1427 4921 primo
1444 4859 1539 4907 decreto
1556 4858 1607 4907 siue
1624 4857 1695 4907 dnbio
1713 4858 1798 4924 pignus

601 4940 723 5003 competit.
