5125 6150
800 813 865 878 364
1225 829 1340 875 rnnunr
1362 826 1534 875 nonnunus.

839 997 899 1062 His
930 1004 1039 1063 autem
1066 998 1306 1072 controversiis,
1332 1015 1409 1080 quas
1432 994 1616 1079 plenissime
1637 996 1785 1078 exposuit
1807 994 1980 1080 Langenus

793 1105 1000 1191 probavitque
1030 1102 1143 1167 deinde
1173 1101 1254 1178 Leo,
1287 1100 1466 1166 adiciendae
1495 1108 1571 1165 suut
1600 1098 1785 1176 nonnullae,
1815 1120 1892 1184 quas
1916 1103 1983 1165 viri

794 1215 878 1278 docti
897 1211 999 1275 adhuc
1018 1209 1310 1295 praeterviderunt,
1330 1211 1451 1295 positae
1471 1211 1504 1272 in
1517 1228 1721 1293 personarum
1734 1207 1980 1271 characteribus.

839 1320 934 1384 Recte
955 1317 1033 1382 olim
1054 1319 1099 1380 sic
1118 1318 1245 1400 scripsit
1265 1314 1552 1379 Reinhardtus
1571 1317 1605 1378 in
1624 1313 1837 1379 Studemundi
1854 1312 1983 1377 Studiis

793 1446 821 1490 a.
848 1423 935 1490 1872
960 1446 989 1508 p.
1017 1422 1098 1487 108:
1126 1423 1228 1500 „duae
1253 1424 1383 1487 omnino
1406 1424 1478 1486 viae
1500 1422 1777 1486 contaminationis
1801 1421 1983 1506 probandae

795 1536 943 1615 „patent3
975 1534 1032 1594 aut
1062 1532 1148 1593 enim
1178 1549 1385 1613 personarum
1416 1527 1631 1592 condicionem
1662 1527 1715 1593 vel
1745 1530 1913 1614 ingenium
1945 1530 1983 1592 in

796 1637 951 1716 ,diversis
982 1634 1107 1701 fabulae
1135 1636 1278 1720 partibus
1303 1634 1427 1699 diversa
1450 1640 1596 1699 essesut
1620 1641 1848 1721 argumentum
1871 1634 1984 1700 subito

796 1747 1030 1827 „interruptum
1062 1741 1186 1826 aliaque
1217 1743 1352 1818 ratione,
1378 1750 1472 1825 atque
1496 1761 1557 1825 qua
1580 1743 1673 1806 initio
1696 1743 1895 1826 propositum
1920 1744 1982 1819 sit,

796 1853 1038 1929 „continuatum
1063 1870 1129 1913 esse
1154 1847 1329 1913 docendum
1353 1848 1432 1913 cst”.

838 1957 880 2021 Pht
910 1954 965 2020 ille
996 1962 1029 2021 et
1059 1953 1193 2039 reliqui,
1224 1957 1277 2039 qui
1304 1955 1342 2019 de
1365 1953 1506 2018 Poenulo
1530 1961 1622 2019 antea
1646 1958 1857 2040 seripserunt,
1881 1957 1984 2020 huius

794 2061 917 2127 fabulae
945 2063 1245 2127 contaminationem
1277 2061 1449 2145 probarunt
1479 2064 1618 2127 maxime
1648 2062 1739 2139 inde,
1771 2061 1855 2147 quod
1884 2064 1918 2126 in
1943 2084 1982 2129 ea

796 2169 952 2247 „duorum
984 2167 1164 2232 fabularum
1196 2174 1387 2254 argumenta
1411 2167 1585 2233 discernere
1610 2167 1694 2233 haud
1717 2168 1844 2234 difficile
1868 2170 1937 2235 est'’
1955 2169 1983 2251 1)

751 2301 753 2304 ·
795 2282 827 2341 et
850 2275 1044 2340 characteres
1065 2295 1270 2359 personarum
1291 2280 1348 2339 aut
1366 2273 1575 2360 neglexerunt
1594 2282 1648 2340 aui
1668 2286 1797 2362 propter
1815 2283 1983 2341 externam

795 2381 953 2468 quandam
977 2402 1087 2446 eorum
1111 2379 1355 2445 similitudinem
1380 2403 1435 2466 per
1457 2386 1558 2447 totam
1578 2380 1719 2446 fabulam
1743 2389 1886 2447 contra
1911 2404 1984 2448 eon·

796 2490 1014 2554 taminationis
1038 2489 1157 2552 crimen
1180 2490 1215 2551 in
1238 2509 1368 2552 censum
1392 2494 1554 2552 vocarunt.
1578 2488 1646 2553 Hos
1668 2488 1836 2574 Langenns
1858 2493 1984 2574 optime

797 2596 978 2682 redarguit,
1010 2594 1064 2659 sed
1095 2616 1157 2659 uon
1188 2599 1294 2660 tauron
1326 2598 1432 2660 omnia
1457 2616 1536 2679 quae
1559 2595 1638 2661 hano
1660 2617 1729 2660 rem
1752 2598 1888 2660 attinent
1910 2618 1983 2681 per-

797 2708 924 2767 secutus
959 2709 1023 2779 est,
1058 2721 1132 2765 nam
1164 2707 1195 2766 et
1226 2704 1336 2766 omisit
1364 2701 1560 2786 reliquarum
1590 2723 1795 2788 personarum
1820 2725 1922 2769 mores
1947 2707 1983 2768 in

797 2817 930 2893 utraque
962 2807 1139 2872 comoediae
1170 2813 1258 2892 parte
1289 2811 1460 2874 contrarias
1491 2815 1522 2872 et
1554 2809 1591 2873 de
1622 2830 1765 2874 sororum
1796 2809 1983 2875 diversitate

796 2937 858 2980 non
891 2917 1019 2979 omniuo
1051 2920 1146 2993 recte,
1163 2915 1327 2979 iudicavit.
1353 2914 1459 3001 Igitur
1483 2937 1562 3000 quae
1584 2914 1639 2980 ille
1663 2915 1839 3002 disputavit
1861 2919 1982 3001 partim

797 3024 954 3108 corrigere
979 3023 1097 3106 partim
1121 3020 1267 3107 supplere
1291 3022 1434 3087 conabor.

842 3127 895 3193 Dc
917 3129 1142 3192 sororibus.
1172 3128 1207 3192 In
1227 3129 1277 3193 his
1297 3134 1421 3214 praeter
1440 3128 1657 3193 diversitatem
1677 3150 1774 3213 qnam
1797 3132 1983 3195 notavimus

796 3240 828 3299 in
860 3235 1041 3300 condicione
1072 3235 1171 3299 natali
1202 3243 1234 3299 et
1264 3237 1460 3311 meretricia,
1487 3233 1550 3298 alia
1574 3241 1622 3299 est
1644 3257 1706 3299 non
1730 3239 1836 3300 minus
1859 3239 1981 3322 gravis.

798 3341 984 3407 Cavendum
1009 3348 1057 3406 est
1080 3363 1119 3405 ne
1143 3344 1176 3404 in
1200 3362 1339 3406 errorem
1362 3363 1417 3405 nos
1437 3340 1605 3417 inducant,
1626 3361 1705 3425 quae
1723 3340 1877 3427 leguntur
1896 3342 1981 3427 apud

797 3447 985 3533 Langenum
1011 3471 1040 3533 p.
1069 3447 1149 3511 182:
1185 3447 1263 3521 „Die
1292 3447 1402 3511 beiden
1425 3445 1695 3531 Schwesterpaare
1719 3447 1819 3512 haben
1842 3469 1902 3511 nur
1925 3450 1981 3513 das

800 3557 882 3630 „mit
918 3554 1065 3618 einander
1096 3557 1241 3639 gaurein,
1278 3553 1348 3617 dass
1385 3552 1435 3617 die
1470 3559 1585 3618 erstere
1621 3551 1859 3637 (Adelphasion)
1890 3557 1982 3619 einen

799 3660 944 3737 „edleren
981 3658 1157 3725 Oharokter
1187 3660 1242 3724 hat
1274 3659 1338 3723 und
1371 3659 1460 3723 mehr
1491 3656 1637 3726 Gewicht
1667 3660 1725 3723 aus
1752 3658 1895 3745 Voraiige
1927 3660 1982 3726 des

800 3764 947 3843 „Geiates
974 3766 1042 3850 legt
1065 3765 1112 3830 als
1136 3766 1193 3830 auf
1212 3771 1338 3830 iussere
1362 3765 1542 3841 Beiwerlre,
1568 3766 1734 3830 besonders
1758 3765 1982 3851 Kleiderputa,

799 3894 860 3952 „an
886 3871 1037 3937 walchem
1062 3873 1203 3959 dagegen
1228 3873 1278 3937 die
1301 3872 1418 3937 Zweite
1442 3873 1634 3937 besonderen
1658 3871 1801 3938 Gefallen
1824 3873 1911 3938 hat’'.

844 3977 985 4042 indolem
1016 3977 1106 4043 illam
1135 3977 1321 4043 nobiliorem
1335 3977 1360 4054 ²)
1390 3978 1577 4065 Adelphasii
1600 4000 1797 4065 nequaquam
1820 3982 1853 4043 iu
1876 3988 1984 4047 utra-

799 4106 875 4170 que
899 4083 1024 4148 sabulae
1048 4091 1137 4170 parte
1161 4088 1279 4170 pariter
1303 4088 1506 4171 conspicuam
1529 4107 1594 4150 esse
1618 4085 1708 4151 facile
1732 4087 1905 4151 ostendam.

845 4190 1061 4275 Adelphasiou
1086 4189 1140 4273 1³)
1164 4194 1367 4277 cognoscitur
1390 4213 1427 4256 er
1450 4192 1465 4256 I
1488 4191 1519 4269 3,
1545 4193 1601 4256 ubi
1623 4192 1814 4277 peculiarem
1838 4192 1985 4260 hetaerae

803 4360 992 4371 *υ-

833 4468 856 4526 1)
875 4467 1013 4515 Reinhnrdt.
1033 4482 1057 4530 p.
1077 4466 1130 4515 109.

832 4551 856 4610 2)
874 4550 909 4597 Cl.
927 4567 950 4614 p.
969 4549 1030 4601 187:
1050 4548 1110 4597 ‚Die
1132 4546 1378 4611 Ucbcrcinstimrnung
1395 4548 1437 4595 der
1454 4546 1591 4610 Gceinnung
1608 4547 1650 4595 der
1666 4545 1749 4597 beiden
1767 4546 1985 4615 Schwcsierpanre,

801 4632 854 4679 ‚die
877 4631 929 4678 eino
951 4632 1045 4679 edleren
1069 4629 1166 4686 Sinuea,
1187 4629 1225 4677 dic
1243 4629 1329 4678 andere
1347 4629 1551 4693 Gelallsirchiigcr,
1570 4629 1662 4677 aehcint
1680 4629 1735 4688 mir,
1751 4630 1810 4679 auch
1828 4646 1895 4680 wenn
1912 4633 1985 4683 dnfhr

800 4713 884 4762 ‚lisine
906 4713 1040 4778 erklarung
1060 4712 1165 4762 denibar
1185 4716 1258 4768 wire,
1283 4711 1349 4760 nicht
1369 4726 1395 4759 so
1409 4711 1497 4760 schwer
1512 4727 1539 4760 zu
1556 4712 1657 4775 wiegcu,
1678 4711 1712 4760 als
1730 4712 1767 4760 die
1785 4712 1983 4780 Widcrsprirebe,

802 4795 853 4843 ‚die
871 4794 930 4843 oben
950 4794 1141 4859 hervorgehoben
1160 4791 1236 4843 sind”.

832 4879 856 4935 3)
885 4877 982 4925 Numeri
1006 4877 1080 4926 additi
1104 4873 1238 4927 nominibus
1256 4874 1361 4923 iudicant
1380 4890 1490 4942 personas
1506 4874 1656 4942 cognomines
1673 4876 1697 4925 in
1715 4876 1794 4942 priora
1812 4884 1836 4926 et
1852 4878 1983 4946 poeteriore

799 4958 885 5009 fabule.
