5125 6150
1123 810 1238 859 Pueu'fl
1260 810 1432 861 eomas.

1070 1074 1177 1138 horus
1200 1072 1242 1137 IV
1265 1090 1498 1140 semirame.

1164 1217 1195 1261 v.
1219 1193 1410 1262 ara-822.

738 1414 786 1480 De
817 1415 1004 1480 brevissima
1035 1436 1143 1492 mena,
1167 1436 1263 1500 quam
1287 1416 1510 1503 Langenus
1532 1420 1617 1484 inter
1639 1421 1808 1503 utriusque
1830 1421 1878 1484 fa-

694 1519 787 1585 bulae
811 1527 915 1606 partes
938 1541 957 1585 a
979 1520 1096 1587 Plauto
1119 1523 1271 1586 insertam
1295 1543 1362 1589 esse
1385 1523 1530 1590 credebat
1552 1531 1590 1588 ut
1612 1545 1664 1590 aaa
1687 1530 1878 1604 conecteret,

693 1626 769 1691 haec
792 1629 970 1711 suspicatus
994 1634 1043 1692 est
1066 1626 1154 1693 Leo.

736 1733 773 1796 P.
800 1732 881 1798 160:
914 1732 999 1810 ,Das
1029 1736 1139 1800 zweite
1169 1733 1270 1799 Stich
1296 1737 1330 1815 (i.
1344 1756 1371 1800 e.
1395 1742 1567 1823 anonyma)
1592 1735 1657 1823 ling
1682 1740 1743 1802 mit
1766 1740 1875 1803 ciuem

692 1837 866 1926 „Monolog
890 1839 944 1905 des
966 1838 1105 1905 Sklaven
1127 1860 1184 1918 an,
1209 1843 1296 1906 einer
1315 1840 1610 1930 Einleitungsrede,
1631 1844 1682 1909 die
1701 1847 1748 1909 im
1765 1843 1878 1910 Inhalt

691 1945 767 2023 „der
796 1947 868 2012 sehr
898 1945 1028 2012 ihnlich
1059 1967 1205 2032 gewesen
1235 1950 1302 2014 sein
1332 1969 1425 2035 mag,
1458 1949 1508 2014 die
1539 1951 1598 2013 wir
1620 1953 1701 2036 jetat
1728 1952 1761 2015 in
1784 1949 1829 2014 IV
1857 1952 1873 2016 1

692 2052 839 2131 „leaen'’;
864 2057 897 2118 et
920 2053 1015 2118 verba
1037 2075 1132 2139 supra
1154 2052 1250 2120 allata
1273 2077 1305 2141 p.
1328 2053 1390 2131 161
1417 2103 1447 2132 ,,.
1462 2105 1491 2120 ..
1515 2055 1619 2122 ferner
1641 2055 1696 2122 das
1715 2078 1748 2121 er
1767 2057 1877 2136 (Plau-

692 2164 780 2238 „tus)
817 2159 876 2224 den
910 2158 1125 2246 dialogisohen
1159 2157 1289 2247 Antang
1323 2158 1557 2241 (Carchedonii)
1592 2162 1647 2227 der
1680 2161 1876 2250 Prologrede

692 2271 916 2353 „(an0nymae)
939 2286 1066 2352 vorzog.
1090 2265 1184 2332 Diese
1208 2267 1265 2332 hat
1288 2289 1322 2333 er
1344 2267 1427 2333 dann
1449 2268 1502 2333 fur
1525 2268 1584 2334 den
1607 2268 1760 2356 Monolog
1783 2268 1827 2334 lv
1856 2272 1873 2335 1

694 2371 927 2451 ,verwendet''.

735 2479 826 2544 Hanc
848 2481 1058 2565 suspicionem
1082 2481 1147 2544 iam
1170 2485 1242 2545 turn
1265 2479 1415 2567 redargui
1435 2501 1508 2545 cum
1526 2480 1722 2546 ostenderem
1741 2484 1876 2548 initium

693 2586 871 2652 comoediae
902 2608 934 2651 v.
968 2584 1156 2663 lat-155,
1189 2585 1353 2672 dialogum
1383 2585 1560 2672 Milphonis
1590 2592 1621 2651 et
1651 2589 1874 2674 Agorastocli,

693 2714 754 2758 non
778 2692 960 2759 derivatum
983 2713 1050 2758 esse
1073 2714 1111 2758 ex
1136 2690 1366 2771 Carchedonio,
1391 2694 1444 2759 sed
1468 2715 1507 2759 ex
1527 2714 1695 2782 anonyma.
1720 2695 1875 2762 Addenda

691 2805 766 2865 sunt
789 2799 851 2865 alia
873 2808 1072 2888 argumenta.
1098 2798 1214 2889 Versus
1237 2804 1282 2866 sic
1306 2822 1338 2867 se
1360 2801 1495 2867 habent:

783 2906 942 2991 Expecto,
966 2928 1028 2993 quo
1051 2913 1142 2993 pacto
1165 2927 1254 2973 meae
1277 2907 1421 2973 techinae
1444 2928 1645 2994 processurae
1669 2910 1750 2972 sient

781 3012 900 3080 Studeo
932 3013 1016 3078 hunc
1046 3012 1192 3080 lenonem
1222 3013 1368 3099 perdere:
1399 3016 1445 3079 ita
1472 3035 1582 3080 meum
1604 3034 1695 3080 erum
1718 3018 1875 3081 miserum

1716 3129 1874 3188 macerat:

781 3227 812 3293 Is
836 3233 1020 3313 meantem
1044 3249 1136 3314 porro
1159 3228 1322 3305 verberat,
1346 3229 1486 3292 incursat
1509 3230 1644 3313 pugnis,
1669 3226 1817 3293 calcibus.

691 3333 757 3401 820
780 3335 906 3401 Servius
930 3337 1050 3400 amanti
1073 3336 1247 3411 miseriast,
1267 3336 1453 3420 praesertim
1473 3335 1528 3418 qui
1547 3333 1631 3417 quod
1651 3342 1738 3399 amat
1756 3340 1852 3401 caret.

781 3443 873 3505 Attat
897 3462 914 3505 e
937 3442 1010 3505 fano
1034 3442 1171 3526 recipere
1193 3439 1287 3506 video
1310 3460 1343 3504 se
1366 3438 1610 3526 Syncerastum,

781 3547 918 3612 Lenonis
942 3569 1077 3612 servom.
1102 3546 1184 3625 Quid
1208 3546 1324 3611 habeat
1347 3548 1501 3611 sermonis
1525 3544 1719 3610 auscultabo.

689 3654 799 3718 Prima
829 3655 943 3731 verba,
976 3656 1106 3736 dispecto
1119 3689 1160 3699 -
1174 3653 1268 3730 aeret,
1301 3673 1339 3716 ex
1369 3651 1457 3717 nullo
1487 3659 1620 3737 possunt
1648 3672 1714 3716 esse
1738 3651 1874 3738 prologo

691 3759 921 3847 (Prologrede)‚
946 3781 1019 3825 curn
1044 3766 1141 3847 agant
1163 3759 1200 3823 de
1223 3758 1358 3824 techinis
1378 3780 1402 3823 s.
1425 3756 1506 3823 dolis
1526 3761 1593 3822 iam
1610 3758 1778 3824 incohatis.
1801 3757 1875 3824 Duo

691 3888 755 3932 vsa.
785 3868 940 3951 postremi
970 3866 1079 3931 referri
1106 3870 1266 3949 nequeunt
1289 3864 1328 3928 ad
1352 3883 1564 3950 anonymam,
1587 3883 1661 3927 cnm
1685 3862 1875 3929 adnuntient

690 3994 858 4060 personam
892 3972 1025 4052 'alterius
1056 3970 1244 4036 comoediae.
1276 3969 1454 4056 Supersunt
1483 3977 1546 4034 tres
1578 3990 1704 4046 versus,
1736 3990 1874 4054 quorum

691 4084 831 4166 primus:
856 4080 961 4143 Stadeo
980 4100 1007 4143 e.
1021 4100 1049 4163 q.
1063 4099 1088 4141 s.
1113 4077 1152 4141 ad
1171 4085 1341 4161 utramque
1360 4075 1501 4142 fabulam
1520 4075 1603 4140 trahi
1622 4082 1744 4160 potest,
1764 4078 1873 4161 itaque

691 4194 764 4273 apte
794 4185 944 4253 confictus
968 4193 1016 4250 est
1038 4206 1056 4249 a
1078 4183 1193 4248 Plauto
1216 4183 1254 4247 ad
1278 4187 1445 4268 utriusque
1469 4187 1696 4268 argumentum
1720 4182 1872 4267 complec-

691 4294 834 4361 tendum.
870 4292 998 4377 Reliqui
1021 4291 1083 4355 duo
1107 4310 1340 4375 quemcumque
1364 4289 1474 4354 decent
1497 4309 1625 4353 servum
1649 4288 1735 4353 erilis
1758 4287 1817 4353 filii
1841 4292 1875 4353 in

690 4401 851 4467 comoedia
881 4400 1052 4476 amatoria,
1085 4398 1139 4462 sed
1169 4398 1308 4481 appositi
1330 4402 1405 4461 sunt
1427 4397 1588 4479 imprimis
1611 4396 1637 4459 si
1662 4394 1812 4458 dicuntur
1835 4396 1874 4460 ab

691 4528 741 4584 eo,
768 4510 823 4592 qui
846 4527 952 4573 coram
975 4509 1168 4589 spectatores
1191 4501 1263 4588 plus
1287 4502 1386 4567 semel
1410 4522 1533 4587 pugnas
1557 4507 1589 4566 et
1612 4499 1712 4565 calces
1736 4504 1781 4565 eri
1805 4523 1876 4586 pae-

691 4635 745 4678 sus
776 4621 841 4691 est,
873 4612 957 4699 quod
986 4632 1047 4675 non
1070 4609 1154 4675 cadit
1172 4611 1205 4673 iu
1229 4607 1444 4692 Milphionem
1468 4606 1691 4683 Carchedonii,
1716 4612 1874 4691 quantum

690 4721 854 4796 novimus,
875 4719 929 4784 sed
949 4721 982 4783 in
1003 4716 1216 4803 Milphionem
1232 4736 1425 4801 anonymae,
1444 4715 1482 4779 cf.
1498 4712 1561 4779 138
1575 4734 1632 4797 sq„
1648 4711 1723 4790 143,
1739 4712 1801 4777 147
1815 4735 1874 4799 sq,

693 4823 768 4904 150,
800 4823 862 4889 381
877 4846 954 4910 sqq,
988 4823 1064 4901 413,
1096 4843 1174 4908 quoa
1203 4821 1288 4887 locos
1319 4819 1454 4886 Plautus
1476 4821 1614 4906 respexit
1637 4839 1711 4883 cum
1734 4818 1810 4883 haec
1835 4819 1874 4885 de

690 4951 747 4995 suo
776 4935 946 5010 insereret,
978 4938 1016 4997 ut
1038 4931 1153 5018 prioris
1175 4926 1301 4994 fabulae
1323 4932 1551 5015 argumentum
1575 4924 1773 5010 aliquatenus
1797 4946 1873 4991 cum
