5125 6150
940 839 982 885 so
1006 838 1136 886 uranos
1158 839 1426 888 noamrmsusas.
1709 825 1775 890 295

585 1001 621 1064 ab
653 1022 733 1065 voce
764 1002 903 1079 „atace”
929 1002 1129 1081 derivatum,
1155 1006 1413 1069 terminationem
1437 1005 1600 1070 exhiberet
1622 1005 1708 1070 haud
1731 1008 1778 1070 ita

585 1125 690 1170 raram
724 1108 802 1184 „vc”
835 1108 887 1186 (cf.
920 1112 1061 1187 Προῖτος,
1095 1117 1209 1192 Nisus,
1244 1109 1350 1187 Ξένυς,
1381 1107 1519 1191 Ἵππυς).
1547 1111 1656 1197 Magis
1679 1113 1777 1176 etiam

585 1211 726 1295 placeret
755 1211 851 1277 lectio
883 1216 1059 1293 Karissa&
1096 1216 1221 1281 Karios
1254 1218 1341 1280 enim
1374 1237 1491 1281 nomen
1522 1219 1688 1301 proprium
1711 1223 1777 1295 ost,

585 1318 670 1402 apud
694 1318 828 1383 Boeotos
852 1319 1160 1404 frequentissimum.
1185 1320 1221 1385 ln
1245 1343 1278 1386 re
1303 1328 1371 1386 tam
1395 1322 1493 1386 dubia
1521 1325 1666 1387 omnium
1699 1326 1779 1408 opti-

584 1444 678 1487 mum
711 1432 820 1489 tamon
850 1446 917 1490 esse
949 1426 1086 1504 videtur,
1117 1426 1224 1492 locum
1246 1426 1445 1492 laborantem
1469 1427 1642 1505 indicasse,
1666 1428 1778 1493 deinde

583 1551 701 1597 manus
733 1532 933 1596 abstinuisse.
959 1533 1089 1598 Patrem
1113 1535 1224 1598 Nastae
1243 1556 1307 1599 non
1326 1536 1431 1618 magis
1451 1534 1632 1618 comprobo.
1658 1534 1777 1611 Taceo,

583 1636 672 1720 quod
707 1636 857 1713 Δέξιλλος
891 1659 1007 1702 nomen
1042 1642 1207 1723 proprium
1243 1644 1309 1718 est,
1343 1639 1525 1722 hucusque,
1558 1639 1663 1723 quoad
1694 1641 1777 1714 scio,

582 1742 731 1807 nondum
761 1749 933 1828 repertum.
967 1743 1112 1828 Namque
1143 1746 1202 1809 hoo
1230 1747 1318 1809 casui
1343 1744 1482 1809 dandum
1506 1750 1555 1809 est
1578 1746 1683 1808 nescio
1707 1745 1777 1808 cui:

581 1851 708 1914 etenim
726 1871 842 1914 nomen
862 1847 1033 1926 Δεξίλεως,
1053 1852 1174 1914 nemini
1193 1853 1362 1935 ignotum,
1383 1853 1417 1913 in
1438 1851 1566 1914 brevius
1577 1855 1778 1914 contractum

580 1976 712 2020 necesse
747 1961 796 2019 est
824 1958 858 2019 in
889 1956 1024 2020 formam
1057 1957 1149 2021 abeat
1182 1955 1344 2033 Δέξιλλον.
1377 1955 1440 2020 Sed
1472 1958 1605 2041 gravius
1629 1957 1688 2019 hoc
1712 1962 1776 2032 est,

579 2059 669 2146 apud
701 2061 967 2145 Acraephienses,
999 2064 1050 2124 uti
1078 2060 1167 2125 tituli
1199 2061 1436 2137 demonstrant,
1471 2082 1531 2125 usu
1560 2061 1703 2126 floruisse
1726 2082 1779 2125 no

581 2187 659 2231 men
691 2168 857 2250 proprium
890 2165 1052 2242 Δεξίλιον.
1088 2166 1192 2245 Quare
1225 2188 1288 2231 non
1324 2166 1560 2243 dubitaverim,
1597 2187 1671 2230 oum
1708 2171 1775 2230 tarn

581 2271 691 2336 multa
723 2277 781 2335 aut
811 2274 919 2336 minus
949 2273 1028 2337 bene
1050 2274 1149 2337 incisa
1174 2278 1230 2337 aut
1254 2274 1362 2335 minus
1386 2272 1463 2336 bene
1488 2270 1571 2336 lecta
1594 2273 1659 2335 sint
1682 2273 1717 2335 in
1740 2275 1778 2335 ti-

581 2375 664 2441 tulis
686 2376 991 2461 Acraephiensibus,
1016 2378 1112 2459 aaa
1133 2383 1240 2442 nostro
1263 2384 1388 2461 patrem
1412 2376 1595 2441 adiudicare
1615 2374 1776 2453 Actiacos,

583 2505 650 2549 non
676 2481 837 2559 Δέξιλλον.

629 2589 668 2653 In
700 2587 844 2674 catalogo
875 2586 963 2655 BGH
994 2586 1128 2653 23198
1158 2609 1208 2652 no.
1235 2587 1253 2653 7
1278 2609 1363 2652 unus
1387 2609 1425 2651 ex
1451 2584 1702 2651 adolescentibus
1726 2607 1779 2671 ap-

583 2693 727 2781 pellatur
753 2743 782 2759 ..
807 2695 928 2774 ὁμαχος
956 2695 1106 2758 1116661166
1131 2701 1192 2775 (vs.
1218 2693 1285 2774 13).
1309 2693 1359 2756 Ad
1383 2692 1490 2757 locum
1515 2694 1681 2757 annotavit
1704 2691 1778 2757 Per-

583 2801 703 2866 drizet:
726 2800 793 2878 „La
812 2802 996 2866 restitution
1016 2800 1225 2884 [Διν]1μ6χος
1246 2800 1397 2864 xcoavlbco
1417 2799 1469 2877 (cf.
1490 2795 1591 2862 1681
1607 2796 1775 2875 n0.2708;

583 2929 638 2972 no.
662 2904 764 2988 4127)
797 2906 973 2971 excederait
995 2905 1026 2970 la
1048 2906 1192 2971 lacune'’.
1217 2905 1309 2985 Quod
1335 2908 1368 2970 vi
1391 2926 1453 2969 non
1477 2910 1613 2983 careret,
1638 2907 1776 2968 616666-

582 3020 653 3078 rate
683 3011 837 3097 insculpti
867 3010 933 3090 (vel
963 3010 1053 3096 lecti)
1083 3012 1118 3076 hi
1140 3009 1260 3097 lapides
1285 3016 1398 3076 essent.
1425 3008 1508 3077 (lum
1532 3016 1640 3074 tamen
1663 3012 1774 3076 vitiosi

583 3140 653 3185 esse
687 3121 893 3183 inveniantur
924 3118 990 3197 (hic
1020 3119 1088 3201 ipse
1119 3117 1251 3194 titulus,
1286 3121 1323 3181 ut
1354 3122 1473 3181 ceteros
1497 3119 1773 3201 praetermittam,

583 3247 632 3290 vs.
655 3223 696 3288 15
721 3225 858 3288 formam
879 3223 1010 3289 exhibet
1031 3222 1202 3301 Faltvsaoc,
1226 3243 1324 3307 quam
1347 3243 1409 3286 non
1430 3221 1576 3295 admittit
1595 3221 1774 3297 Perdrizet,

582 3352 632 3395 vs.
658 3329 703 3394 20
735 3330 870 3394 formam
895 3327 1108 3407 Ἀθανιδώρω,
1133 3350 1214 3413 quae
1237 3330 1337 3392 etiam
1361 3330 1478 3391 certius
1502 3326 1680 3391 damnanda
1703 3332 1775 3404 661),

583 3458 649 3501 non
672 3435 781 3512 videO,
807 3435 918 3520 quidni
941 3433 1151 3517 [Διν]δμαχ6ν
1175 3455 1377 3519 reponamus
1404 3433 1583 3512 Δινδμιχος
1607 3433 1774 3510 xroavlaao,

582 3546 619 3606 in
654 3543 746 3605 cuius
776 3543 972 3604 mentionem
1001 3541 1060 3605 hoo
1090 3539 1159 3604 loco
1188 3540 1378 3615 incidimus,
1411 3559 1490 3603 avus
1521 3539 1617 3602 fuisse
1647 3538 1776 3602 videtur

584 3647 758 3726 Δινομάχω
783 3646 936 3711 scottae
959 3648 1042 3722 eius,
1068 3667 1130 3730 quo
1155 3645 1358 3731 polemarcho
1379 3646 1462 3708 circa
1485 3664 1605 3708 annum
1629 3642 1693 3709 170
1712 3646 1776 3708 civi

581 3752 728 3818 Romano
750 3753 884 3816 honores
906 3752 1008 3817 habiti
1032 3756 1107 3815 sunt
1129 3752 1168 3815 ab
1191 3753 1322 3815 civitate
1346 3751 1630 3834 Acraephiensium
1649 3747 1733 3829 (los
1755 3750 1771 3813 1

581 3880 634 3923 no.
661 3855 781 3935 4127);
814 3856 926 3921 deinde
959 3856 1111 3927 1166661166
1143 3856 1333 3935 Δινομάχω,
1359 3876 1456 3939 quem
1478 3858 1644 3941 inscriptio
1667 3855 1776 3920 laudat

582 3960 655 4028 IGS
680 3962 696 4025 1
723 3983 773 4027 no.
799 3959 899 4046 2708,
935 3964 1031 4041 (circa
1054 3983 1173 4026 annum
1198 3961 1264 4025 210
1290 3961 1348 4026 hoc
1373 3960 1535 4025 decretum
1561 3962 1685 4025 editum
1708 3981 1775 4025 esse

582 4069 901 4146 demonstravimus),
927 4067 1097 4147 Δινομάχω
1116 4070 1235 4144 nostri,
1255 4069 1317 4131 nisi
1336 4066 1429 4131 valde
1449 4065 1552 4145 sallon,
1572 4065 1657 4131 filius
1676 4069 1776 4131 maxi·

581 4196 659 4240 mus
683 4180 761 4238 natu
784 4174 856 4238 fuit.

629 4278 778 4363 Gatalogi
811 4280 1008 4363 epheborum
1045 4278 1328 4363 Acraephiensium
1363 4298 1418 4341 sex
1450 4278 1616 4362 hucusque
1647 4277 1687 4340 ad
1719 4297 1774 4339 nos

580 4385 794 4461 devenerant,
825 4405 942 4449 novem
965 4383 1079 4448 adiecit
1102 4382 1273 4448 Perdrizet.
1298 4380 1466 4459 Formula,
1493 4403 1555 4466 qua
1577 4381 1775 4446 conscribun-

582 4497 635 4556 tur
666 4488 881 4554 adolescentes
912 4492 1097 4555 tirocinium
1130 4490 1286 4573 posituri,
1319 4493 1501 4552 constanter
1532 4488 1609 4551 haec
1633 4493 1697 4551 est:
1722 4484 1777 4551 rvi

582 4595 810 4674 temptasses
829 4595 880 4666 loe
902 4596 960 4677 (ts)
981 4594 1108 4674 ἐφήβων
1120 4593 1281 4674 (ipsilles)
1295 4593 1324 4657 ἒν
1338 4592 1533 4674 πελτοφόροις
1546 4591 1774 4672 (θυρεαφδρως),

580 4699 695 4767 deinde
731 4704 909 4783 sequuntur
942 4703 1082 4766 nomina.
1117 4700 1316 4784 Praepositio
1347 4699 1396 4769 ἕσς
1428 4705 1477 4764 ter
1508 4700 1661 4782 temporis
1692 4699 1773 4761 vitio

578 4808 724 4887 interiit,
749 4805 851 4870 decies
874 4810 1013 4870 aetatem
1036 4803 1130 4883 tulit;
1156 4805 1204 4868 bis
1228 4809 1352 4885 tamen,
1378 4806 1405 4867 si
1428 4802 1609 4868 Perdriseto
1629 4802 1706 4867 fides
1726 4807 1774 4866 est

578 4910 743 4986 habenda,
776 4909 810 4987 ἐξ
840 4911 967 4990 doridos
989 4913 1023 4975 in
1045 4909 1151 4995 lapide
1176 4913 1329 4994 superest.
1354 4909 1445 4974 Hanc
1469 4929 1579 4974 voram
1601 4906 1773 4972 lectionem
