5125 6150
688 820 754 886 438
948 793 952 806 ’
1218 837 1337 887 ursus.

689 1005 858 1087 (δεινοῦ),
885 1005 901 1080 ή
925 1007 951 1071 οί
974 1005 1140 1083 μέλλοντες
1165 1007 1381 1086 ναυμαχήσειν
1407 1005 1499 1085 ὑπέρ
1522 1011 1592 1078 τῆς
1627 1005 1876 1086 Φιλίσκτος,

688 1113 782 1194 ὑπέρ
813 1121 886 1178 τῶν
918 1111 1047 1178 θθλοιν
1080 1119 1137 1177 τῶν
1168 1112 1198 1176 έν
1224 1120 1399 1190 Σαλαμῖνι;
1432 1106 1474 1184 οἷς
1506 1117 1645 1177 τοσοῦτον
1674 1113 1878 1196 πανταχθθεν

687 1222 888 1301 περιειστήκει
909 1221 1022 1295 πλῆθος
1039 1220 1192 1293 πολεμίων
1204 1234 1275 1283 κτλ.
1289 1218 1378 1298 Quod
1388 1218 1480 1283 δεινοῦ
1494 1218 1657 1305 supplevit
1669 1220 1879 1286 Halbortsma

687 1330 808 1413 optime
834 1329 908 1392 fecit
930 1329 957 1392 si
981 1326 1057 1413 quid
1080 1327 1203 1403 iudico;
1228 1333 1312 1391 certe
1337 1325 1578 1411 praeferendum
1601 1325 1706 1392 multo
1730 1328 1879 1413 Emperii

688 1440 867 1500 commento
891 1435 962 1499 ὖπέ
970 1458 984 1512 ρ
1009 1438 1061 1497 τοῦ
1085 1456 1170 1513 προσ.
1192 1434 1264 1498 κινδ.
1286 1431 1340 1499 vel
1359 1431 1554 1497 'Phalheimii
1574 1433 1768 1499 τοσοθτον
1787 1457 1876 1515 προσ.

686 1541 770 1619 κινδ.,
802 1562 877 1606 cum
908 1546 1081 1626 utrumqne
1112 1542 1202 1625 prius
1232 1539 1285 1604 καί
1317 1546 1482 1625 coarguat3
1512 1541 1706 1617 σαλαμινίοις
1728 1539 1877 1606 codicum

685 1654 851 1729 (σαλαμῖνι
864 1653 991 1712 tantum
1001 1646 1040 1728 F)
1052 1647 1182 1711 diremit
1193 1645 1288 1711 solita
1300 1645 1451 1712 felicitate
1464 1645 1683 1712 Marklandus.
1696 1645 1758 1712 Sed
1769 1647 1878 1714 media

687 1754 825 1820 diductis
843 1753 961 1819 litteris
981 1752 1159 1839 significata
1179 1753 1282 1817 adhuc
1302 1752 1463 1826 laborant,
1485 1753 1601 1837 quibus
1621 1774 1732 1818 versor
1743 1760 1781 1818 ut
1792 1753 1879 1819 salu·

687 1868 755 1928 tem
776 1860 923 1926 attulerit
941 1860 1112 1946 Emperius
1125 1861 1221 1925 verba
1233 1860 1307 1940 ὑπέρ
1319 1867 1373 1935 σής
1387 1859 1554 1940 ψιλότητος
1568 1858 1729 1925 inducens.
1748 1860 1877 1941 Quanto

686 1967 803 2033 melius
827 1965 966 2033 Cobetus
989 1963 1038 2045 (V.
1063 1966 1099 2032 L.
1123 1989 1155 2052 p.
1181 1966 1278 2046 251):
1312 1965 1385 2044 ὑπέρ
1408 1967 1465 2029 τῶν
1488 1966 1651 2045 Φιλτοίτυν
1675 1973 1731 2031 τῶν
1757 1973 1787 2034 έν
1813 1978 1878 2033 Σα-

686 2082 805 2152 λαμῖνι.
837 2073 898 2139 Sed
929 2072 1067 2139 simulne
1090 2094 1164 2138 cnm
1188 2072 1298 2138 eodem
1323 2072 1571 2159 expungendum
1596 2073 1669 2153 ὑπέρ
1693 2080 1751 2138 τῶν
1774 2072 1877 2139 ιἰθλαν

687 2178 804 2263 (ἄλλον
829 2176 888 2261 F)?
919 2179 1073 2256 Minime,
1105 2178 1159 2245 sed
1190 2181 1234 2244 sic
1263 2179 1379 2244 leniter
1403 2179 1589 2266 corrigenda
1612 2180 1779 2245 ridentur:
1806 2186 1824 2257 ή
1850 2183 1876 2246 σί

686 2288 856 2366 μέλλοντες
888 2287 1103 2367 ναυμαχήσειν
1134 2286 1205 2364 ὑπέρ
1238 2286 1296 2350 τῶν
1327 2284 1501 2363 Φιλποίτιιν,
1526 2283 1655 2367 ὥσπερ
1680 2286 1790 2365 θθλοιν,
1817 2295 1876 2352 τῶν

686 2399 716 2462 έν
742 2401 910 2473 Σαλαμῖνι.
935 2394 1081 2459 Positum
1105 2398 1154 2458 est
1177 2386 1259 2458 ἆθλα
1285 2398 1323 2458 ut
1345 2414 1377 2457 v.
1391 2415 1417 2457 c.
1443 2391 1495 2457 Or.
1521 2392 1631 2458 XXXI
1654 2392 1745 2477 §32

732 2605 784 2672 Or.
808 2605 840 2671 II
863 2608 880 2691 ξ
900 2605 962 2671 41:
994 2605 1152 2684 ἐπέδειξαν
1181 2606 1212 2671 δέ
1236 2609 1330 2670 ποῖσιι
1356 2602 1516 2686 ἑνθριθποις
1539 2606 1719 2680 νικήσαντες
1743 2616 1782 2688 πή
1807 2632 1878 2673 ναν·

686 2713 794 2796 μαχία
826 2707 871 2776 dri
903 2720 1036 2793 κρεῖττον
1059 2713 1130 2790 μετ’
1154 2713 1265 2789 sacres
1290 2712 1363 2792 ὑπέρ
1385 2720 1442 2787 τής
1464 2712 1635 2793 ἐλευθερίας
1656 2711 1833 2778 κινδυνεύειν
1859 2712 1877 2789 ή

688 2821 772 2899 μετα
804 2826 925 2884 πολλῶν
955 2818 1203 2897 βασιλευομένων
1234 2819 1306 2898 ὑπέρ
1336 2826 1391 2893 τής
1424 2819 1522 2882 αὐτῶν
1551 2818 1700 2889 δουλείας.
1724 2819 1775 2885 sic
1798 2820 1878 2885 haec

686 2925 773 2991 dedit
796 2927 991 2991 novissimus
1011 2923 1114 2989 editor
1132 2923 1225 3009 plane
1243 2945 1317 2989 curn
1337 2922 1514 3001 codicibus,
1536 2946 1671 3010 quorum
1690 2924 1716 2989 F
1733 2925 1878 3011 duplicat

686 3034 796 3112 αὐτῶν,
828 3033 911 3118 quod
939 3039 1046 3097 tamen
1068 3030 1191 3096 nullius
1214 3035 1372 3097 momenti
1396 3030 1535 3097 videtur.
1559 3030 1673 3097 Fateor
1695 3053 1748 3098 ma
1772 3040 1877 3098 totam

686 3141 852 3228 periodum
884 3162 946 3205 non
979 3142 1099 3224 optime
1131 3142 1271 3224 assequi,
1305 3139 1359 3203 sed
1389 3141 1538 3223 inprimis
1568 3137 1651 3203 male
1684 3160 1734 3204 me
1758 3128 1879 3204 habent

686 3249 812 3313 ultima.
852 3243 956 3326 Quid?
987 3248 1095 3310 sanine
1126 3245 1268 3309 hominis
1301 3250 1349 3310 est
1380 3248 1425 3309 ita
1457 3244 1575 3309 dicere:
1610 3253 1771 3330 „praestat
1802 3268 1877 3310 cum

686 3356 796 3440 paucis
827 3374 883 3438 pro
915 3351 1064 3417 libertate
1094 3350 1236 3437 pericula
1267 3351 1353 3415 adire
1384 3371 1481 3436 quam
1517 3372 1591 3415 cum
1631 3349 1745 3415 multis
1785 3356 1877 3438 regio

685 3462 820 3547 imperio
854 3460 1004 3523 subiectis
1035 3480 1092 3540 pro
1127 3481 1182 3521 cuc
1217 3458 1347 3540 ipsorum
1382 3458 1570 3522 servitute”.
1607 3457 1792 3522 Absurdurn
1829 3469 1879 3524 est

685 3568 894 3633 Athenienses
925 3565 1044 3651 fingere
1076 3585 1150 3629 cum
1174 3563 1246 3628 aliis
1264 3586 1325 3645 pro
1348 3586 1402 3626 ενα
1427 3563 1570 3627 servitute
1594 3570 1784 3650 pugnantes.
1812 3565 1880 3631 Ali·

686 3673 763 3760 quid
787 3673 920 3737 dixisset
943 3675 1077 3756 scriptor
1101 3673 1128 3735 si
1151 3673 1185 3734 iu
1208 3671 1292 3735 hunc
1317 3670 1449 3734 modurn
1473 3674 1663 3734 sententiam
1687 3672 1879 3738 conformas·

687 3786 752 3846 set:
786 3779 803 3854 ή
835 3779 969 3850 πολλοὺς
992 3778 1252 3854 βασιλευομένους
1278 3778 1351 3857 ὑπὲρ
1375 3784 1430 3849 τῆς
1454 3777 1554 3840 αὐτῶν
1579 3777 1727 3853 δουλείας,
1752 3778 1805 3843 νο]
1830 3782 1878 3845 sic

687 3891 764 3953 satis
787 3892 938 3953 contorte.
967 3884 1079 3971 Itaque
1101 3888 1224 3950 mirum
1246 3906 1308 3948 non
1332 3890 1381 3949 est
1407 3884 1576 3949 lectionem
1595 3883 1738 3950 codicum
1761 3885 1878 3952 multis

687 3990 850 4060 offensioni
873 3994 980 4057 fuisse.
1005 3991 1147 4071 Quorum
1173 3991 1322 4056 Reiskius
1343 3991 1414 4069 ὑπὲρ
1439 3998 1493 4065 τῆς
1515 3999 1644 4065 (κοινῆς
1665 3990 1875 4071 valdricus>

688 4101 858 4179 ἐλευθερίας
890 4099 1103 4174 desiderabat,
1142 4099 1225 4173 μετοδ
1262 4104 1384 4162 πολλῶν
1418 4097 1700 4172 βασιλευομένους
1737 4098 1878 4164 malebat

687 4209 866 4284 Erdrnann,
887 4228 943 4292 pro
964 4206 1062 4270 αὑτῶν
1081 4203 1237 4292 'Paylorus
1258 4205 1361 4281 ἑτέρων
1382 4206 1570 4290 requirebat.
1593 4204 1722 4269 Adscito
1735 4204 1880 4271 Scheibii

687 4314 909 4401 supplemento
941 4313 1023 4398 quod
1054 4314 1262 4397 oppositionis
1287 4314 1367 4377 ratio
1390 4311 1536 4398 flagitare
1561 4311 1688 4375 videtur
1712 4318 1745 4376 et
1768 4312 1880 4378 confir-

568 4463 570 4467 ·
689 4428 796 4487 matur
819 4419 1049 4505 quodammodo
1073 4417 1144 4484 coll.
1168 4417 1283 4507 Polyb.
1307 4418 1350 4483 IV
1372 4418 1413 4484 76
1433 4420 1450 4503 ᾖ
1471 4417 1491 4482 2
1515 4423 1618 4483 totam
1642 4418 1811 4503 periodum
1832 4423 1880 4486 sio

687 4530 921 4593 constituerim:
948 4523 992 4592 θτι
1018 4534 1151 4606 κρεῖττον
1175 4529 1245 4603 μετ’
1270 4525 1382 4603 ὀλίγον
1402 4526 1703 4599 <πολιτευομένυν>
1725 4525 1798 4604 ὑπὲρ
1818 4535 1878 4600 τῆς

689 4640 848 4709 <κοιυής>
882 4635 1053 4714 ἐλευθερίας
1089 4632 1264 4697 κινδυνεύειν
1301 4634 1317 4706 ή
1349 4632 1433 4708 μετοὶ
1465 4637 1585 4695 πολλῶν
1627 4630 1878 4710 βασιλευομένων

690 4737 762 4817 ὑπὲρ
787 4746 842 4810 τῆς
867 4740 998 4805 ἄλλων
1022 4742 1172 4811 δουλείας.

734 4947 787 5013 Or.
812 4950 842 5014 ΙΙ
865 4954 883 5036 §
903 4952 963 5017 47:
989 4955 1017 5017 έν
1042 4949 1144 5018 θίποισι
1168 4951 1200 5017 δέ
1224 4961 1288 5024 τοῖς
1311 4950 1510 5019 κινδθνοις
1537 4951 1635 5021 δθνσες
1661 4952 1796 5032 ἔλεγχον
1820 4960 1877 5026 τῆς

571 5227 770 5369 Α
