5125 6150
665 879 668 884 ⁴
787 810 828 873 lsl
1188 817 1364 872 &tenos
1390 816 1579 873 nlletfl.

782 992 848 1057 lere
879 1008 983 1055 scetes
1016 989 1069 1055 rel
1101 992 1249 1075 hpeeinae
1276 1008 1377 1054 erant.
1408 989 1528 1055 Tamen
1552 1010 1600 1055 est
1624 991 1708 1076 quui
1731 996 1857 1055 mireris
1877 992 1977 1056 fuisse

784 1102 841 1183 qui
869 1096 986 1161 talibus
1011 1097 1156 1161 sordium
1181 1096 1413 1161 delettarenmr
1436 1116 1532 1181 atque
1556 1097 1632 1161 uisu
1655 1100 1872 1183 superbirent.
1895 1098 1976 1161 dum

785 1220 853 1269 tuto
885 1225 1013 1288 corpore
1037 1202 1181 1267 delibuto
1205 1225 1260 1289 per
1283 1202 1403 1287 plateas
1426 1204 1618 1267 incederent.
1638 1210 1751 1268 'Am
1774 1205 1801 1267 δ’
1825 1206 1977 1283 §mxci

784 1312 881 1374 aeti.
914 1309 978 1373 Nos
1008 1310 1067 1373 hoc
1090 1326 1174 1373 certe
1196 1308 1361 1373 lucramur
1382 1330 1422 1373 er
1446 1308 1603 1373 celebrata
1626 1309 1862 1374 Helladorum
1884 1331 1980 1374 mun·

782 1416 880 1489 ditie,
905 1415 989 1499 quod
1013 1414 1070 1479 ilia
1093 1414 1241 1486 lusatiae
1264 1415 1499 1479 medi-:ameum
1522 1436 1585 1480 nun
1608 1414 1701 1480 mide
1723 1420 1930 1501 requirimus.

828 1520 940 1585 Variae
963 1540 1037 1585 suut
1062 1522 1173 1599 uaeas,
1197 1525 1245 1585 uti
1271 1520 1430 1585 ridimu:
1454 1526 1593 1605 species,
1618 1522 1675 1586 sed
1696 1526 1783 1586 mter
1804 1543 1857 1586 eas
1882 1522 1978 1597 ,κύρ-εν

781 1628 911 1705 siclam
936 1626 1110 1712 principale
1133 1646 1192 1692 eet.
1216 1626 1302 1690 Hinc
1325 1626 1502 1691 Menander
1524 1648 1575 1712 ap.
1599 1628 1717 1692 Athen.
1741 1628 1801 1691 Π
1826 1627 1946 1692 691Ᾱε

963 1734 1016 1809 ἡδὺ
1040 1736 1074 1796 τέ
1099 1736 1201 1809 adesa,
1225 1732 1396 1811 urbisne,
1421 1735 1487 1805 itt.
1512 1744 1546 1797 B.
1569 1741 1635 1805 152·
1657 1738 1723 1813 72?
1744 1735 1793 1799 sti:

960 1838 1102 1917 neptim.

782 1946 952 2009 il'ardiaau
995 1962 1201 2032 unguentum
1241 1945 1362 2010 dicitur
1396 1945 1449 2010 rel
1483 1945 1615 2021 siclam
1649 1946 1752 2009 ἓλιιπ
1786 1944 1840 2009 tel
1874 1948 1976 2010 etiam

781 2051 972 2137 simpliciter
1006 2052 1122 2131 aiace.
1157 2052 1260 2117 Nemo
1295 2056 1423 2138 ignorat
1459 2051 1638 2116 Horatiana
1672 2051 1747 2116 illa:
1778 2054 1977 2136 ⁴lssyriaque

781 2157 879 2223 nardo
901 2174 1050 2243 potamus
1073 2162 1180 2235 uncti,
1204 2162 1254 2223 uti
1277 2174 1328 2223 et:
1352 2158 1459 2223 Xardo
1481 2162 1557 2221 rina
1580 2159 1762 2233 merebere,
1784 2158 1884 2223 Xanli
1907 2180 1979 2244 par-

782 2285 842 2329 vus
874 2284 971 2349 onyx.
1001 2262 1063 2328 Sed
1095 2264 1147 2329 hic
1176 2262 1407 2328 nonnullorum
1429 2267 1530 2328 errori
1552 2263 1783 2328 occurrendum
1805 2282 1870 2339 est,
1895 2286 1978 2349 quos

780 2370 814 2435 id
833 2369 918 2454 quod
938 2390 1051 2434 verum
1071 2386 1118 2434 eet
1141 2368 1333 2434 Blumnerus
1352 2369 1463 2434 docere
1483 2374 1601 2455 poterit
1625 2370 1797 2449 seelestam.
1817 2368 1907 2455 lllp.
1921 2370 1977 2435 60.

782 2477 905 2560 Nempe
928 2478 1056 2560 proprio
1078 2496 1114 2540 ac
1137 2480 1248 2541 stricto
1271 2497 1367 2540 sensu
1390 2497 1478 2561 onyx
1501 2496 1651 2561 gemmae
1673 2497 1790 2540 nomen
1809 2494 1875 2551 est,
1895 2498 1978 2560 quae

781 2586 866 2647 inter
900 2582 1029 2646 achatae
1064 2581 1150 2646 haud
1177 2581 1337 2646 ultimum
1367 2580 1475 2645 locum
1507 2597 1613 2645 tenet:
1643 2581 1738 2645 hodie
1761 2603 1801 2645 ne
1823 2582 1978 2668 ambigue

784 2687 958 2772 loquantur
986 2687 1131 2752 homines
1163 2691 1261 2752 etiam
1285 2687 1504 2772 achatcnycha
1527 2687 1659 2751 barbare
1678 2685 1879 2772 appellitant.
1902 2687 1980 2753 las

782 2792 855 2859 cula
887 2808 997 2856 autern
1029 2815 1091 2858 uon
1123 2814 1160 2858 ex
1185 2814 1318 2879 gemma
1341 2808 1500 2867 secantur,
1523 2790 1578 2856 sed
1602 2813 1641 2856 ex
1664 2790 1770 2877 lapide
1792 2791 1980 2858 alabastrite

782 2903 838 2986 qui
872 2898 987 2963 itidem
1022 2920 1109 2985 onyx
1144 2899 1272 2963 dicitur.
1309 2897 1472 2963 Alabastri
1503 2898 1641 2962 formam
1672 2897 1746 2962 vide
1775 2896 1861 2982 apud
1891 2897 1978 2961 Mar

782 3004 969 3093 quardtium
1000 3005 1123 3090 Antiqq.
1155 3005 1273 3068 Pricot.
1306 3026 1338 3090 p.
1364 3003 1428 3068 631
1461 3020 1572 3089 estque
1603 3004 1706 3082 ἄρκος
1738 3011 1801 3073 τοῖς
1831 3002 1938 3081 μύροις
1962 3004 1978 3067 ὃ

782 3116 933 3189 τοιοῦτος,
958 3117 996 3175 ut
1020 3112 1129 3175 scribit
1153 3110 1393 3195 Theophrastus
1411 3110 1451 3174 de
1469 3109 1556 3174 odor.
1578 3109 1633 3173 41.
1657 3108 1705 3173 De
1724 3109 1848 3195 onyche
1866 3109 1979 3173 scribit

783 3217 910 3282 Plinius
942 3215 1083 3281 mvl
1108 3215 1167 3280 12:
1199 3217 1326 3301 „Nepos
1348 3213 1517 3282 Cornelius
1539 3215 1639 3279 tradit
1656 3237 1776 3301 magno
1799 3216 1897 3280 fuisse
1919 3218 1980 3278 mi·

782 3321 908 3399 raculo,
929 3343 1004 3386 cum
1024 3320 1060 3385 P.
1081 3320 1238 3386 Lentulus
1259 3321 1390 3406 Spinter
1405 3321 1576 3406 amphoras
1589 3342 1673 3386 exeo
1685 3319 1842 3387 Chiorum
1853 3323 1981 3406 magui·

782 3429 893 3494 tudine
921 3427 1073 3492 cadorum
1096 3428 1304 3492 ostendisset:
1329 3441 1402 3512 post
1425 3430 1682 3512 quinquennium
1707 3427 1820 3492 deinde
1843 3430 1979 3513 triginta

783 3535 922 3599 duorum
942 3533 1061 3618 pedum
1079 3533 1286 3619 longitndine
1304 3533 1471 3598 columnas
1491 3534 1611 3598 vidisse
1632 3556 1674 3599 se.
1693 3533 1906 3598 Variatumin
1919 3533 1979 3598 hoc

782 3639 890 3726 lapide
910 3648 1018 3723 postea
1037 3645 1096 3704 est.
1120 3639 1268 3724 Namque
1289 3661 1345 3724 pro
1365 3638 1523 3704 miraculo
1542 3643 1662 3725 insigni
1683 3651 1820 3724 quatuor
1837 3639 1980 3704 modicas

783 3749 816 3810 in
842 3745 966 3810 theatro
988 3765 1046 3808 suo
1071 3744 1239 3811 Gemellus
1264 3744 1384 3810 Balbus
1408 3747 1525 3829 posuit.
1557 3744 1623 3810 Nos
1645 3743 1817 3828 ampliores
1841 3747 1979 3829 triginta

783 3850 927 3916 vidimus
949 3852 981 3913 in
1006 3853 1207 3928 coenatione,
1232 3870 1332 3934 quam
1352 3848 1507 3916 Callistus
1530 3849 1675 3916 Caesaris
1698 3847 1828 3914 Claudii
1850 3848 1980 3914 liberto

782 3978 856 4022 rum
888 3958 1032 4042 potentia
1063 3965 1158 4021 notus
1190 3957 1253 4020 sibi
1287 3955 1559 4021 exaedificaverat.
1591 3956 1687 4020 Hunc
1711 3954 1813 4039 aliqui
1835 3954 1977 4041 lapidem

783 4062 988 4130 alabastriten
1010 4071 1144 4140 vocant,
1169 4082 1264 4146 quem
1287 4070 1401 4128 cavant
1419 4062 1459 4127 ad
1479 4083 1555 4127 vasa
1573 4064 1803 4148 unguentaria,
1824 4064 1977 4145 quoniam

784 4171 907 4255 optime
942 4187 1068 4233 servare
1101 4170 1286 4252 incorrupta
1319 4167 1470 4232 dicitur.''
1505 4168 1576 4232 Hoc
1606 4167 1701 4233 modo
1732 4166 1825 4232 hodie
1855 4167 1978 4233 Romae

782 4282 920 4361 quatuor
954 4273 1120 4339 columnae
1155 4295 1194 4339 ex
1229 4274 1354 4359 onyche
1386 4276 1627 4359 conspiciuntur
1657 4277 1691 4338 in
1723 4273 1800 4338 aede
1822 4272 1856 4338 S.
1882 4273 1978 4339 Pauli

782 4386 873 4446 extra
907 4400 1027 4445 muros.
1063 4381 1147 4459 Quin
1183 4387 1215 4445 et
1249 4386 1380 4444 narrant
1411 4383 1467 4464 qui
1496 4379 1643 4445 Moutem
1674 4377 1845 4444 caroli-
1871 4380 1979 4442 Monte

787 4486 874 4548 Caelo
901 4519 941 4533 ·-
965 4484 1113 4549 adierunt
1143 4491 1301 4570 spectasse
1331 4507 1364 4550 se
1395 4488 1430 4549 in
1461 4483 1627 4570 splendida
1657 4485 1751 4550 domo
1781 4480 1815 4548 οὖ
1838 4486 1856 4556 ἡ
1880 4487 1975 4558 τηλία

783 4591 918 4668 sltsrat,
944 4590 1111 4655 duodecim
1134 4593 1281 4677 ingentes
1304 4589 1469 4656 columnas
1492 4614 1529 4655 cs
1551 4592 1677 4675 onyche:
1701 4590 1752 4655 hic
1776 4597 1861 4656 certe
1883 4611 1977 4657 nemo

783 4697 940 4781 cogitabit
971 4697 1009 4762 de
1042 4697 1321 4784 „achatouyche”:
1345 4699 1412 4763 iam
1435 4699 1575 4763 nimium
1597 4696 1744 4762 luxuriae
1767 4700 1851 4762 inest
1873 4700 1907 4762 in
1930 4719 1979 4764 co-

780 4797 904 4865 lumnis
927 4821 967 4866 ex
989 4801 1175 4868 alabastrite
1199 4805 1303 4868 sectis.

830 4905 976 4972 Nardum
1002 4905 1093 4974 India
1115 4909 1265 4974 mittebat
1272 4928 1281 4986 ;
1306 4910 1458 4975 mittebat
1481 4907 1662 4996 Babylonia
1668 4929 1678 4988 ;
1703 4909 1856 4975 mittebat
1878 4907 1978 4975 Phoe
