5125 6150
1177 824 1386 873 nnuorninns.
1834 810 1877 875 23

684 988 738 1055 καὶ
773 988 910 1054 ἐδέδισαν
934 992 978 1066 μή
1002 996 1088 1068 σφῶν
1113 990 1230 1069 χειμὼν
1253 989 1308 1063 τήν
1331 992 1477 1068 Φολαιιήν
1502 989 1648 1064 ἐπιλάβοι
1671 992 1793 1070 δρῶντες
1819 998 1877 1055 τῶν

683 1120 721 1159 τε
746 1096 923 1167 ἐπιτηδείων
949 1097 1002 1169 τήν
1026 1097 1092 1173 περὶ
1117 1099 1172 1170 τήν
1195 1095 1421 1170 Πελοπθννησον
1440 1092 1466 1159 b)
1494 1094 1617 1171 κομιδήν
1640 1096 1791 1161 ἀδύνατον
1814 1098 1877 1161 ἐσο-

684 1200 779 1279 μένην
811 1199 897 1276 ἅμα
929 1203 965 1265 ἐν
988 1204 1119 1282 χωρίῳ
1145 1204 1272 1281 ἐρήμῳ
1297 1200 1432 1284 [καέ]ῦ)
1462 1202 1523 1266 οὐδ’
1548 1203 1578 1265 ἐν
1604 1202 1676 1280 θέρει
1701 1197 1754 1266 οθοθ
1777 1227 1812 1266 τε
1834 1202 1877 1267 θν-

684 1332 738 1381 τες
764 1308 859 1372 ἱκανοὶ
883 1309 1098 1385 περιπέμπειν,
1122 1308 1173 1373 τθν
1197 1332 1231 1371 τε
1256 1305 1387 1386 ἐφορμον
1406 1311 1522 1387 χωρθων
1542 1305 1694 1381 θλιμθνων
1714 1307 1803 1372 θντιον
1823 1310 1876 1373 οὐκ

684 1416 838 1493 ἐσόμενον,
871 1417 945 1479 α’λλ’
977 1417 993 1490 ή
1019 1422 1105 1494 σφῶν
1129 1413 1259 1479 σἰνέντων
1283 1419 1337 1489 τήν
1362 1415 1506 1490 Φυλαιιήν
1530 1416 1781 1494 περιγενήσεσθαι
1805 1414 1874 1486 τοὺς

685 1521 818 1600 ἄνδρας,
843 1522 860 1594 ή
881 1531 943 1593 τοῖς
964 1523 1078 1593 πλοθοιι
1099 1519 1121 1587 ἃ
1142 1522 1192 1586 τὸν
1212 1528 1294 1586 σῖτον
1315 1522 1422 1592 αὐτοῖς
1443 1517 1500 1598 ήγε
1518 1529 1660 1601 χειμῶνα
1681 1524 1876 1602 τηρήσαντας

684 1628 922 1693 ἐκπλεύσεσθαι.

719 1750 746 1810 n)
765 1747 804 1796 θτι
822 1747 868 1796 del.
886 1747 1001 1806 Cobetus;
1027 1747 1054 1812 b)
1073 1746 1128 1808 rupi
1144 1746 1190 1803 τήν
1208 1754 1239 1796 Π.
1258 1764 1311 1811 exp.
1331 1746 1464 1804 Dobrneus3
1490 1751 1514 1807 ο)
1534 1711 1579 1796 del.
1600 1748 1783 1796 Herwerdenns.

732 1847 801 1912 Hoo
824 1846 894 1912 loeo
919 1847 970 1924 (de
990 1869 1051 1931 quo
1071 1846 1200 1912 consule
1220 1847 1390 1932 Steupium
1411 1869 1441 1931 p.
1456 1844 1521 1911 279
1542 1847 1692 1932 Anhang)
1705 1847 1876 1911 verborum

684 1953 761 2018 ordo
785 1974 803 2016 a
825 1952 965 2017 librariis
988 1951 1122 2017 mirifice
1145 1954 1293 2017 turbatus
1318 1960 1377 2019 est.
1401 1953 1443 2017 Et
1466 1961 1550 2017 reete
1574 1952 1703 2037 quidem
1733 1951 1877 2017 Herwer·

684 2060 785 2122 denus
818 2061 863 2137 (in
895 2059 1056 2136 Editione)
1087 2066 1245 2144 expuncto
1276 2061 1344 2123 καὶ
1377 2065 1450 2124 onte
1481 2058 1542 2123 οὐδ’
1573 2061 1603 2120 ἐν
1628 2059 1701 2136 θὲρει
1726 2058 1875 2124 voculam

684 2160 772 2237 ἅμα
795 2171 867 2248 post
891 2165 1009 2240 δρῶντες
1037 2171 1239 2250 transponere
1260 2164 1389 2242 suadet,
1411 2166 1465 2229 sed
1484 2171 1647 2249 praeterea
1666 2186 1719 2230 vv.
1745 2166 1782 2228 ἐν
1806 2190 1876 2246 χω-

683 2272 748 2349 ρθιρ
782 2272 907 2348 ἐρήμῳ
938 2278 975 2333 ut
1005 2291 1080 2334 eum
1111 2269 1243 2354 reliquis
1274 2273 1335 2334 rite
1358 2270 1544 2335 cohaereant
1566 2278 1600 2335 et
1623 2290 1698 2334 sana
1721 2274 1877 2336 sententia

683 2376 817 2452 evadat,
842 2377 875 2438 in
900 2374 1006 2439 sedem
1032 2396 1122 2439 suem
1147 2375 1323 2439 revocanda
1347 2385 1441 2439 erunt
1463 2378 1548 2440 inter
1571 2377 1625 2447 τήν
1645 2377 1792 2454 φυλακήν
1813 2379 1877 2440 ἐτι-

684 2483 781 2556 λοὲβοι
804 2486 836 2544 et
861 2482 982 2557 ὁρῶντες
1006 2478 1088 2554 ἅμα.
1113 2481 1235 2567 Nempe
1259 2482 1318 2545 hoc
1342 2480 1447 2547 voluit
1471 2480 1546 2544 Ῥῖνα

731 2587 963 2664 „Athenienses
980 2585 1104 2650 consilii
1123 2589 1232 2671 inopes
1252 2592 1342 2652 erant
1362 2594 1395 2650 et
1414 2587 1607 2651 verebantur
1626 2608 1663 2648 αα
1682 2585 1773 2648 bieme
1785 2608 1877 2666 prae-

683 2693 794 2756 sidium
817 2716 900 2755 εαιοιν
924 2693 1154 2773 opprimeretis
1178 2692 1239 2755 loeo
1264 2692 1400 2756 θεωρεῖθ’
1424 2700 1483 2756 eto.

730 2798 865 2860 Prorsus
896 2797 1007 2861 eodem
1038 2797 1131 2861 modo
1163 2804 1305 2862 erratum
1337 2803 1386 2862 est
1415 2799 1449 2860 in
1481 2797 1600 2859 vicinia
1619 2816 1645 2859 ο.
1670 2794 1714 2859 28
1738 2796 1755 2875 ᾖ
1776 2795 1797 2859 2
1820 2797 1877 2860 ubi

686 2900 827 2967 Oobetus
857 2904 1017 2966 restituit:
1050 2899 1139 2980 γνοθε
1172 2902 1203 2966 δέ
1236 2904 1276 2979 τῷ
1302 2900 1362 2965 θντι
1389 2901 1638 2979 παραδωσεθοντα
1662 2901 1726 2979 (τὸν
1751 2900 1876 2980 Νιιιθαν)

688 3007 822 3076 δεδιὼς
848 3008 916 3082 ήδη
942 3008 1088 3087 ἐνεχώρει
1113 3009 1165 3071 καὶ
1189 3010 1242 3071 οὐκ
1268 3007 1328 3082 ἔφη
1350 3008 1441 3074 αὐτὸς
1463 3009 1539 3070 ἀλλ’
1560 3009 1669 3070 ἐκεῖνον
1689 3015 1876 3083 στρατηγεῖν

685 3116 753 3197 [καὶ
778 3117 830 3178 οὐκ
856 3114 893 3178 θιν
918 3114 1050 3190 οἰόμενός
1077 3117 1102 3177 οῖ
1126 3115 1219 3179 αθτθν
1240 3122 1396 3189 τολμήσαι
1418 3114 1641 3197 ὑποχωρῆσαι]
1666 3111 1764 3179 Oodd.
1784 3112 1875 3190 γνοὺς

684 3222 715 3284 δέ
851 3219 1101 3294 παραδωσεθοντα
1133 3221 1278 3297 ἀνεχώρει
1405 3227 1593 3296 στρατηγεῖν
1626 3217 1764 3289 δεδιὼς
1795 3217 1875 3292 ήδη.

685 3324 811 3390 inclusa
834 3324 963 3388 induxit
986 3324 1183 3410 Kruegorus.

732 3541 775 3606 IV
800 3564 826 3607 o.
853 3541 895 3608 27
921 3541 975 3627 §5
1008 3540 1104 3609 Oleon
1130 3541 1267 3606 affirmat
1291 3541 1388 3625 ρρθδιον
1412 3536 1488 3604 εἶναι
1513 3542 1533 3581 *
1556 3550 1753 3621 παρασκευή,
1777 3543 1803 3606 εῖ
1827 3540 1878 3606 θν-

687 3649 750 3728 δρεε
775 3645 834 3712 εἶεν
859 3649 884 3711 οῖ
909 3648 1081 3725 στρατηγοί
1089 3697 1097 3725 ,
1123 3651 1324 3718 πλεύσαντας
1350 3647 1463 3721 λαβεῖν
1488 3646 1558 3719 τοὺς
1581 3650 1612 3711 ἐν
1637 3658 1674 3726 τῇ
1698 3649 1786 3726 νήσῳ.

733 3755 903 3820 Adiectivo
928 3777 985 3820 suo
1009 3775 1113 3820 cerere
1131 3755 1261 3819 videtur
1281 3755 1344 3819 dat.
1367 3763 1548 3833 παρασκευή
1568 3760 1601 3819 et
1617 3754 1791 3841 legendum
1810 3775 1879 3820 esse

687 3863 848 3946 suspicor:
882 3862 1051 3941 (ἱκανή)
1085 3871 1277 3941 παρασκευή.
1314 3858 1361 3926 cf.
1395 3880 1422 3924 c.
1446 3858 1490 3924 28
1515 3861 1532 3943 ᾗ
1554 3860 1590 3924 l:
1616 3860 1753 3924 ἐκέλευεν
1774 3859 1801 3938 (θ
1825 3868 1879 3925 Νι-

686 3968 772 4046 ιιθαι)
797 3964 837 4041 ήν
861 3991 954 4031 τινα
979 3967 1185 4044 βούλεται
1210 3967 1382 4044 δύναμιν
1401 3965 1545 4043 λαβόντα
1566 3965 1599 4029 τθ
1620 3966 1671 4030 ἐπὶ
1692 3970 1778 4043 σΦοῖι
1800 3962 1877 4029 εἶναι

687 4075 862 4153 ἐπιχειρεῖν.

732 4281 775 4345 IV
800 4305 825 4347 o.
851 4281 894 4346 29
920 4283 937 4365 §
960 4280 990 4345 1.

732 4388 783 4452 καὶ
817 4388 844 4467 (ὃ
871 4387 985 4466 Κλέων)
1008 4384 1116 4450 ποθντοι
1141 4382 1392 4462 διαπραξάμενοι
1418 4384 1447 4447 ἐν
1472 4392 1509 4464 τῇ
1535 4382 1684 4465 ἐκκλησία
1706 4379 1787 4464 [καὶ
1812 4384 1878 4455 ψη-

687 4494 925 4572 Φισαμένων
958 4491 1177 4565 Ἀθηναίων
1200 4491 1306 4570 αὐτῷ
1331 4492 1398 4554 τὸν
1423 4491 1566 4571 πλοῦν]
1589 4495 1647 4551 τῶν
1671 4511 1705 4550 τε
1730 4487 1760 4548 ἐν
1784 4485 1876 4564 Πθλιρ

686 4604 868 4678 στρατηγῶν
900 4594 953 4662 ἕνα
985 4597 1222 4680 προσελθρεενος,
1257 4594 1452 4672 Δημοσθένη,
1478 4595 1533 4668 τήν
1555 4593 1725 4670 ἀναγωγήν
1748 4590 1798 4655 διὰ
1822 4589 1878 4653 τοέ-

685 4728 762 4787 χονε
787 4705 927 4768 ἐποιεῖτο.

732 4810 879 4875 Affirmot
902 4811 1031 4894 Poppo,
1057 4808 1141 4893 quod
1165 4828 1259 4873 nomo
1282 4812 1398 4893 negot,
1422 4805 1508 4870 houd
1530 4807 1577 4869 ite
1597 4823 1668 4869 raro
1688 4803 1773 4887 opud
1793 4801 1878 4868 uhu-

685 4917 835 5004 oydidem
866 4919 1033 5002 genetivus
1067 4912 1228 4979 absolutos
1259 4934 1317 4998 per
1339 4910 1486 4997 copulem
1511 4910 1578 4975 καὶ
1602 4931 1676 4975 oum
1700 4911 1877 4996 participiis
