<?xml version="1.0" encoding="UTF-8"?>
<!DOCTYPE html PUBLIC "-//W3C//DTD XHTML 1.0 Transitional//EN"
    "http://www.w3.org/TR/xhtml1/DTD/xhtml1-transitional.dtd">
<html xmlns="http://www.w3.org/1999/xhtml" xml:lang="en" lang="en">
 <head>
  <title>
</title>
<meta http-equiv="Content-Type" content="text/html;charset=utf-8" />
  <meta name='ocr-system' content='tesseract 3.04.00' />
  <meta name='ocr-capabilities' content='ocr_page ocr_carea ocr_par ocr_line ocrx_word'/>
</head>
<body>
  <div class='ocr_page' id='page_1' title='image "./mnemosyne04verdgoog_0033.png"; bbox 0 0 5125 6150; ppageno 0'>
   <div class='ocr_carea' id='block_1_1' title="bbox 686 796 1517 863">
    <p class='ocr_par' dir='ltr' id='par_1_1' title="bbox 686 796 1517 863">
     <span class='ocr_line' id='line_1_1' title="bbox 686 796 1517 863; baseline -0.002 0"><span class='ocrx_word' id='word_1_1' title='bbox 686 796 729 863; x_wconf 77' lang='grc'><strong>30</strong></span> <span class='ocrx_word' id='word_1_2' title='bbox 1037 812 1079 861; x_wconf 83' lang='lat' dir='ltr'><strong>nr</strong></span> <span class='ocrx_word' id='word_1_3' title='bbox 1101 809 1308 860; x_wconf 74' lang='lat' dir='ltr'><strong>anemoria</strong></span> <span class='ocrx_word' id='word_1_4' title='bbox 1328 810 1517 862; x_wconf 70' lang='lat' dir='ltr'><strong>mussona.</strong></span> 
     </span>
    </p>
   </div>
   <div class='ocr_carea' id='block_1_2' title="bbox 683 974 1870 4244">
    <p class='ocr_par' dir='ltr' id='par_1_2' title="bbox 684 974 1868 1152">
     <span class='ocr_line' id='line_1_2' title="bbox 684 974 1868 1065; baseline 0.001 -22"><span class='ocrx_word' id='word_1_5' title='bbox 684 978 810 1065; x_wconf 89' lang='lat' dir='ltr'><strong>lapideo</strong></span> <span class='ocrx_word' id='word_1_6' title='bbox 830 974 1063 1041; x_wconf 87' lang='lat' dir='ltr'><strong>circumdatum</strong></span> <span class='ocrx_word' id='word_1_7' title='bbox 1083 976 1160 1039; x_wconf 92' lang='lat' dir='ltr'><strong>seris</strong></span> <span class='ocrx_word' id='word_1_8' title='bbox 1176 975 1312 1040; x_wconf 90' lang='lat' dir='ltr'><strong>saeculis</strong></span> <span class='ocrx_word' id='word_1_9' title='bbox 1322 979 1460 1060; x_wconf 89' lang='lat' dir='ltr'><strong>speeiem</strong></span> <span class='ocrx_word' id='word_1_10' title='bbox 1473 977 1620 1063; x_wconf 91' lang='lat' dir='ltr'><strong>praebuit</strong></span> <span class='ocrx_word' id='word_1_11' title='bbox 1631 980 1868 1044; x_wconf 79' lang='lat' dir='ltr'><strong>vetustissimae</strong></span> 
     </span>
     <span class='ocr_line' id='line_1_3' title="bbox 686 1082 1675 1152; baseline 0.003 -3"><span class='ocrx_word' id='word_1_12' title='bbox 686 1082 871 1150; x_wconf 88' lang='lat' dir='ltr'><strong>aedificandi</strong></span> <span class='ocrx_word' id='word_1_13' title='bbox 894 1084 982 1147; x_wconf 87' lang='lat' dir='ltr'><strong>artie.</strong></span> <span class='ocrx_word' id='word_1_14' title='bbox 1670 1142 1675 1152; x_wconf 95' lang='lat'>.</span> 
     </span>
    </p>

    <p class='ocr_par' dir='ltr' id='par_1_3' title="bbox 684 1186 1870 2444">
     <span class='ocr_line' id='line_1_4' title="bbox 732 1186 1869 1275; baseline 0.001 -20"><span class='ocrx_word' id='word_1_15' title='bbox 732 1190 818 1270; x_wconf 80' lang='lat' dir='ltr'><strong>Quae</strong></span> <span class='ocrx_word' id='word_1_16' title='bbox 852 1188 937 1255; x_wconf 89' lang='lat' dir='ltr'><strong>fama</strong></span> <span class='ocrx_word' id='word_1_17' title='bbox 971 1186 1153 1272; x_wconf 78' lang='lat' dir='ltr'><strong>Trophonio</strong></span> <span class='ocrx_word' id='word_1_18' title='bbox 1188 1188 1272 1253; x_wconf 89' lang='lat' dir='ltr'><strong>unde</strong></span> <span class='ocrx_word' id='word_1_19' title='bbox 1306 1192 1440 1266; x_wconf 77' lang='lat' dir='ltr'><strong>venerit,</strong></span> <span class='ocrx_word' id='word_1_20' title='bbox 1471 1193 1543 1275; x_wconf 89' lang='lat' dir='ltr'><strong>quis</strong></span> <span class='ocrx_word' id='word_1_21' title='bbox 1573 1190 1706 1268; x_wconf 88' lang='lat' dir='ltr'><strong>dixerit;</strong></span> <span class='ocrx_word' id='word_1_22' title='bbox 1736 1190 1869 1256; x_wconf 86' lang='lat' dir='ltr'><strong>fortasse</strong></span> 
     </span>
     <span class='ocr_line' id='line_1_5' title="bbox 687 1293 1870 1384; baseline -0.003 -20"><span class='ocrx_word' id='word_1_23' title='bbox 687 1300 845 1384; x_wconf 75' lang='lat' dir='ltr'><strong>originem</strong></span> <span class='ocrx_word' id='word_1_24' title='bbox 875 1294 966 1359; x_wconf 84' lang='lat' dir='ltr'><strong>duxit</strong></span> <span class='ocrx_word' id='word_1_25' title='bbox 997 1315 1015 1359; x_wconf 91' lang='lat' dir='ltr'><strong>e</strong></span> <span class='ocrx_word' id='word_1_26' title='bbox 1038 1293 1194 1380; x_wconf 77' lang='lat' dir='ltr'><strong>singulari</strong></span> <span class='ocrx_word' id='word_1_27' title='bbox 1217 1300 1379 1359; x_wconf 79' lang='lat' dir='ltr'>structura</span> <span class='ocrx_word' id='word_1_28' title='bbox 1401 1295 1569 1380; x_wconf 73' lang='lat' dir='ltr'><strong>speluncae</strong></span> <span class='ocrx_word' id='word_1_29' title='bbox 1592 1317 1689 1380; x_wconf 90' lang='lat' dir='ltr'><strong>qnam</strong></span> <span class='ocrx_word' id='word_1_30' title='bbox 1711 1295 1790 1361; x_wconf 90' lang='lat' dir='ltr'><strong>deus</strong></span> <span class='ocrx_word' id='word_1_31' title='bbox 1812 1295 1870 1361; x_wconf 77' lang='lat' dir='ltr'><strong>he</strong></span> 
     </span>
     <span class='ocr_line' id='line_1_6' title="bbox 685 1399 1868 1470; baseline -0.003 0"><span class='ocrx_word' id='word_1_32' title='bbox 685 1403 802 1470; x_wconf 90' lang='lat' dir='ltr'><strong>badeae</strong></span> <span class='ocrx_word' id='word_1_33' title='bbox 836 1423 900 1467; x_wconf 93' lang='lat' dir='ltr'><strong>non</strong></span> <span class='ocrx_word' id='word_1_34' title='bbox 934 1399 1027 1465; x_wconf 92' lang='lat' dir='ltr'><strong>modo</strong></span> <span class='ocrx_word' id='word_1_35' title='bbox 1058 1400 1216 1465; x_wconf 78' lang='lat' dir='ltr'><strong>habitasse</strong></span> <span class='ocrx_word' id='word_1_36' title='bbox 1246 1400 1301 1465; x_wconf 90' lang='lat' dir='ltr'><strong>sed</strong></span> <span class='ocrx_word' id='word_1_37' title='bbox 1332 1402 1430 1465; x_wconf 87' lang='lat' dir='ltr'><strong>etiam</strong></span> <span class='ocrx_word' id='word_1_38' title='bbox 1459 1405 1672 1467; x_wconf 78' lang='lat' dir='ltr'><strong>construxisse</strong></span> <span class='ocrx_word' id='word_1_39' title='bbox 1695 1401 1868 1467; x_wconf 90' lang='lat' dir='ltr'><strong>dicebatur.</strong></span> 
     </span>
     <span class='ocr_line' id='line_1_7' title="bbox 686 1504 1869 1592; baseline -0.002 -18"><span class='ocrx_word' id='word_1_40' title='bbox 686 1509 770 1574; x_wconf 90' lang='lat' dir='ltr'><strong>Nam</strong></span> <span class='ocrx_word' id='word_1_41' title='bbox 795 1508 1050 1571; x_wconf 62' lang='lat' dir='ltr'><strong>subtermeare</strong></span> <span class='ocrx_word' id='word_1_42' title='bbox 1073 1507 1259 1591; x_wconf 90' lang='lat' dir='ltr'><strong>praesertim</strong></span> <span class='ocrx_word' id='word_1_43' title='bbox 1282 1504 1435 1571; x_wconf 90' lang='lat' dir='ltr'><strong>cellarum</strong></span> <span class='ocrx_word' id='word_1_44' title='bbox 1458 1505 1723 1572; x_wconf 89' lang='lat' dir='ltr'><strong>aedificandarum</strong></span> <span class='ocrx_word' id='word_1_45' title='bbox 1746 1510 1869 1592; x_wconf 89' lang='lat' dir='ltr'><strong>peritus</strong></span> 
     </span>
     <span class='ocr_line' id='line_1_8' title="bbox 687 1611 1869 1699; baseline -0.002 -18"><span class='ocrx_word' id='word_1_46' title='bbox 687 1636 754 1681; x_wconf 90' lang='lat' dir='ltr'><strong>esse</strong></span> <span class='ocrx_word' id='word_1_47' title='bbox 783 1614 952 1679; x_wconf 84' lang='lat' dir='ltr'><strong>ferebatur.</strong></span> <span class='ocrx_word' id='word_1_48' title='bbox 985 1612 1067 1677; x_wconf 92' lang='lat' dir='ltr'><strong>Utut</strong></span> <span class='ocrx_word' id='word_1_49' title='bbox 1094 1611 1128 1675; x_wconf 94' lang='lat' dir='ltr'><strong>id</strong></span> <span class='ocrx_word' id='word_1_50' title='bbox 1153 1617 1201 1676; x_wconf 91' lang='lat' dir='ltr'><strong>est</strong></span> <span class='ocrx_word' id='word_1_51' title='bbox 1226 1650 1267 1660; x_wconf 88' lang='lat'>—</span> <span class='ocrx_word' id='word_1_52' title='bbox 1292 1617 1325 1676; x_wconf 91' lang='lat' dir='ltr'><strong>et</strong></span> <span class='ocrx_word' id='word_1_53' title='bbox 1347 1633 1430 1677; x_wconf 92' lang='lat' dir='ltr'><strong>nunc</strong></span> <span class='ocrx_word' id='word_1_54' title='bbox 1456 1612 1584 1678; x_wconf 90' lang='lat' dir='ltr'><strong>tandem</strong></span> <span class='ocrx_word' id='word_1_55' title='bbox 1606 1613 1645 1678; x_wconf 93' lang='lat' dir='ltr'><strong>ad</strong></span> <span class='ocrx_word' id='word_1_56' title='bbox 1668 1616 1869 1699; x_wconf 90' lang='lat' dir='ltr'><strong>propositum</strong></span> 
     </span>
     <span class='ocr_line' id='line_1_9' title="bbox 686 1720 1869 1802; baseline -0.001 -16"><span class='ocrx_word' id='word_1_57' title='bbox 686 1723 878 1788; x_wconf 80' lang='lat' dir='ltr'><strong>revertimur</strong></span> <span class='ocrx_word' id='word_1_58' title='bbox 899 1755 942 1767; x_wconf 88' lang='lat'>-</span> <span class='ocrx_word' id='word_1_59' title='bbox 960 1739 1075 1783; x_wconf 91' lang='lat' dir='ltr'><strong>nomen</strong></span> <span class='ocrx_word' id='word_1_60' title='bbox 1098 1720 1197 1802; x_wconf 90' lang='lat' dir='ltr'><strong>patris</strong></span> <span class='ocrx_word' id='word_1_61' title='bbox 1222 1720 1359 1796; x_wconf 75' lang='grc' dir='ltr'><strong><em>Ἐργίνου</em></strong></span> <span class='ocrx_word' id='word_1_62' title='bbox 1380 1722 1448 1784; x_wconf 82' lang='lat' dir='ltr'><strong>sive</strong></span> <span class='ocrx_word' id='word_1_63' title='bbox 1467 1720 1622 1783; x_wconf 77' lang='lat' dir='ltr'><strong>architecti</strong></span> <span class='ocrx_word' id='word_1_64' title='bbox 1642 1724 1718 1784; x_wconf 92' lang='lat' dir='ltr'><strong>tunc</strong></span> <span class='ocrx_word' id='word_1_65' title='bbox 1737 1720 1869 1785; x_wconf 90' lang='lat' dir='ltr'><strong>demum</strong></span> 
     </span>
     <span class='ocr_line' id='line_1_10' title="bbox 685 1823 1868 1910; baseline -0.002 -18"><span class='ocrx_word' id='word_1_66' title='bbox 685 1831 853 1892; x_wconf 85' lang='lat' dir='ltr'><strong>inventum</strong></span> <span class='ocrx_word' id='word_1_67' title='bbox 872 1831 906 1890; x_wconf 92' lang='lat' dir='ltr'><strong>et</strong></span> <span class='ocrx_word' id='word_1_68' title='bbox 924 1826 1017 1889; x_wconf 90' lang='lat' dir='ltr'><strong>seriei</strong></span> <span class='ocrx_word' id='word_1_69' title='bbox 1037 1845 1152 1910; x_wconf 88' lang='lat' dir='ltr'><strong>regum</strong></span> <span class='ocrx_word' id='word_1_70' title='bbox 1171 1823 1456 1889; x_wconf 89' lang='lat' dir='ltr'><strong>Orchomeniornm</strong></span> <span class='ocrx_word' id='word_1_71' title='bbox 1475 1827 1632 1890; x_wconf 92' lang='lat' dir='ltr'><strong>insertum</strong></span> <span class='ocrx_word' id='word_1_72' title='bbox 1652 1846 1718 1890; x_wconf 89' lang='lat' dir='ltr'><strong>esea</strong></span> <span class='ocrx_word' id='word_1_73' title='bbox 1731 1824 1868 1905; x_wconf 86' lang='lat' dir='ltr'><strong>videtur,</strong></span> 
     </span>
     <span class='ocr_line' id='line_1_11' title="bbox 686 1929 1869 2018; baseline -0.002 -19"><span class='ocrx_word' id='word_1_74' title='bbox 686 1955 760 1999; x_wconf 88' lang='lat' dir='ltr'><strong>eum</strong></span> <span class='ocrx_word' id='word_1_75' title='bbox 790 1932 989 2018; x_wconf 78' lang='lat' dir='ltr'><strong>Trophonius</strong></span> <span class='ocrx_word' id='word_1_76' title='bbox 1017 1934 1084 1995; x_wconf 91' lang='lat' dir='ltr'><strong>iam</strong></span> <span class='ocrx_word' id='word_1_77' title='bbox 1114 1929 1216 2017; x_wconf 78' lang='lat' dir='ltr'><strong>vulgo</strong></span> <span class='ocrx_word' id='word_1_78' title='bbox 1239 1938 1276 1995; x_wconf 93' lang='lat' dir='ltr'><strong>ut</strong></span> <span class='ocrx_word' id='word_1_79' title='bbox 1298 1932 1491 1996; x_wconf 76' lang='lat' dir='ltr'><strong>architectus</strong></span> <span class='ocrx_word' id='word_1_80' title='bbox 1514 1930 1741 2009; x_wconf 89' lang='lat' dir='ltr'><strong>celebraretur;</strong></span> <span class='ocrx_word' id='word_1_81' title='bbox 1766 1954 1784 1997; x_wconf 94' lang='lat' dir='ltr'><strong>e</strong></span> <span class='ocrx_word' id='word_1_82' title='bbox 1808 1953 1869 2018; x_wconf 92' lang='lat' dir='ltr'><strong>qua</strong></span> 
     </span>
     <span class='ocr_line' id='line_1_12' title="bbox 685 2038 1869 2127; baseline -0.001 -22"><span class='ocrx_word' id='word_1_83' title='bbox 685 2043 800 2127; x_wconf 90' lang='lat' dir='ltr'><strong>peritia</strong></span> <span class='ocrx_word' id='word_1_84' title='bbox 834 2039 1030 2125; x_wconf 89' lang='lat' dir='ltr'><strong>Agamedem</strong></span> <span class='ocrx_word' id='word_1_85' title='bbox 1065 2058 1191 2123; x_wconf 90' lang='lat' dir='ltr'><strong>quoque</strong></span> <span class='ocrx_word' id='word_1_86' title='bbox 1222 2059 1338 2102; x_wconf 88' lang='lat' dir='ltr'><strong>nomen</strong></span> <span class='ocrx_word' id='word_1_87' title='bbox 1370 2059 1467 2104; x_wconf 87' lang='lat' dir='ltr'><strong>auum</strong></span> <span class='ocrx_word' id='word_1_88' title='bbox 1496 2038 1624 2104; x_wconf 75' lang='lat' dir='ltr'><strong>duxisse</strong></span> <span class='ocrx_word' id='word_1_89' title='bbox 1644 2042 1715 2104; x_wconf 89' lang='lat' dir='ltr'><strong>iure</strong></span> <span class='ocrx_word' id='word_1_90' title='bbox 1738 2039 1869 2104; x_wconf 87' lang='lat' dir='ltr'><strong>fortasse</strong></span> 
     </span>
     <span class='ocr_line' id='line_1_13' title="bbox 685 2142 1868 2231; baseline -0.002 -20"><span class='ocrx_word' id='word_1_91' title='bbox 685 2145 800 2231; x_wconf 87' lang='lat' dir='ltr'><strong>aliquia</strong></span> <span class='ocrx_word' id='word_1_92' title='bbox 819 2144 1023 2210; x_wconf 88' lang='lat' dir='ltr'><strong>contenderit.</strong></span> <span class='ocrx_word' id='word_1_93' title='bbox 1045 2142 1133 2208; x_wconf 88' lang='lat' dir='ltr'><strong>Tune</strong></span> <span class='ocrx_word' id='word_1_94' title='bbox 1153 2142 1286 2208; x_wconf 89' lang='lat' dir='ltr'><strong>Daedali</strong></span> <span class='ocrx_word' id='word_1_95' title='bbox 1303 2165 1378 2208; x_wconf 89' lang='lat' dir='ltr'><strong>cum</strong></span> <span class='ocrx_word' id='word_1_96' title='bbox 1396 2147 1438 2208; x_wconf 89' lang='lat' dir='ltr'><strong>iis</strong></span> <span class='ocrx_word' id='word_1_97' title='bbox 1457 2147 1660 2209; x_wconf 88' lang='lat' dir='ltr'><strong>coniunctum</strong></span> <span class='ocrx_word' id='word_1_98' title='bbox 1681 2152 1730 2209; x_wconf 89' lang='lat' dir='ltr'><strong>ast</strong></span> <span class='ocrx_word' id='word_1_99' title='bbox 1742 2167 1868 2223; x_wconf 90' lang='lat' dir='ltr'><strong>nomen,</strong></span> 
     </span>
     <span class='ocr_line' id='line_1_14' title="bbox 685 2249 1869 2338; baseline 0 -22"><span class='ocrx_word' id='word_1_100' title='bbox 685 2273 781 2338; x_wconf 90' lang='lat' dir='ltr'><strong>quem</strong></span> <span class='ocrx_word' id='word_1_101' title='bbox 800 2272 895 2337; x_wconf 93' lang='lat' dir='ltr'><strong>prope</strong></span> <span class='ocrx_word' id='word_1_102' title='bbox 918 2256 1047 2315; x_wconf 87' lang='lat' dir='ltr'><strong>antrum</strong></span> <span class='ocrx_word' id='word_1_103' title='bbox 1070 2249 1231 2315; x_wconf 85' lang='lat' dir='ltr'><strong>Lebadeae</strong></span> <span class='ocrx_word' id='word_1_104' title='bbox 1253 2256 1394 2315; x_wconf 90' lang='lat' dir='ltr'><strong>statuam</strong></span> <span class='ocrx_word' id='word_1_105' title='bbox 1417 2254 1561 2336; x_wconf 90' lang='lat' dir='ltr'><strong>posuisse</strong></span> <span class='ocrx_word' id='word_1_106' title='bbox 1585 2290 1627 2300; x_wconf 94' lang='lat'><em>-</em></span> <span class='ocrx_word' id='word_1_107' title='bbox 1654 2254 1776 2337; x_wconf 88' lang='lat' dir='ltr'><strong>priscae</strong></span> <span class='ocrx_word' id='word_1_108' title='bbox 1799 2251 1869 2316; x_wconf 89' lang='lat' dir='ltr'><strong>reli·</strong></span> 
     </span>
     <span class='ocr_line' id='line_1_15' title="bbox 684 2354 1823 2444; baseline -0.001 -21"><span class='ocrx_word' id='word_1_109' title='bbox 684 2360 789 2444; x_wconf 90' lang='lat' dir='ltr'><strong>gionis</strong></span> <span class='ocrx_word' id='word_1_110' title='bbox 812 2357 1039 2422; x_wconf 90' lang='lat' dir='ltr'><strong>documentum</strong></span> <span class='ocrx_word' id='word_1_111' title='bbox 1063 2392 1105 2403; x_wconf 91' lang='lat'>-</span> <span class='ocrx_word' id='word_1_112' title='bbox 1129 2354 1213 2442; x_wconf 89' lang='lat' dir='ltr'><strong>apud</strong></span> <span class='ocrx_word' id='word_1_113' title='bbox 1235 2356 1428 2421; x_wconf 91' lang='lat' dir='ltr'><strong>Pausaniam</strong></span> <span class='ocrx_word' id='word_1_114' title='bbox 1452 2356 1522 2436; x_wconf 84' lang='lat' dir='ltr'><strong>(IX,</strong></span> <span class='ocrx_word' id='word_1_115' title='bbox 1547 2356 1600 2435; x_wconf 85' lang='lat'><strong>39,</strong></span> <span class='ocrx_word' id='word_1_116' title='bbox 1613 2356 1648 2435; x_wconf 87' lang='lat'><strong>8)</strong></span> <span class='ocrx_word' id='word_1_117' title='bbox 1672 2356 1823 2444; x_wconf 87' lang='lat' dir='ltr'><strong>legimus.</strong></span> 
     </span>
    </p>

    <p class='ocr_par' dir='ltr' id='par_1_4' title="bbox 683 2461 1869 3931">
     <span class='ocr_line' id='line_1_16' title="bbox 731 2461 1867 2549; baseline 0.001 -21"><span class='ocrx_word' id='word_1_118' title='bbox 731 2463 877 2528; x_wconf 81' lang='lat' dir='ltr'><strong>Vidimus</strong></span> <span class='ocrx_word' id='word_1_119' title='bbox 909 2465 1012 2549; x_wconf 91' lang='lat' dir='ltr'><strong>igitur</strong></span> <span class='ocrx_word' id='word_1_120' title='bbox 1043 2461 1154 2528; x_wconf 86' lang='lat' dir='ltr'><strong>Iovem</strong></span> <span class='ocrx_word' id='word_1_121' title='bbox 1188 2464 1348 2542; x_wconf 79' lang='grc' dir='ltr'><strong><em>οροφώνιον</em></strong></span> <span class='ocrx_word' id='word_1_122' title='bbox 1378 2463 1494 2543; x_wconf 79' lang='grc' dir='ltr'><strong><em>χθόνιον</em></strong></span> <span class='ocrx_word' id='word_1_123' title='bbox 1525 2485 1542 2528; x_wconf 95' lang='lat' dir='ltr'><strong>e</strong></span> <span class='ocrx_word' id='word_1_124' title='bbox 1573 2463 1725 2549; x_wconf 91' lang='lat' dir='ltr'><strong>spelunca</strong></span> <span class='ocrx_word' id='word_1_125' title='bbox 1753 2486 1811 2531; x_wconf 91' lang='lat' dir='ltr'><strong>sua</strong></span> <span class='ocrx_word' id='word_1_126' title='bbox 1833 2466 1867 2529; x_wconf 93' lang='lat' dir='ltr'><strong>in</strong></span> 
     </span>
     <span class='ocr_line' id='line_1_17' title="bbox 686 2568 1868 2655; baseline 0.001 -20"><span class='ocrx_word' id='word_1_127' title='bbox 686 2570 793 2636; x_wconf 90' lang='lat' dir='ltr'><strong>lucem</strong></span> <span class='ocrx_word' id='word_1_128' title='bbox 817 2571 908 2655; x_wconf 90' lang='lat' dir='ltr'><strong>qnasi</strong></span> <span class='ocrx_word' id='word_1_129' title='bbox 931 2573 1127 2653; x_wconf 90' lang='lat' dir='ltr'><strong>protractum</strong></span> <span class='ocrx_word' id='word_1_130' title='bbox 1150 2571 1183 2633; x_wconf 94' lang='lat' dir='ltr'><strong>in</strong></span> <span class='ocrx_word' id='word_1_131' title='bbox 1205 2568 1285 2633; x_wconf 91' lang='lat' dir='ltr'><strong>duos</strong></span> <span class='ocrx_word' id='word_1_132' title='bbox 1307 2570 1419 2634; x_wconf 90' lang='lat' dir='ltr'><strong>heroas</strong></span> <span class='ocrx_word' id='word_1_133' title='bbox 1441 2571 1573 2646; x_wconf 91' lang='lat' dir='ltr'><strong>abiisse,</strong></span> <span class='ocrx_word' id='word_1_134' title='bbox 1597 2571 1868 2655; x_wconf 88' lang='lat' dir='ltr'><strong>quemadmodum</strong></span> 
     </span>
     <span class='ocr_line' id='line_1_18' title="bbox 685 2676 1869 2765; baseline -0.003 -22"><span class='ocrx_word' id='word_1_135' title='bbox 685 2677 899 2763; x_wconf 82' lang='lat' dir='ltr'><strong>Amphiaraus</strong></span> <span class='ocrx_word' id='word_1_136' title='bbox 922 2683 969 2740; x_wconf 90' lang='lat' dir='ltr'><strong>est</strong></span> <span class='ocrx_word' id='word_1_137' title='bbox 993 2680 1086 2740; x_wconf 88' lang='lat' dir='ltr'><strong>natue</strong></span> <span class='ocrx_word' id='word_1_138' title='bbox 1109 2695 1126 2740; x_wconf 91' lang='lat' dir='ltr'><strong>e</strong></span> <span class='ocrx_word' id='word_1_139' title='bbox 1148 2676 1223 2741; x_wconf 91' lang='lat' dir='ltr'><strong>Iove</strong></span> <span class='ocrx_word' id='word_1_140' title='bbox 1246 2677 1442 2761; x_wconf 89' lang='lat' dir='ltr'><strong>Amphiarao</strong></span> <span class='ocrx_word' id='word_1_141' title='bbox 1465 2682 1498 2741; x_wconf 91' lang='lat' dir='ltr'><strong>et</strong></span> <span class='ocrx_word' id='word_1_142' title='bbox 1520 2677 1741 2741; x_wconf 82' lang='lat' dir='ltr'><strong>subterraneus</strong></span> <span class='ocrx_word' id='word_1_143' title='bbox 1762 2677 1869 2765; x_wconf 89' lang='lat' dir='ltr'><strong>Iuppi-</strong></span> 
     </span>
     <span class='ocr_line' id='line_1_19' title="bbox 686 2782 1869 2870; baseline -0.001 -21"><span class='ocrx_word' id='word_1_144' title='bbox 686 2790 735 2849; x_wconf 91' lang='lat' dir='ltr'><strong>ter</strong></span> <span class='ocrx_word' id='word_1_145' title='bbox 770 2783 918 2870; x_wconf 89' lang='lat' dir='ltr'><strong>plurimis</strong></span> <span class='ocrx_word' id='word_1_146' title='bbox 947 2782 1024 2846; x_wconf 89' lang='lat' dir='ltr'><strong>loeis</strong></span> <span class='ocrx_word' id='word_1_147' title='bbox 1054 2784 1270 2863; x_wconf 77' lang='lat' dir='ltr'><strong>copnominitue</strong></span> <span class='ocrx_word' id='word_1_148' title='bbox 1300 2783 1395 2847; x_wconf 77' lang='lat' dir='ltr'><strong>ccriie</strong></span> <span class='ocrx_word' id='word_1_149' title='bbox 1423 2784 1639 2859; x_wconf 84' lang='lat' dir='ltr'><strong>invocabatur,</strong></span> <span class='ocrx_word' id='word_1_150' title='bbox 1663 2783 1770 2869; x_wconf 92' lang='lat' dir='ltr'><strong>qualia</strong></span> <span class='ocrx_word' id='word_1_151' title='bbox 1793 2789 1869 2849; x_wconf 95' lang='lat' dir='ltr'><strong>sunt</strong></span> 
     </span>
     <span class='ocr_line' id='line_1_20' title="bbox 686 2887 1868 2976; baseline 0 -21"><span class='ocrx_word' id='word_1_152' title='bbox 686 2890 763 2962; x_wconf 80' lang='grc' dir='ltr'>Ζεὺς</span> <span class='ocrx_word' id='word_1_153' title='bbox 786 2887 944 2965; x_wconf 80' lang='grc' dir='ltr'><strong><em>Εὔβουλος</em></strong></span> <span class='ocrx_word' id='word_1_154' title='bbox 968 2887 1019 2953; x_wconf 88' lang='lat' dir='ltr'><strong>vel</strong></span> <span class='ocrx_word' id='word_1_155' title='bbox 1043 2887 1240 2964; x_wconf 81' lang='grc' dir='ltr'><strong><em>Εὐβουλούς,</em></strong></span> <span class='ocrx_word' id='word_1_156' title='bbox 1261 2897 1422 2966; x_wconf 66' lang='lat' dir='ltr'><strong>uocauere,</strong></span> <span class='ocrx_word' id='word_1_157' title='bbox 1443 2889 1617 2967; x_wconf 79' lang='grc' dir='ltr'><strong><em>Κλόμενος;</em></strong></span> <span class='ocrx_word' id='word_1_158' title='bbox 1639 2911 1718 2976; x_wconf 91' lang='lat' dir='ltr'><strong>quae</strong></span> <span class='ocrx_word' id='word_1_159' title='bbox 1738 2892 1868 2955; x_wconf 89' lang='lat' dir='ltr'><strong>nomina</strong></span> 
     </span>
     <span class='ocr_line' id='line_1_21' title="bbox 686 2993 1867 3082; baseline -0.003 -20"><span class='ocrx_word' id='word_1_160' title='bbox 686 3018 723 3063; x_wconf 86' lang='lat' dir='ltr'><strong>ex</strong></span> <span class='ocrx_word' id='word_1_161' title='bbox 748 2995 968 3082; x_wconf 88' lang='lat' dir='ltr'><strong>euphemismo</strong></span> <span class='ocrx_word' id='word_1_162' title='bbox 987 3000 1061 3059; x_wconf 92' lang='lat' dir='ltr'><strong>nata</strong></span> <span class='ocrx_word' id='word_1_163' title='bbox 1080 2993 1154 3059; x_wconf 89' lang='lat' dir='ltr'><strong>licet</strong></span> <span class='ocrx_word' id='word_1_164' title='bbox 1171 2997 1205 3058; x_wconf 91' lang='lat' dir='ltr'><strong>in</strong></span> <span class='ocrx_word' id='word_1_165' title='bbox 1224 2998 1351 3080; x_wconf 90' lang='lat' dir='ltr'><strong>propria</strong></span> <span class='ocrx_word' id='word_1_166' title='bbox 1370 3016 1431 3059; x_wconf 92' lang='lat' dir='ltr'><strong>non</strong></span> <span class='ocrx_word' id='word_1_167' title='bbox 1453 2998 1651 3072; x_wconf 86' lang='lat' dir='ltr'><strong>transierint,</strong></span> <span class='ocrx_word' id='word_1_168' title='bbox 1672 2995 1740 3060; x_wconf 91' lang='lat' dir='ltr'><strong>fieri</strong></span> <span class='ocrx_word' id='word_1_169' title='bbox 1759 3000 1867 3061; x_wconf 87' lang='lat' dir='ltr'><strong>tamen</strong></span> 
     </span>
     <span class='ocr_line' id='line_1_22' title="bbox 684 3101 1868 3190; baseline 0 -22"><span class='ocrx_word' id='word_1_170' title='bbox 684 3103 718 3168; x_wconf 94' lang='lat' dir='ltr'><strong>id</strong></span> <span class='ocrx_word' id='word_1_171' title='bbox 746 3105 887 3190; x_wconf 88' lang='lat' dir='ltr'><strong>potuisse</strong></span> <span class='ocrx_word' id='word_1_172' title='bbox 917 3102 1008 3167; x_wconf 94' lang='lat' dir='ltr'><strong>docet</strong></span> <span class='ocrx_word' id='word_1_173' title='bbox 1038 3123 1094 3166; x_wconf 93' lang='lat' dir='ltr'><strong>nos</strong></span> <span class='ocrx_word' id='word_1_174' title='bbox 1125 3101 1259 3187; x_wconf 84' lang='lat' dir='ltr'><strong>Dionysi</strong></span> <span class='ocrx_word' id='word_1_175' title='bbox 1282 3101 1483 3187; x_wconf 80' lang='lat' dir='ltr'><strong>exemplum,</strong></span> <span class='ocrx_word' id='word_1_176' title='bbox 1509 3106 1564 3189; x_wconf 88' lang='lat' dir='ltr'><strong>qui</strong></span> <span class='ocrx_word' id='word_1_177' title='bbox 1588 3101 1654 3168; x_wconf 93' lang='lat' dir='ltr'><strong>solo</strong></span> <span class='ocrx_word' id='word_1_178' title='bbox 1678 3106 1868 3189; x_wconf 89' lang='lat' dir='ltr'><strong>cognomine</strong></span> 
     </span>
     <span class='ocr_line' id='line_1_23' title="bbox 684 3206 1866 3294; baseline -0.002 -19"><span class='ocrx_word' id='word_1_179' title='bbox 684 3209 804 3290; x_wconf 80' lang='grc' dir='ltr'><strong><em>(Εὔιος,</em></strong></span> <span class='ocrx_word' id='word_1_180' title='bbox 837 3209 973 3289; x_wconf 80' lang='grc' dir='ltr'><strong><em>Βρόμιος)</em></strong></span> <span class='ocrx_word' id='word_1_181' title='bbox 1004 3210 1129 3292; x_wconf 87' lang='lat' dir='ltr'><strong>saepius</strong></span> <span class='ocrx_word' id='word_1_182' title='bbox 1160 3206 1343 3283; x_wconf 83' lang='lat' dir='ltr'><strong>advocatur,</strong></span> <span class='ocrx_word' id='word_1_183' title='bbox 1375 3206 1428 3272; x_wconf 86' lang='lat' dir='ltr'><strong>vel</strong></span> <span class='ocrx_word' id='word_1_184' title='bbox 1451 3208 1523 3272; x_wconf 87' lang='lat' dir='ltr'><strong>Orci</strong></span> <span class='ocrx_word' id='word_1_185' title='bbox 1547 3212 1602 3294; x_wconf 90' lang='lat' dir='ltr'><strong>qui</strong></span> <span class='ocrx_word' id='word_1_186' title='bbox 1625 3207 1710 3294; x_wconf 89' lang='lat' dir='ltr'><strong>apud</strong></span> <span class='ocrx_word' id='word_1_187' title='bbox 1732 3207 1866 3274; x_wconf 88' lang='lat' dir='ltr'><strong>Nicand.</strong></span> 
     </span>
     <span class='ocr_line' id='line_1_24' title="bbox 685 3311 1866 3399; baseline -0.001 -18"><span class='ocrx_word' id='word_1_188' title='bbox 685 3314 736 3382; x_wconf 90' lang='lat' dir='ltr'><strong>Al.</strong></span> <span class='ocrx_word' id='word_1_189' title='bbox 762 3314 802 3380; x_wconf 84' lang='lat'><strong>14</strong></span> <span class='ocrx_word' id='word_1_190' title='bbox 834 3315 924 3380; x_wconf 84' lang='lat' dir='ltr'><strong>br&#39;evi</strong></span> <span class='ocrx_word' id='word_1_191' title='bbox 947 3314 1123 3392; x_wconf 80' lang='grc' dir='ltr'><strong><em>Εὐβουλεός</em></strong></span> <span class='ocrx_word' id='word_1_192' title='bbox 1148 3313 1338 3399; x_wconf 90' lang='lat' dir='ltr'><strong>appellatur.</strong></span> <span class='ocrx_word' id='word_1_193' title='bbox 1363 3311 1611 3379; x_wconf 86' lang='lat' dir='ltr'><strong>Observavimus</strong></span> <span class='ocrx_word' id='word_1_194' title='bbox 1635 3314 1746 3379; x_wconf 91' lang='lat' dir='ltr'><strong>deinde</strong></span> <span class='ocrx_word' id='word_1_195' title='bbox 1769 3314 1866 3380; x_wconf 90' lang='lat' dir='ltr'><strong>deum</strong></span> 
     </span>
     <span class='ocr_line' id='line_1_25' title="bbox 683 3420 1867 3509; baseline -0.002 -22"><span class='ocrx_word' id='word_1_196' title='bbox 683 3423 816 3509; x_wconf 88' lang='lat' dir='ltr'><strong>frugum</strong></span> <span class='ocrx_word' id='word_1_197' title='bbox 846 3421 979 3486; x_wconf 90' lang='lat' dir='ltr'><strong>altorem</strong></span> <span class='ocrx_word' id='word_1_198' title='bbox 993 3420 1018 3500; x_wconf 90' lang='grc'><strong>1)</strong></span> <span class='ocrx_word' id='word_1_199' title='bbox 1048 3421 1229 3506; x_wconf 88' lang='lat' dir='ltr'><strong>praeditum</strong></span> <span class='ocrx_word' id='word_1_200' title='bbox 1252 3421 1350 3485; x_wconf 82' lang='lat' dir='ltr'><strong>inisse</strong></span> <span class='ocrx_word' id='word_1_201' title='bbox 1373 3426 1441 3486; x_wconf 89' lang='lat' dir='ltr'><strong>arte</strong></span> <span class='ocrx_word' id='word_1_202' title='bbox 1464 3421 1573 3485; x_wconf 87' lang='lat' dir='ltr'><strong>futura</strong></span> <span class='ocrx_word' id='word_1_203' title='bbox 1595 3420 1796 3506; x_wconf 92' lang='lat' dir='ltr'><strong>praedicendi</strong></span> <span class='ocrx_word' id='word_1_204' title='bbox 1820 3424 1867 3485; x_wconf 91' lang='lat' dir='ltr'><strong>in·</strong></span> 
     </span>
     <span class='ocr_line' id='line_1_26' title="bbox 684 3526 1866 3612; baseline -0.001 -18"><span class='ocrx_word' id='word_1_205' title='bbox 684 3532 819 3594; x_wconf 89' lang='lat' dir='ltr'><strong>citatum</strong></span> <span class='ocrx_word' id='word_1_206' title='bbox 850 3531 883 3591; x_wconf 85' lang='lat' dir='ltr'><strong>vi</strong></span> <span class='ocrx_word' id='word_1_207' title='bbox 916 3526 972 3592; x_wconf 92' lang='lat' dir='ltr'><strong>illa</strong></span> <span class='ocrx_word' id='word_1_208' title='bbox 1007 3535 1108 3592; x_wconf 88' lang='lat' dir='ltr'><strong>terrae</strong></span> <span class='ocrx_word' id='word_1_209' title='bbox 1144 3547 1224 3611; x_wconf 93' lang='lat' dir='ltr'><strong>quae</strong></span> <span class='ocrx_word' id='word_1_210' title='bbox 1258 3526 1396 3612; x_wconf 86' lang='lat' dir='ltr'><strong>Pythiae</strong></span> <span class='ocrx_word' id='word_1_211' title='bbox 1427 3548 1551 3611; x_wconf 90' lang='lat' dir='ltr'><strong>quoque</strong></span> <span class='ocrx_word' id='word_1_212' title='bbox 1581 3533 1723 3591; x_wconf 89' lang='lat' dir='ltr'><strong>mentem</strong></span> <span class='ocrx_word' id='word_1_213' title='bbox 1754 3527 1866 3593; x_wconf 87' lang='lat' dir='ltr'><strong>divino</strong></span> 
     </span>
     <span class='ocr_line' id='line_1_27' title="bbox 684 3630 1868 3712; baseline 0 -13"><span class='ocrx_word' id='word_1_214' title='bbox 684 3633 790 3700; x_wconf 90' lang='lat' dir='ltr'><strong>afflatu</strong></span> <span class='ocrx_word' id='word_1_215' title='bbox 820 3633 995 3698; x_wconf 89' lang='lat' dir='ltr'><strong>concitabat</strong></span> <span class='ocrx_word' id='word_1_216' title='bbox 1008 3630 1043 3712; x_wconf 85' lang='lat'><strong>²).</strong></span> <span class='ocrx_word' id='word_1_217' title='bbox 1078 3632 1163 3697; x_wconf 91' lang='lat' dir='ltr'><strong>Nam</strong></span> <span class='ocrx_word' id='word_1_218' title='bbox 1186 3635 1268 3697; x_wconf 88' lang='lat' dir='ltr'><strong>sicut</strong></span> <span class='ocrx_word' id='word_1_219' title='bbox 1293 3635 1390 3696; x_wconf 90' lang='lat' dir='ltr'><strong>ceteri</strong></span> <span class='ocrx_word' id='word_1_220' title='bbox 1414 3632 1458 3696; x_wconf 91' lang='lat' dir='ltr'><strong>dii</strong></span> <span class='ocrx_word' id='word_1_221' title='bbox 1481 3632 1625 3697; x_wconf 88' lang='lat' dir='ltr'><strong>ehthonii</strong></span> <span class='ocrx_word' id='word_1_222' title='bbox 1648 3631 1775 3698; x_wconf 86' lang='lat' dir='ltr'><strong>oracula</strong></span> <span class='ocrx_word' id='word_1_223' title='bbox 1797 3633 1868 3699; x_wconf 90' lang='lat' dir='ltr'><strong>ede-</strong></span> 
     </span>
     <span class='ocr_line' id='line_1_28' title="bbox 683 3737 1867 3824; baseline -0.003 -18"><span class='ocrx_word' id='word_1_224' title='bbox 683 3743 760 3807; x_wconf 91' lang='lat' dir='ltr'><strong>bant</strong></span> <span class='ocrx_word' id='word_1_225' title='bbox 793 3739 845 3805; x_wconf 91' lang='lat' dir='ltr'><strong>vel</strong></span> <span class='ocrx_word' id='word_1_226' title='bbox 878 3743 985 3824; x_wconf 89' lang='lat' dir='ltr'><strong>potius</strong></span> <span class='ocrx_word' id='word_1_227' title='bbox 1018 3741 1130 3824; x_wconf 88' lang='lat' dir='ltr'><strong>sopitis</strong></span> <span class='ocrx_word' id='word_1_228' title='bbox 1163 3738 1422 3815; x_wconf 87' lang='lat' dir='ltr'><strong>insusurrabant,</strong></span> <span class='ocrx_word' id='word_1_229' title='bbox 1454 3741 1498 3803; x_wconf 89' lang='lat' dir='ltr'><strong>sic</strong></span> <span class='ocrx_word' id='word_1_230' title='bbox 1527 3737 1659 3824; x_wconf 88' lang='lat' dir='ltr'><strong>Delphis</strong></span> <span class='ocrx_word' id='word_1_231' title='bbox 1690 3741 1769 3823; x_wconf 90' lang='lat' dir='ltr'><strong>ipsis</strong></span> <span class='ocrx_word' id='word_1_232' title='bbox 1792 3745 1867 3803; x_wconf 91' lang='lat' dir='ltr'><strong>ante</strong></span> 
     </span>
     <span class='ocr_line' id='line_1_29' title="bbox 684 3844 1548 3931; baseline -0.005 -18"><span class='ocrx_word' id='word_1_233' title='bbox 684 3846 840 3931; x_wconf 86' lang='lat' dir='ltr'><strong>Apollinis</strong></span> <span class='ocrx_word' id='word_1_234' title='bbox 864 3845 1036 3911; x_wconf 86' lang='lat' dir='ltr'><strong>adventum</strong></span> <span class='ocrx_word' id='word_1_235' title='bbox 1060 3846 1123 3909; x_wconf 86' lang='lat' dir='ltr'><strong>fuit</strong></span> <span class='ocrx_word' id='word_1_236' title='bbox 1145 3853 1289 3921; x_wconf 71' lang='grc' dir='ltr'><strong><em>μαντεῖον</em></strong></span> <span class='ocrx_word' id='word_1_237' title='bbox 1312 3844 1441 3926; x_wconf 76' lang='grc' dir='ltr'><strong><em>χθόνιον,</em></strong></span> <span class='ocrx_word' id='word_1_238' title='bbox 1465 3844 1548 3929; x_wconf 90' lang='lat' dir='ltr'><strong>quod</strong></span> 
     </span>
    </p>

    <p class='ocr_par' dir='ltr' id='par_1_5' title="bbox 952 3948 1588 4244">
     <span class='ocr_line' id='line_1_30' title="bbox 954 3948 1447 4028; baseline 0.002 -15"><span class='ocrx_word' id='word_1_239' title='bbox 954 3950 1163 4022; x_wconf 70' lang='grc' dir='ltr'><strong>ποικιλόνωτος</strong></span> <span class='ocrx_word' id='word_1_240' title='bbox 1187 3948 1309 4023; x_wconf 65' lang='lat' dir='ltr'><strong>circada</strong></span> <span class='ocrx_word' id='word_1_241' title='bbox 1333 3948 1447 4028; x_wconf 71' lang='grc' dir='ltr'><strong><em>δράκων</em></strong></span> 
     </span>
     <span class='ocr_line' id='line_1_31' title="bbox 952 4055 1588 4139; baseline -0.006 -17"><span class='ocrx_word' id='word_1_242' title='bbox 952 4063 1056 4139; x_wconf 76' lang='grc' dir='ltr'><strong><em>σκιερᾷ</em></strong></span> <span class='ocrx_word' id='word_1_243' title='bbox 1081 4056 1288 4137; x_wconf 76' lang='grc' dir='ltr'><strong><em>ιιοοοόχολιιος</em></strong></span> <span class='ocrx_word' id='word_1_244' title='bbox 1312 4056 1458 4138; x_wconf 79' lang='grc' dir='ltr'><strong><em>εὖφόλλρ</em></strong></span> <span class='ocrx_word' id='word_1_245' title='bbox 1482 4055 1588 4138; x_wconf 70' lang='grc' dir='ltr'><strong><em>δάφνᾳ</em></strong></span> 
     </span>
     <span class='ocr_line' id='line_1_32' title="bbox 953 4161 1502 4244; baseline 0.002 -17"><span class='ocrx_word' id='word_1_246' title='bbox 953 4168 1015 4241; x_wconf 73' lang='grc' dir='ltr'><strong><em>γῖος</em></strong></span> <span class='ocrx_word' id='word_1_247' title='bbox 1040 4164 1181 4241; x_wconf 75' lang='grc' dir='ltr'><strong><em>πελώριον</em></strong></span> <span class='ocrx_word' id='word_1_248' title='bbox 1205 4162 1296 4241; x_wconf 74' lang='grc' dir='ltr'><strong><em>τέρος</em></strong></span> <span class='ocrx_word' id='word_1_249' title='bbox 1319 4161 1454 4244; x_wconf 75' lang='grc' dir='ltr'><strong><em>ἄμφεπε</em></strong></span> <span class='ocrx_word' id='word_1_250' title='bbox 1468 4162 1502 4243; x_wconf 77' lang='lat'><strong>³).</strong></span> 
     </span>
    </p>
   </div>
   <div class='ocr_carea' id='block_1_3' title="bbox 683 4269 1867 4462">
    <p class='ocr_par' dir='ltr' id='par_1_6' title="bbox 683 4269 1867 4462">
     <span class='ocr_line' id='line_1_33' title="bbox 683 4269 1867 4359; baseline -0.003 -20"><span class='ocrx_word' id='word_1_251' title='bbox 683 4273 856 4359; x_wconf 76' lang='lat' dir='ltr'><strong>Trophonii</strong></span> <span class='ocrx_word' id='word_1_252' title='bbox 890 4275 998 4335; x_wconf 91' lang='lat' dir='ltr'><strong>autem</strong></span> <span class='ocrx_word' id='word_1_253' title='bbox 1032 4269 1198 4335; x_wconf 89' lang='lat' dir='ltr'><strong>oraculum</strong></span> <span class='ocrx_word' id='word_1_254' title='bbox 1229 4273 1348 4335; x_wconf 89' lang='lat' dir='ltr'><strong>mansit</strong></span> <span class='ocrx_word' id='word_1_255' title='bbox 1379 4270 1463 4356; x_wconf 90' lang='lat' dir='ltr'><strong>qnod</strong></span> <span class='ocrx_word' id='word_1_256' title='bbox 1494 4272 1586 4334; x_wconf 90' lang='lat' dir='ltr'><strong>initio</strong></span> <span class='ocrx_word' id='word_1_257' title='bbox 1617 4269 1721 4334; x_wconf 88' lang='lat' dir='ltr'><strong>fuerat</strong></span> <span class='ocrx_word' id='word_1_258' title='bbox 1750 4291 1786 4336; x_wconf 89' lang='lat' dir='ltr'><strong>ac</strong></span> <span class='ocrx_word' id='word_1_259' title='bbox 1809 4291 1867 4356; x_wconf 92' lang='lat' dir='ltr'><strong>per</strong></span> 
     </span>
     <span class='ocr_line' id='line_1_34' title="bbox 683 4374 1866 4462; baseline -0.002 -16"><span class='ocrx_word' id='word_1_260' title='bbox 683 4382 789 4447; x_wconf 92' lang='lat' dir='ltr'><strong>omnia</strong></span> <span class='ocrx_word' id='word_1_261' title='bbox 820 4378 943 4444; x_wconf 87' lang='lat' dir='ltr'><strong>saecula</strong></span> <span class='ocrx_word' id='word_1_262' title='bbox 975 4376 1163 4441; x_wconf 76' lang='grc' dir='ltr'><strong><em>οἰιοοιόοόόοοο</em></strong></span> <span class='ocrx_word' id='word_1_263' title='bbox 1193 4377 1302 4442; x_wconf 89' lang='lat' dir='ltr'><strong>futura</strong></span> <span class='ocrx_word' id='word_1_264' title='bbox 1330 4376 1566 4462; x_wconf 83' lang='lat' dir='ltr'><strong>praesagiebat,</strong></span> <span class='ocrx_word' id='word_1_265' title='bbox 1602 4374 1761 4460; x_wconf 83' lang='lat' dir='ltr'><strong>Apollinis</strong></span> <span class='ocrx_word' id='word_1_266' title='bbox 1788 4399 1866 4444; x_wconf 87' lang='lat' dir='ltr'><strong>vero</strong></span> 
     </span>
    </p>
   </div>
   <div class='ocr_carea' id='block_1_4' title="bbox 682 4603 1868 5000">
    <p class='ocr_par' dir='ltr' id='par_1_7' title="bbox 682 4603 1868 4832">
     <span class='ocr_line' id='line_1_35' title="bbox 716 4603 1866 4674; baseline -0.003 -16"><span class='ocrx_word' id='word_1_267' title='bbox 716 4611 743 4674; x_wconf 92' lang='lat' dir='ltr'><strong>l)</strong></span> <span class='ocrx_word' id='word_1_268' title='bbox 766 4605 869 4668; x_wconf 79' lang='grc' dir='ltr'><strong><em>τρέφειν.</em></strong></span> <span class='ocrx_word' id='word_1_269' title='bbox 894 4606 1036 4654; x_wconf 83' lang='lat' dir='ltr'><strong>Memoriam</strong></span> <span class='ocrx_word' id='word_1_270' title='bbox 1060 4604 1131 4653; x_wconf 82' lang='lat' dir='ltr'><strong>huius</strong></span> <span class='ocrx_word' id='word_1_271' title='bbox 1153 4605 1191 4652; x_wconf 90' lang='lat' dir='ltr'><strong>dei</strong></span> <span class='ocrx_word' id='word_1_272' title='bbox 1213 4609 1291 4652; x_wconf 80' lang='lat' dir='ltr'><strong>servet</strong></span> <span class='ocrx_word' id='word_1_273' title='bbox 1309 4604 1438 4653; x_wconf 80' lang='lat' dir='ltr'><strong>Pausanias</strong></span> <span class='ocrx_word' id='word_1_274' title='bbox 1456 4603 1498 4662; x_wconf 80' lang='lat' dir='ltr'><strong>lx,</strong></span> <span class='ocrx_word' id='word_1_275' title='bbox 1516 4605 1595 4663; x_wconf 81' lang='lat'><strong>40,1:</strong></span> <span class='ocrx_word' id='word_1_276' title='bbox 1613 4620 1666 4653; x_wconf 90' lang='lat' dir='ltr'><strong>cum</strong></span> <span class='ocrx_word' id='word_1_277' title='bbox 1683 4604 1747 4653; x_wconf 87' lang='lat' dir='ltr'><strong>enirn</strong></span> <span class='ocrx_word' id='word_1_278' title='bbox 1765 4605 1866 4655; x_wconf 79' lang='lat' dir='ltr'><strong>Boeotia</strong></span> 
     </span>
     <span class='ocr_line' id='line_1_36' title="bbox 682 4684 1868 4754; baseline -0.003 -15"><span class='ocrx_word' id='word_1_279' title='bbox 682 4689 723 4739; x_wconf 87' lang='lat' dir='ltr'><strong>diu</strong></span> <span class='ocrx_word' id='word_1_280' title='bbox 746 4688 827 4754; x_wconf 78' lang='lat' dir='ltr'><strong>pluvia</strong></span> <span class='ocrx_word' id='word_1_281' title='bbox 850 4687 963 4736; x_wconf 81' lang='lat' dir='ltr'><strong>caruisset</strong></span> <span class='ocrx_word' id='word_1_282' title='bbox 985 4691 1009 4735; x_wconf 89' lang='lat' dir='ltr'><strong>et</strong></span> <span class='ocrx_word' id='word_1_283' title='bbox 1031 4687 1122 4735; x_wconf 80' lang='lat' dir='ltr'><strong>incolae</strong></span> <span class='ocrx_word' id='word_1_284' title='bbox 1139 4686 1275 4750; x_wconf 85' lang='lat' dir='ltr'><strong>Apollinem</strong></span> <span class='ocrx_word' id='word_1_285' title='bbox 1294 4685 1425 4734; x_wconf 82' lang='lat' dir='ltr'><strong>remedium</strong></span> <span class='ocrx_word' id='word_1_286' title='bbox 1443 4689 1567 4749; x_wconf 76' lang='lat' dir='ltr'><strong>rogarent,</strong></span> <span class='ocrx_word' id='word_1_287' title='bbox 1584 4685 1735 4750; x_wconf 72' lang='grc' dir='ltr'><strong><em>προσέταξεν</em></strong></span> <span class='ocrx_word' id='word_1_288' title='bbox 1754 4684 1768 4740; x_wconf 70' lang='grc' dir='ltr'><strong><em>ἦ</em></strong></span> <span class='ocrx_word' id='word_1_289' title='bbox 1784 4685 1868 4736; x_wconf 82' lang='grc' dir='ltr'><strong><em>Ποθόιο</em></strong></span> 
     </span>
     <span class='ocr_line' id='line_1_37' title="bbox 683 4764 1691 4832; baseline -0.004 -12"><span class='ocrx_word' id='word_1_290' title='bbox 683 4773 749 4830; x_wconf 70' lang='grc' dir='ltr'><strong><em>πορθ</em></strong></span> <span class='ocrx_word' id='word_1_291' title='bbox 767 4768 901 4832; x_wconf 73' lang='grc' dir='ltr'><strong><em>Τροφώνιον</em></strong></span> <span class='ocrx_word' id='word_1_292' title='bbox 919 4765 944 4825; x_wconf 72' lang='grc' dir='ltr'><strong>ἐς</strong></span> <span class='ocrx_word' id='word_1_293' title='bbox 962 4767 1100 4830; x_wconf 69' lang='lat' dir='ltr'><strong>Aufidiam</strong></span> <span class='ocrx_word' id='word_1_294' title='bbox 1121 4767 1232 4816; x_wconf 68' lang='lat' dir='ltr'><strong>laiatico</strong></span> <span class='ocrx_word' id='word_1_295' title='bbox 1250 4766 1361 4829; x_wconf 74' lang='grc' dir='ltr'><strong><em>εὑρέσθαι</em></strong></span> <span class='ocrx_word' id='word_1_296' title='bbox 1379 4769 1447 4827; x_wconf 76' lang='grc' dir='ltr'><strong>παρὰ</strong></span> <span class='ocrx_word' id='word_1_297' title='bbox 1464 4764 1555 4816; x_wconf 73' lang='lat' dir='ltr'><strong>insieco</strong></span> <span class='ocrx_word' id='word_1_298' title='bbox 1573 4769 1603 4816; x_wconf 79' lang='grc' dir='ltr'><strong>τὸ</strong></span> <span class='ocrx_word' id='word_1_299' title='bbox 1617 4767 1691 4829; x_wconf 84' lang='grc' dir='ltr'><strong>’όοομοοΙ</strong></span> 
     </span>
    </p>

    <p class='ocr_par' dir='ltr' id='par_1_8' title="bbox 716 4852 1101 4916">
     <span class='ocr_line' id='line_1_38' title="bbox 716 4852 1101 4916; baseline -0.008 -13"><span class='ocrx_word' id='word_1_300' title='bbox 716 4855 741 4916; x_wconf 78' lang='lat'><strong>2)</strong></span> <span class='ocrx_word' id='word_1_301' title='bbox 756 4854 852 4912; x_wconf 81' lang='lat' dir='ltr'><strong>Cicero,</strong></span> <span class='ocrx_word' id='word_1_302' title='bbox 869 4854 898 4901; x_wconf 86' lang='lat' dir='ltr'><strong>de</strong></span> <span class='ocrx_word' id='word_1_303' title='bbox 918 4852 994 4900; x_wconf 87' lang='lat' dir='ltr'><strong>Diria.</strong></span> <span class='ocrx_word' id='word_1_304' title='bbox 1012 4852 1024 4901; x_wconf 97' lang='lat' dir='ltr'><strong>l</strong></span> <span class='ocrx_word' id='word_1_305' title='bbox 1042 4855 1101 4913; x_wconf 72' lang='lat'><strong>588.</strong></span> 
     </span>
    </p>

    <p class='ocr_par' dir='ltr' id='par_1_9' title="bbox 717 4934 1019 5000">
     <span class='ocr_line' id='line_1_39' title="bbox 717 4934 1019 5000; baseline -0.013 -15"><span class='ocrx_word' id='word_1_306' title='bbox 717 4939 741 4996; x_wconf 79' lang='grc'><strong>3)</strong></span> <span class='ocrx_word' id='word_1_307' title='bbox 761 4935 837 5000; x_wconf 81' lang='lat' dir='ltr'><strong>lphig.</strong></span> <span class='ocrx_word' id='word_1_308' title='bbox 855 4935 925 4983; x_wconf 85' lang='lat' dir='ltr'><strong>Taur.</strong></span> <span class='ocrx_word' id='word_1_309' title='bbox 950 4934 1019 4982; x_wconf 74' lang='lat' dir='ltr'><strong>lass.</strong></span> 
     </span>
    </p>
   </div>
   <div class='ocr_carea' id='block_1_5' title="bbox 0 0 2568 6150">
    <p class='ocr_par' dir='ltr' id='par_1_10' title="bbox 0 0 2568 6150">
     <span class='ocr_line' id='line_1_40' title="bbox 0 0 2568 6150; baseline 0 0"><span class='ocrx_word' id='word_1_310' title='bbox 0 0 2568 6150; x_wconf 95' lang='lat' dir='ltr'><strong> </strong></span> 
     </span>
    </p>
   </div>
  </div>
 </body>
</html>
