5125 6150
1130 802 1297 852 securus.
1762 779 1803 847 13

614 997 684 1052 yorc
715 970 860 1053 (γίαιιτα
891 970 1037 1052 ὀφλήσεις
1067 969 1142 1033 ἀλλ’
1167 964 1216 1031 ἐπ’
1243 964 1353 1047 ἔργοις)
1384 963 1594 1030 ἐπαινέσονταί
1617 986 1661 1028 σε.
1693 961 1804 1047 Neque

615 1080 695 1145 haee
725 1077 950 1165 supplementa
973 1074 1055 1141 mihi
1079 1093 1196 1159 magno
1220 1092 1313 1159 opere
1336 1069 1478 1157 placent,
1501 1092 1557 1137 nec
1580 1076 1688 1135 tamen
1709 1067 1806 1133 Hem·

614 1186 819 1253 sterhusium
851 1203 975 1269 sequar,
999 1184 1050 1247 cui
1080 1181 1202 1258 „oratio
1225 1184 1273 1244 est
1296 1184 1435 1257 morata,
1459 1198 1556 1263 quse,
1579 1179 1663 1242 siout
1684 1178 1718 1241 in
1741 1178 1806 1240 dra

615 1294 748 1358 maticis
771 1313 833 1357 usu
857 1292 963 1365 venit,
983 1291 1052 1374 ipso
1073 1292 1169 1374 gestu
1189 1291 1222 1351 ct
1240 1284 1335 1351 vultu
1356 1285 1395 1350 ad
1414 1285 1611 1351 irridendum
1630 1285 1806 1369 composito

614 1401 726 1465 iurari
756 1396 881 1464 debut.’'
918 1395 997 1461 Vitii
1019 1393 1107 1460 sedes
1130 1391 1207 1458 aiibi
1229 1392 1407 1478 quaerenda
1431 1399 1493 1458 est:
1518 1390 1717 1457 commendo:
1742 1387 1803 1456 οὐδ’

615 1505 670 1570 ἐπί
701 1504 806 1582 λόγοις
838 1501 1085 1568 resosonat
1115 1524 1176 1574 σοι
1202 1500 1336 1576 ποίνπες,
1362 1519 1441 1585 quae
1465 1499 1561 1564 verba
1585 1503 1622 1562 ut
1644 1495 1805 1583 intelligas

616 1616 716 1698 gestu
740 1608 792 1676 vel
815 1609 913 1676 vultu
937 1606 1019 1673 nihil
1041 1628 1121 1693 opus
1144 1612 1202 1672 est.

664 1830 764 1915 §141
798 1832 904 1894 ταῦτα
936 1826 980 1894 ἔτι
1013 1825 1165 1905 λεγούσης
1194 1827 1291 1899 αὐτῆς
1316 1829 1348 1892 οὐ
1373 1825 1550 1907 περιμείνας
1574 1827 1635 1903 ἐγὼ
1660 1824 1803 1895 τὸτέλος

616 1939 679 2002 τῶν
712 1934 814 2013 λόγων
845 1935 968 2007 α’ναςιὶς
1002 1931 1282 2014 ἀπεφηνάμην
1307 1932 1358 1996 καί
1385 1967 1427 1981 -
1452 1930 1635 2010 μετέβαινον
1658 1931 1731 2011 πρὸς
1751 1931 1804 2004 την

617 2041 781 2108 Παιδείαν.
801 2041 885 2122 Quid
902 2043 962 2107 hoc
982 2047 1031 2106 est
1049 2036 1281 2121 απιφηνιίμηνί
1301 2037 1460 2106 Oorreotio
1484 2037 1625 2120 οίφηλιί
1632 2063 1708 2118 μην
1730 2041 1807 2104 satis

617 2155 726 2217 semet
747 2153 852 2236 ipsam
874 2150 1027 2216 tuebitur.

665 2356 684 2439 ξ
706 2354 760 2421 17.
784 2356 926 2440 Apparet
949 2352 1025 2440 quid
1049 2355 1093 2418 sic
1116 2355 1288 2432 χειμερινὸς
1308 2351 1429 2432 ὄνειρος,
1449 2354 1504 2436 qui
1525 2351 1645 2419 scilicet
1664 2355 1806 2422 multum

618 2459 727 2526 differt
749 2460 789 2526 ab
814 2484 834 2523 ο
856 2461 1053 2524 Μὶιίιιινιιιιεσ
1075 2458 1200 2540 Νἱηίιίέ
1223 2459 1352 2538 Drocm,
1376 2458 1430 2523 sed
1453 2480 1580 2544 prorsus
1603 2462 1740 2525 otiosum
1759 2467 1808 2526 cst

620 2566 709 2652 quod
739 2566 884 2633 additur:
917 2562 968 2631 ire
997 2565 1129 2641 μιίκιςαί
1152 2566 1225 2630 είοιν
1248 2566 1280 2630 αἱ
1306 2564 1423 2636 νύκτες.
1449 2562 1541 2631 Certe
1563 2586 1627 2630 non
1649 2570 1806 2651 persuasit
1894 2609 1899 2618 ·

617 2672 818 2738 Fritzschius
853 2672 980 2753 Quaest.
1013 2671 1142 2737 Lucisn.
1175 2693 1206 2756 p.
1231 2670 1283 2736 33.
1315 2669 1393 2736 Vide
1422 2691 1546 2756 quoque
1569 2670 1806 2740 Hartmannum

616 2801 651 2866 p.
677 2778 733 2844 52.

1003 2945 1190 3010 Prometheus
1213 2968 1243 3009 es
1265 2946 1299 3008 in
1322 2946 1426 3010 νοτία.

666 3085 743 3171 §51
776 3083 895 3150 δέδοικα
925 3085 969 3163 μη
1000 3084 1053 3149 καί
1084 3085 1195 3162 τούμὸν
1226 3083 1368 3162 κάμηλος
1399 3085 1429 3149 ἐν
1460 3085 1643 3162 Αἰγυπτίοις
1668 3084 1703 3168 ί,
1728 3088 1754 3153 οί
1778 3090 1805 3154 δ’

616 3191 765 3273 ἄνθρωποι
791 3193 844 3257 τίν
864 3191 994 3272 χαλινὸν
1016 3190 1075 3256 ἔτι
1100 3193 1195 3266 αὐτῆς
1221 3191 1409 3274 θαυμάζωσι.
1442 3191 1587 3260 Correxit
1611 3194 1804 3264 Fritzschius

618 3301 690 3365 ἐντ’
714 3301 829 3376 αὐτῆς,
855 3299 909 3365 sed
932 3297 1110 3384 simplicius
1132 3301 1194 3364 erit
1219 3298 1233 3362 ί
1241 3300 1275 3364 π’
1299 3300 1432 3372 αὐτῆς.

1137 3482 1295 3564 Νἰμσίνιιιο.

665 3619 852 3707 Epistulam
882 3621 921 3685 ad
953 3618 1127 3705 Nigrinum
1159 3618 1318 3685 Lucienus
1347 3622 1394 3684 ita
1418 3619 1557 3685 orditur:
1583 3623 1599 3696 η
1624 3623 1680 3698 μίν
1705 3648 1806 3706 παροι-

616 3728 681 3805 μία
713 3729 810 3808 Φησί·
842 3731 958 3804 γλαῦκ’
987 3726 1031 3797 είς
1054 3726 1199 3801 Ἀθήνας,
1222 3727 1262 3796 ὥς
1286 3725 1406 3803 γέλοιον
1429 3724 1459 3791 ὃν
1483 3726 1511 3790 εί
1533 3752 1579 3799 τις
1603 3730 1668 3794 ἐκεῖ
1688 3732 1802 3814 κομίζοι

616 3837 780 3911 γλαῦκας.
805 3832 890 3898 Satis
909 3832 967 3898 hoc
987 3837 1051 3909 est,
1072 3852 1129 3897 nec
1150 3832 1248 3896 feram
1269 3834 1304 3895 in
1323 3837 1414 3897 textu
1432 3834 1515 3918 quod
1534 3837 1803 3923 interpretationis

617 3960 717 4005 causa
740 3938 937 4025 adscriptum
960 3939 1040 4003 fuit:
1064 3934 1110 4003 ὅτι
1134 3937 1249 4003 πολλαί
1274 3940 1346 4017 παρ’
1370 3939 1475 4011 αὐτοῖς
1498 3942 1582 4007 είσίν.

663 4156 735 4244 §d
766 4157 922 4244 Nigrinus
954 4156 1073 4242 eloquii
1103 4156 1270 4223 dulcedine
1301 4157 1480 4224 licinianum
1511 4160 1657 4227 devinxit
1679 4165 1803 4228 utiam

618 4285 685 4330 non
708 4268 871 4349 pateretur
894 4283 928 4328 se
950 4263 1054 4348 abripi
1077 4269 1109 4328 et
1131 4263 1283 4340 τοσαύτην
1308 4264 1378 4327 τινα
1403 4288 1461 4342 μιν
1485 4272 1542 4331 τῶν
1566 4268 1665 4345 λόγον
1688 4269 1804 4348 ἀμβρο-

618 4372 692 4435 σίαν
723 4370 949 4434 κατεσκέδασεν
980 4365 1037 4437 ὅτε
1062 4370 1115 4433 καί
1138 4370 1196 4441 τὰς
1223 4378 1367 4450 Σειρῆνας
1393 4371 1509 4444 ι’κείνας
1533 4370 1585 4436 καί
1609 4372 1667 4446 τιίς
1696 4373 1806 4448 ento·

618 4500 692 4547 νας
723 4475 776 4539 καί
808 4475 860 4540 τὸν
889 4475 1024 4553 Ὀμιίρον
1055 4476 1152 4540 λοιτίν
1182 4477 1314 4557 ἀρχαῖον
1346 4478 1525 4554 ἀποδεῖξαι·
1555 4474 1632 4542 οὕτω
1657 4480 1803 4546 ίεοπίσια

617 4580 809 4663 ἐφθέγξατο.
830 4581 989 4662 Quorsum
1008 4582 1061 4647 hic
1079 4585 1217 4668 pertinet
1235 4581 1444 4649 lusciniarum
1463 4583 1603 4650 mentio?
1623 4586 1693 4653 Hoc
1711 4611 1805 4656 nemo

614 4687 711 4755 facile
735 4688 851 4754 dixerit
873 4691 982 4773 itaque
1004 4690 1134 4754 fuerunt
1157 4692 1211 4775 qui
1234 4692 1428 4776 corrigerent
1450 4691 1508 4764 τὰς
1533 4693 1725 4767 Κηληδίνας·
1750 4697 1805 4761 sed

616 4794 816 4861 Fritzschius
838 4800 922 4860 recte
944 4798 1069 4881 reponit
1092 4795 1175 4881 apud
1199 4795 1395 4873 Homerum,
1424 4797 1461 4862 de
1482 4820 1543 4883 quo
1562 4800 1613 4864 hio
1630 4821 1693 4866 uno
1714 4823 1805 4887 quae

614 4909 718 4979 ratur,
738 4922 840 4987 neque
858 4900 1011 4967 luscinias
1030 4901 1188 4967 fabulosas
1208 4925 1309 4988 neque
1323 4903 1501 4978 Κηληδίνας
1514 4910 1646 4971 exstare.
1667 4907 1804 4975 Minime
