5125 6150
1115 819 1291 867 ammaim.
1719 802 1784 868 243

589 988 665 1054 Non
688 987 809 1051 frustra
831 983 880 1048 1111
904 983 1108 1048 elaborarunt
1132 986 1188 1045 aut
1208 981 1432 1046 elaborabunt:
1453 982 1558 1046 multa
1578 985 1786 1059 invenerunt,

588 1093 686 1178 plura
720 1094 885 1156 invenient
920 1088 1069 1173 posthac,
1104 1090 1166 1151 uisi
1199 1107 1281 1151 vana
1316 1093 1496 1173 auguratur
1530 1109 1637 1166 msns;
1663 1088 1783 1152 —sed

588 1198 739 1272 aedium,
776 1216 855 1281 quae
891 1192 998 1257 nullae
1035 1199 1125 1257 extra
1159 1196 1328 1277 poetarum
1363 1195 1533 1279 ingenium
1564 1192 1711 1270 fuerunt,
1751 1195 1784 1256 in

587 1306 685 1370 terris
711 1324 773 1366 non
797 1305 909 1366 extant
931 1300 1081 1384 vestigia.

1095 1588 1280 1635 anomoei.
1384 1626 1388 1632 .

635 1724 675 1785 Je
697 1745 735 1785 nc
757 1721 858 1784 savoie
876 1744 938 1802 poa
962 1720 1078 1783 direci
1101 1719 1177 1782 vrci.
1211 1719 1332 1797 „Plura
1356 1742 1431 1785 mox
1454 1722 1679 1786 invenientur”
1712 1727 1784 1787 scri·

585 1828 722 1892 bebam:
749 1849 820 1892 ecce
844 1833 953 1891 autom
978 1825 1107 1890 affertur
1129 1824 1258 1889 libellus
1282 1847 1300 1889 a
1324 1825 1412 1910 prelo
1433 1847 1557 1904 recens,
1578 1829 1630 1891 cui
1650 1827 1782 1892 titulus:

587 1935 718 1998 Homero
754 1935 898 2017 Odyssea,
931 1932 979 1995 ein
1009 1930 1193 2015 eupaterii-aee
1224 1932 1322 2012 thooe;
1361 1933 1394 1994 in
1431 1931 1642 2018 Mnemosyne
1675 1940 1784 1998 autem

587 2041 687 2103 huius
720 2041 826 2122 operis
857 2040 1055 2103 mentionem
1085 2035 1153 2100 fieri
1176 2038 1266 2119 cupit
1289 2035 1402 2101 aditor.
1427 2036 1548 2123 begere
1571 2040 1674 2124 igitur
1696 2041 1785 2124 coepi

587 2150 620 2207 et
657 2164 742 2207 nova
774 2143 913 2227 prolecto
946 2141 1056 2205 didici:
1096 2139 1226 2205 Troiam
1260 2161 1327 2205 esse
1358 2141 1580 2219 Hierimmtcna,
1618 2143 1783 2229 Ogygiam

587 2256 700 2313 auts'm
730 2250 844 2313 urbem
873 2247 996 2327 catatu
1028 2245 1133 2311 Ulixis
1163 2267 1278 2310 verum
1309 2267 1423 2310 nomen
1454 2254 1502 2312 ost
1531 2248 1626 2311 Joaac
1656 2286 1699 2298 -
1730 2249 1784 2313 sed

589 2354 755 2438 aliquanto
786 2353 911 2417 doctius
942 2352 976 2416 id
1004 2352 1156 2417 scribitur
1178 2351 1385 2431 1616611611,
1412 2389 1453 2400 —-
1478 2352 1560 2417 lidus
1584 2360 1692 2418 autem
1716 2357 1785 2419 eius

588 2461 678 2523 canis
710 2463 759 2521 est
790 2457 886 2520 Kclcb
917 2455 990 2532 1116,
1026 2460 1118 2521 cuius
1148 2478 1264 2521 nomeu
1293 2477 1404 2521 canem
1436 2456 1523 2521 valet
1554 2457 1725 2537 Hsbraice;
1752 2465 1784 2524 et

589 2561 730 2648 Calypso
757 2569 806 2626 est
836 2563 959 2625 1166161
982 2560 1173 2627 muliercula
1196 2561 1306 2648 paullo
1331 2562 1522 2640 dissolutior,
1545 2585 1563 2628 a
1587 2586 1649 2649 qua
1672 2566 1783 2631 Iosuae

588 2667 807 2754 exploratores
835 2667 953 2733 celatos
985 2689 1053 2732 esse
1085 2670 1304 2732 meminimus.
1337 2668 1424 2733 Haec
1454 2673 1609 2755 mysteria
1632 2673 1703 2755 quis
1727 2672 1784 2735 ubi

586 2770 769 2838 revelavit?
799 2774 835 2837 lu
868 2776 989 2858 patriae
1012 2779 1137 2838 nostrae
1160 2774 1238 2837 urbe
1261 2771 1380 2838 Venloo
1405 2810 1447 2822 -
1470 2795 1488 2838 a
1510 2774 1669 2860 Lugduno
1693 2776 1785 2840 Bata-

588 2901 708 2945 vorum
740 2878 871 2962 lougius
902 2878 1015 2943 dissita
1039 2915 1082 2927 -
1106 2881 1248 2963 repperit
1278 2878 1434 2962 Iosephus
1458 2878 1625 2945 Schreiner
1646 2879 1785 2965 Gollsgii

589 2984 751 3050 Albertini
770 2982 894 3049 sodalis.
917 2983 979 3063 Qui
997 2991 1169 3069 postquam
1190 2983 1424 3048 demonstravit
1443 2983 1520 3047 haec
1540 2988 1648 3049 omnia
1659 2985 1784 3069 aliaque

588 3091 713 3168 multa,
736 3128 778 3139 -
800 3090 855 3155 sed
879 3098 993 3156 cuncta
1015 3091 1120 3155 afferri
1141 3112 1226 3156 nuuc
1250 3112 1312 3155 non
1332 3092 1409 3154 sinit
1427 3093 1585 3175 spatium,
1607 3128 1646 3139 -
1668 3090 1786 3157 8611116-

588 3198 702 3261 manni
737 3199 925 3281 praesertim
961 3196 1062 3260 fretus
1097 3199 1256 3272 inventis,
1294 3193 1439 3273 „iocarer
1472 3189 1576 3275 ἦμ6ρ”
1607 3196 1783 3275 exclamat,

590 3302 775 3388 superbiam
807 3323 937 3366 sumens
968 3304 1145 3386 quaesitam
1169 3304 1310 3379 moritis,
1337 3300 1483 3379 „teneras
1509 3295 1687 3381 alpapthon
1712 3305 1783 3367 ποτ’

589 3409 692 3485 ὀλώλῃ
716 3408 867 3488 Φάσματ·
888 3408 1117 3486 1111613161
1138 3429 1234 3472 suum
1254 3408 1360 3473 diceus
1380 3429 1459 3493 opus
1478 3408 1533 3473 sed
1552 3430 1654 3494 nugas
1673 3431 1783 3475 eorum

588 3518 646 3600 qui
679 3535 737 3599 pro
768 3510 898 3579 Graecis
922 3512 1052 3577 Ulixem
1075 3519 1258 3597 ceterosque
1279 3514 1391 3578 heroas
1414 3514 1595 3579 habuerunt
1618 3514 1780 3580 hactenus.

586 3621 734 3706 Dignum
768 3617 950 3683 mehercule
980 3640 1059 3703 opus
1088 3618 1172 3703 quod
1195 3619 1390 3706 adiungatur
1413 3619 1484 3683 aliis
1508 3620 1693 3685 huiusmodi
1717 3619 1782 3686 elu-

587 3724 842 3800 cubrationibus,
864 3722 946 3788 unde
966 3744 1067 3807 pauca
1087 3722 1226 3788 delibavi
1245 3727 1280 3812 in
1301 3723 1476 3788 Euchiridii
1495 3727 1560 3789 mai
1580 3728 1781 3790 annotatione

587 3830 728 3917 quadam
752 3828 892 3915 (Proleg.
916 3850 947 3913 p.
972 3847 1060 3905 mv,
1086 3828 1128 3908 3),
1158 3849 1255 3913 quam
1278 3828 1451 3894 contulisse
1474 3830 1605 3895 fortasse
1628 3831 1713 3895 haud
1736 3834 1782 3895 iu-

588 3936 771 4002 iucundum
794 3935 902 3999 fuerit.

633 4039 691 4106 Nil
721 4038 910 4104 mortalibus
942 4039 1096 4104 arduum:
1128 4040 1275 4103 manibus
1302 4041 1392 4103 tenui
1415 4061 1517 4124 nuper
1539 4045 1667 4126 cognati
1689 4063 1782 4130 argu-

587 4149 691 4211 menti
715 4144 862 4209 libellum
887 4147 976 4230 typis
998 4144 1246 4231 elegantissimis
1269 4165 1422 4209 excusum
1447 4143 1627 4229 tabulisque
1650 4169 1782 4234 geogra-

586 4253 692 4338 phicis
713 4249 931 4335 compluribus
952 4249 1114 4336 splendide
1135 4256 1340 4327 exornatum,
1361 4252 1417 4334 qui
1431 4251 1601 4314 Atlantidis
1615 4252 1782 4318 historiam

585 4357 727 4422 habebat
756 4356 829 4419 inde
861 4376 879 4419 6
910 4355 1035 4420 saeculo
1065 4357 1092 4418 si
1122 4357 1200 4418 satis
1231 4357 1364 4418 memini
1388 4355 1686 4436 τετρακισμυριόστῳ
1709 4365 1781 4424 ante

586 4460 757 4529 Christum
788 4464 912 4524 natum.
943 4460 1059 4524 Editus
1089 4465 1158 4524 erat
1188 4466 1295 4523 nostra
1318 4465 1421 4524 aetate
1523 4483 1586 4526 non
1609 4464 1781 4539 116ρά1616

587 4566 772 4642 Σκιάποσιν,
803 4564 857 4629 sed
886 4567 920 4628 in
949 4564 1115 4629 Britannia
1146 4584 1164 4627 6
1195 4563 1352 4628 Societate
1383 4565 1609 4650 Theosopbica.
1637 4566 1781 4634 Fortasse

583 4676 693 4760 igitur
724 4692 795 4755 spes
825 4676 873 4735 est
905 4671 971 4734 1616
1004 4678 1041 4733 ut
1069 4672 1166 4734 etiam
1192 4668 1297 4733 Ulixis
1320 4691 1396 4734 mox
1420 4673 1511 4752 ψυχὴ
1535 4675 1634 4737 666116
1657 4677 1780 4759 regiam

582 4779 786 4844 Ithacensem
809 4778 843 4839 in
866 4776 975 4840 charta
995 4776 1084 4840 nobis
1103 4773 1258 4852 delineet,
1278 4774 1391 4839 multis
1413 4777 1664 4842 dubitationibus
1684 4779 1780 4846 finem

583 4888 631 4949 sic
658 4884 791 4946 factura.
