5125 6150
685 825 750 903 344
1211 841 1353 888 racrrus.

683 1009 804 1074 iudicat
828 1008 962 1093 aliquis,
988 1030 1063 1085 nos,
1087 1009 1198 1093 negari
1221 1005 1304 1070 illud
1328 1029 1390 1072 non
1414 1011 1534 1092 potest,
1558 1028 1685 1092 semper
1706 1009 1740 1071 in
1762 1007 1879 1072 madiis

683 1135 851 1180 vereamur
873 1113 1057 1198 periculis''.
1082 1111 1186 1198 (Belg.
1210 1114 1272 1175 dan
1296 1113 1361 1176 loch
1384 1119 1490 1193 maor).

730 1223 811 1284 Anu.
842 1219 898 1297 111,
934 1219 962 1284 1.
1006 1220 1203 1303 „Postquam
1239 1219 1445 1304 (Agrippina)
1480 1220 1603 1284 duobus
1639 1241 1715 1284 curn
1747 1219 1878 1296 liberis,

682 1325 816 1391 feralem
850 1346 964 1390 umam
1000 1331 1094 1410 (quac
1129 1322 1314 1390 Germanici
1350 1325 1534 1390 continebat
1568 1327 1713 1406 cineres),
1750 1346 1879 1412 egressa

683 1435 758 1497 navi
790 1430 900 1496 defixit·
930 1430 1056 1508 oculos,
1086 1430 1173 1496 idem
1203 1433 1350 1496 omnium
1372 1433 1532 1516 gemitus,
1557 1452 1660 1517 neque
1684 1431 1878 1497 discerneres

683 1541 844 1623 proximos
868 1535 1005 1615 alienos,
1029 1540 1172 1602 virorum
1196 1537 1452 1621 feminarumque
1476 1536 1622 1623 planctus
1648 1537 1724 1602 ...’'
1874 1548 1878 1554 '

731 1643 896 1708 Hactenus
920 1645 1028 1708 omnia
1050 1642 1236 1727 planissima
1259 1649 1352 1707 sunt:
1377 1644 1517 1727 proximi
1540 1641 1619 1708 alias
1638 1646 1744 1729 magis
1764 1642 1879 1729 lugere

686 1755 853 1815 mortuum
883 1748 985 1814 solent
1016 1769 1113 1833 quarn
1143 1747 1257 1825 alieni,
1290 1755 1322 1813 et
1350 1747 1502 1834 plangere
1533 1752 1664 1815 omnino
1700 1749 1880 1815 mulierum

686 1858 792 1942 magis
822 1861 870 1920 eat
901 1876 998 1941 quam
1021 1857 1176 1921 virorum.
1209 1854 1270 1919 Sed
1294 1876 1378 1919 nunc
1402 1857 1523 1941 insigni
1546 1856 1703 1922 brevitate
1726 1856 1805 1922 haec
1829 1855 1881 1921 ad-

688 1962 823 2027 duntur:

734 2069 817 2146 „nisi
837 2066 921 2152 quod
941 2069 1131 2131 comitatum
1152 2067 1350 2152 Agrippinae
1369 2066 1468 2154 longo
1488 2088 1629 2134 maerore
1650 2068 1771 2133 fessum
1791 2067 1881 2133 obvii

688 2182 720 2240 et
743 2179 883 2240 recentes
905 2176 939 2237 in
962 2172 1069 2238 dolore
1092 2173 1288 2238 anteibant''.

734 2281 857 2360 Quibus
880 2302 942 2345 nou
965 2281 1179 2364 respiciuntur
1201 2281 1346 2364 proxime
1369 2279 1588 2364 praecedentia
1611 2281 1773 2360 (virorum
1792 2280 1883 2344 femi-

688 2407 865 2470 narumque
897 2384 1067 2470 planctus),
1100 2384 1154 2450 sed
1185 2390 1300 2451 cuncta
1329 2405 1409 2469 quae
1432 2385 1471 2450 ab
1495 2386 1573 2449 idem
1596 2385 1724 2449 omnium
1745 2387 1881 2450 initium

689 2492 817 2557 habent.
843 2491 913 2557 Hoc
937 2512 1013 2577 ergo
1038 2489 1117 2555 dicit
1139 2490 1287 2555 Tacitus:
1313 2492 1395 2567 „hoc
1414 2512 1516 2556 uuum
1536 2494 1570 2556 in
1590 2492 1733 2556 communi
1753 2492 1882 2556 omnium

688 2598 780 2663 luctu
803 2602 871 2662 erat
895 2596 1065 2662 discrimen
1089 2595 1172 2682 quod
1196 2617 1222 2660 e.
1237 2616 1266 2680 q.
1279 2597 1339 2660 s.''.

735 2703 792 2780 ΙΙΙ,
817 2703 870 2767 41.
896 2701 943 2767 De
965 2709 1056 2767 motu
1080 2702 1323 2767 Andecavorum
1346 2708 1377 2767 et
1401 2702 1603 2769 Turonorum
1627 2709 1658 2768 et
1682 2702 1744 2769 alia
1767 2703 1882 2790 legun-

691 2816 744 2874 tur
767 2815 798 2874 et
821 2808 915 2874 haee:

737 2914 880 2992 „Turoni
914 2914 1090 3000 legionario
1120 2914 1244 2992 milite,
1281 2935 1377 2998 quem
1409 2913 1561 2980 Visellius
1593 2915 1691 2981 Varro
1721 2917 1885 2983 inferioris

691 3021 883 3087 Germaniae
904 3020 1032 3108 legatus
1054 3024 1203 3098 miserat,
1227 3023 1370 3107 oppressi
1395 3059 1436 3070 -—
1462 3021 1578 3088 Aviola
1601 3022 1680 3088 <lucc
1700 3030 1733 3088 et
1753 3024 1884 3108 quibua

692 3128 765 3192 dam
797 3125 979 3193 Galliarum
1003 3127 1213 3212 primoribus,
1239 3130 1295 3212 qui
1319 3126 1421 3192 tulere
1445 3127 1620 3206 auxilium,
1645 3151 1707 3214 quo
1730 3129 1884 3194 dissimu-

690 3235 793 3299 larent
816 3234 1025 3299 desectionem
1049 3236 1217 3319 magisque
1239 3235 1274 3297 in
1298 3238 1440 3318 tempore
1464 3234 1641 3299 efferrent”.

737 3339 886 3404 inaudito
917 3360 1046 3424 prorsus
1069 3339 1163 3404 modo
1187 3340 1238 3404 hic
1261 3340 1407 3423 efferendi
1430 3341 1564 3404 verbum
1589 3343 1762 3425 opponitur
1786 3344 1883 3408 verbo

693 3445 907 3508 dissimulandi
936 3451 975 3509 ut
1005 3445 1068 3509 fere
1091 3467 1228 3526 promere
1252 3444 1411 3530 significet
1434 3452 1467 3510 et
1490 3447 1686 3531 defectionem
1710 3448 1820 3531 efferre
1843 3452 1886 3513 sit

693 3552 793 3633 palam
828 3554 961 3633 deficere.
994 3551 1077 3615 Nam
1109 3572 1205 3635 quern
1236 3550 1345 3615 locum
1369 3551 1539 3616 Furneaux
1562 3553 1615 3616 hic
1639 3552 1746 3629 affert,
1772 3552 1826 3630 VI,
1854 3555 1883 3631 9,

692 3657 788 3742 longe
811 3655 874 3720 alia
897 3659 966 3720 eius
990 3663 1038 3720 est
1060 3660 1151 3721 ratic.
1176 3656 1224 3720 lbi
1249 3659 1335 3721 enim
1355 3660 1466 3741 agitur
1484 3657 1522 3721 de
1543 3657 1674 3723 audacia
1693 3658 1740 3723 M.
1755 3658 1886 3724 Terenti

695 3766 814 3848 equitia
844 3763 998 3839 Romani,
1031 3765 1086 3847 qui
1117 3761 1280 3827 liberrima
1312 3764 1352 3827 ad
1383 3762 1550 3827 Tiberium
1575 3767 1715 3829 oratione
1739 3766 1886 3831 habenda

694 3890 785 3934 suam
814 3869 983 3953 Seianique
1014 3871 1191 3933 amicitiam
1222 3869 1372 3935 defendit.
1404 3869 1492 3935 Haec
1523 3891 1600 3956 ergo
1628 3874 1729 3936 oratio
1756 3877 1885 3938 tantum

695 3975 800 4043 valuit
830 3981 868 4040 ut
897 3998 957 4040 non
989 3974 1095 4039 solum
1126 3977 1194 4060 ipse
1222 3974 1441 4040 absolveretur
1464 3977 1518 4041 aed
1542 3982 1643 4043 morte
1665 3977 1887 4044 multarentur

696 4088 893 4147 accusatores
925 4083 1021 4166 „quia
1050 4086 1194 4165 repertus
1218 4081 1306 4145 erat”
1331 4081 1460 4146 Tacitus
1483 4085 1529 4147 ait
1554 4085 1631 4167 „qui
1655 4083 1782 4149 efferret
1805 4108 1886 4171 quae

698 4209 808 4253 omnes
840 4190 947 4252 animo
978 4187 1176 4272 agitabant’'.
1209 4188 1329 4271 Effera-e
1352 4194 1461 4252 autem
1485 4194 1517 4253 et
1541 4190 1638 4252 orrimo
1662 4191 1780 4270 opilare
1802 4196 1887 4257 inter

697 4316 730 4360 se
751 4295 884 4379 opponi,
905 4314 1016 4370 nemo,
1038 4298 1074 4357 ut
1096 4295 1217 4377 opinor,
1237 4294 1419 4357 mirabitur.
1444 4294 1486 4358 ut
1506 4295 1588 4379 quod
1608 4298 1660 4359 vir
1678 4298 1886 4362 acutissimus

697 4402 808 4468 eodem
840 4399 940 4464 trahit
971 4398 1012 4475 ΙΙ,
1038 4398 1090 4475 63,
1123 4398 1256 4463 humani
1288 4401 1411 4483 patitur
1438 4398 1576 4484 aliquid:
1601 4401 1645 4465 ibi
1669 4403 1757 4465 enim
1781 4404 1887 4487 efferre

697 4514 745 4572 est
764 4506 1014 4570 usitatissimum
1037 4503 1119 4568 illud
1140 4504 1280 4566 laudibus
1301 4505 1407 4589 efferre
1426 4527 1450 4570 a.
1471 4506 1628 4570 carattere:
1651 4512 1761 4584 „extat
1774 4512 1885 4587 oratio,

697 4635 760 4697 qua
784 4610 1044 4696 magnitudinem
1069 4612 1130 4675 viri
1234 4609 1386 4674 extulit”.

745 4720 827 4785 Ann.
851 4716 904 4794 IV,
931 4716 960 4781 3.
986 4716 1070 4781 Nota
1093 4738 1142 4782 res
1166 4721 1215 4781 esi
1232 4717 1379 4799 paelicem
1403 4717 1467 4783 dici
1488 4717 1660 4783 mulierem
1682 4740 1745 4785 non
1765 4724 1886 4787 ratione

697 4826 807 4890 habita
829 4825 907 4901 oiri,
931 4825 987 4908 qui
1010 4843 1081 4887 earn
1100 4828 1188 4887 amat
1207 4822 1311 4910 (Belg.
1335 4825 1489 4909 „bijzit”),
1511 4824 1565 4889 aed
1582 4824 1636 4890 vel
1654 4826 1759 4890 iustae
1780 4829 1887 4893 uxoris

697 4930 750 4997 vel
769 4933 912 4996 cuiusvis
931 4928 1092 5007 mulieris,
1114 4950 1194 5017 quae
1214 4930 1253 4995 ab
1273 4930 1385 4996 eodem
1406 4932 1476 4996 viro
1495 4934 1623 4997 amatur
1642 4930 1747 5017 (Belg.
1761 4934 1886 5011 „meda
