5125 6150
1062 864 1105 909 no
1128 862 1356 910 nmeroeunnm
1378 862 1516 909 eunucu.
1815 842 1880 906 413

686 1032 733 1094 sic
765 1035 871 1093 temen
895 1048 1063 1092 sumamus
1086 1034 1211 1111 oportet
1235 1024 1421 1090 sublimiore
1445 1046 1520 1089 eum
1546 1046 1628 1089 nunc
1651 1026 1701 1089 uti
1724 1025 1881 1102 dictione,

687 1137 781 1199 cuius
807 1136 945 1219 vestigia
968 1131 1057 1197 nulla
1080 1131 1133 1196 hic
1156 1131 1245 1196 locus
1269 1131 1399 1214 praebet
1423 1151 1525 1216 neque
1551 1129 1720 1195 admittere
1743 1129 1880 1195 videtur.

687 1239 779 1319 Quod
804 1245 913 1303 autem
936 1236 1020 1302 elius
1043 1240 1173 1302 criticus
1196 1238 1381 1322 proposuit:

916 1345 993 1407 άαλ’
1017 1345 1098 1408 οὐδέν
1123 1344 1188 1406 ἐστι
1213 1342 1410 1420 συκοφάντου
1435 1341 1533 1419 δῆνρί
1557 1340 1620 1419 ἔτι,

689 1450 793 1513 nullus
824 1450 883 1512 οάοκ
914 1456 958 1512 σοί
987 1449 1184 1532 sycophantae
1207 1471 1320 1511 νοοτσιιο
1343 1454 1525 1533 (postquam
1549 1449 1658 1512 visum
1682 1449 1882 1531 recuperavit

689 1555 833 1632 Plutus),
858 1553 938 1619 lenis
962 1575 1036 1619 sene
1059 1560 1108 1618 est
1131 1557 1302 1630 correctio,
1327 1553 1381 1617 sed
1405 1553 1563 1618 eiusmodi
1586 1553 1708 1617 dictum
1733 1574 1750 1618 a
1770 1574 1881 1638 propo

689 1664 751 1725 sito
775 1669 822 1725 est
845 1659 999 1726 alienum.

733 1765 816 1845 Quid
845 1762 967 1850 igitur?
999 1765 1179 1830 Revocetur
1211 1763 1422 1840 vocabulum,
1456 1763 1540 1848 quod
1565 1785 1666 1828 unum
1691 1763 1825 1849 quadret
1847 1767 1881 1828 in

689 1872 775 1936 huuc
798 1878 1002 1947 contextum,
1028 1869 1267 1950 Φάρμακονε

914 1975 988 2040 άλιί
1014 1976 1067 2040 οὐκ
1091 1973 1189 2039 ἔνεστι
1214 1974 1410 2053 συκοφάντου
1433 1975 1670 2055 φάρμακον,

689 2089 722 2145 ot
753 2082 895 2144 οάυστουσ
925 2081 1125 2164 sycophantae
1155 2081 1237 2142 nicil
1265 2080 1345 2143 οοίσί
1376 2082 1433 2144 νἰίσ
1455 2080 1589 2144 oculus!
1613 2118 1654 2129 —
1679 2079 1826 2167 Scorpios
1848 2089 1881 2147 et

690 2192 853 2271 serpentes
884 2176 921 2249 ut'
945 2185 1053 2250 domet
1077 2188 1126 2250 vis
1150 2188 1277 2271 magica
1302 2184 1469 2250 δακτυλίου
1493 2188 1712 2266 φαρμακίτον,
1738 2195 1771 2252 at
1794 2209 1882 2274 syeo

687 2293 806 2377 phente
829 2294 942 2376 quavis
965 2291 1068 2355 bestia
1090 2290 1235 2376 maligne
1257 2298 1307 2355 est
1329 2290 1509 2377 malignior.

734 2397 786 2462 Sic
810 2396 889 2461 alibi
912 2395 998 2481 apud
1021 2399 1158 2461 comicos
1181 2395 1341 2482 legimus:

915 2504 968 2567 οὐκ
993 2499 1085 2579 ἔστιν,
1109 2504 1147 2573 ὥς
1172 2501 1266 2581 ἔοικε,
1290 2503 1508 2582 φάρμακον
1532 2503 1637 2580 μέθης.

733 2615 782 2672 ct:
913 2610 966 2673 οὐκ
990 2607 1073 2672 ἔστιν
1096 2609 1206 2687 ὀργῆς,
1229 2610 1267 2680 cic
1294 2604 1388 2686 ίοικε,
1412 2605 1642 2688 Φάρμακον.

692 2714 735 2778 Et
758 2713 997 2779 Andromachae
1020 2714 1212 2799 Euripideee
1235 2721 1309 2780 nota
1330 2723 1405 2779 sunt
1429 2715 1542 2779 verba:

1030 2820 1120 2885 δειυδν
1144 2820 1172 2884 δ’
1197 2820 1327 2899 ἑρπετῶν
1351 2821 1407 2896 μὲν
1433 2821 1546 2900 erpino

916 2924 976 3000 άκιρ
1000 2925 1135 3005 βροτοῖσι
1160 2927 1229 2989 θεῶν
1254 2927 1456 3001 καταστῆσαί
1479 2950 1567 3005 τινα,

918 3023 932 3095 ί
956 3030 983 3097 δ’
1008 3029 1073 3095 ἔστ’
1098 3031 1219 3111 ἐχίδνης
1244 3033 1296 3097 καί
1321 3035 1412 3112 τυρὸς
1436 3035 1621 3114 περαιτέρω,

916 3137 1011 3209 οὐδεὶς
1036 3137 1182 3215 γυναικὸς
1208 3139 1390 3218 φάρμακ’
1415 3137 1558 3220 ίξκάρνκί
1583 3164 1629 3205 συ

917 3252 1026 3317 κακῆς.

734 3349 859 3413 Vitium
883 3349 1042 3433 quomodo
1066 3356 1180 3414 natum
1206 3353 1248 3414 eit
1273 3350 1431 3414 videmus.
1455 3350 1525 3415 Hoc
1549 3372 1674 3436 qnoque
1697 3352 1766 3417 loco
1788 3356 1884 3417 inter-

690 3460 929 3541 pretamentum
947 3457 1077 3540 irrepsit
1093 3458 1127 3519 iu
1149 3460 1274 3520 textum
1289 3464 1321 3520 et
1332 3459 1509 3541 genuinum
1525 3456 1717 3522 vocabulum
1730 3462 1881 3523 extrusit:

762 3542 896 3606 δήγματος

689 3612 1063 3693 συκοφάντουφάρμακον.

732 3782 823 3844 Mene
845 3805 864 3842 ο
887 3781 968 3844 cotie
990 3780 1142 3843 irrideri!
1164 3783 1212 3844 irs
1233 3781 1374 3864 percitus
1395 3786 1557 3864 retorquet
1575 3782 1788 3868 sycophanta:
1809 3783 1881 3866 quic

688 3888 792 3951 dicitis
810 3888 915 3969 potius
938 3888 1013 3971 quid
1035 3886 1135 3968 apetie
1158 3886 1245 3963 istic,

915 3995 967 4057 οὐκ
992 3993 1041 4056 ἐτ’
1065 3994 1174 4071 άγαίῷ
1197 3992 1259 4071 γάρ
1285 3990 1382 4055 ἐνθάδ’
1408 3992 1495 4056 ἐστίν
1518 3994 1622 4058 οὐδενί.

812 4100 878 4162 Cor.
914 4100 963 4173 μά
986 4100 1037 4163 τδν
1062 4098 1115 4162 Δί’
1140 4096 1243 4162 οὔκουν
1267 4099 1309 4178 τῷ
1332 4122 1371 4174 γε
1396 4100 1453 4178 σῷ,
1478 4098 1558 4177 σάφ’
1582 4096 1640 4162 tet·
1664 4094 1720 4162 ὅτι.

711 4204 777 4269 890
811 4205 877 4288 Spe.
912 4204 973 4267 άτδ
998 4209 1057 4268 τῶν
1080 4204 1159 4279 ἐμῶν
1183 4203 1264 4282 γάρ,
1290 4204 1339 4268 ναί
1365 4204 1413 4281 μά
1439 4204 1520 4281 Δία,
1545 4204 1749 4278 δειπνήσετον.

811 4310 888 4373 Iuni.
913 4312 950 4380 ὥς
977 4309 1012 4382 δὴ
1037 4310 1086 4372 ἐπ’
1111 4311 1240 4394 daniele
1265 4308 1303 4374 cd
1329 4311 1413 4388 μετά
1437 4315 1490 4374 τοῦ
1514 4310 1664 4390 μάρτυροι

915 4416 1134 4495 διαρραγείης]

817 4523 883 4585 Cor.
1176 4522 1303 4597 μηδενός
1327 4525 1360 4599 γ’
1385 4521 1607 4597 ίμτλιίριενοςί

687 4626 813 4691 Ultima
845 4627 957 4701 verbe,
990 4649 1070 4711 quae
1101 4628 1191 4691 Iusto
1222 4626 1291 4707 (vel
1314 4625 1502 4712 Ohremylo)
1525 4630 1752 4692 continuantur
1774 4632 1806 4692 in
1831 4650 1880 4694 co·

683 4734 823 4807 dicibus,
849 4731 978 4799 Carioni
1002 4733 1092 4808 dedi,
1118 4732 1311 4815 particulam
1332 4756 1370 4808 νε
1391 4739 1535 4798 mutatae
1555 4754 1703 4818 personae
1723 4734 1878 4801 indicium

684 4845 790 4917 ratus,
815 4837 920 4903 multo
945 4846 1054 4903 autem
1078 4839 1220 4903 vividior
1245 4842 1289 4903 sic
1313 4837 1350 4901 fit
1372 4837 1479 4915 locus,
1507 4860 1602 4923 quam
1626 4843 1654 4903 si
1676 4840 1714 4905 eb
1739 4862 1802 4906 uno
1827 4845 1880 4909 ho

685 4949 773 5010 mine
798 4952 884 5011 totus
908 4946 960 5010 hic
984 4968 1095 5010 versus
1118 4946 1309 5030 proferatur.
1330 4945 1392 5011 Sed
1412 4949 1543 5009 minoris
1562 4947 1620 5010 hoe
1640 4955 1688 5011 est
1707 4954 1877 5027 momenti,
