5125 6150
944 814 1111 864 nrorrsrus
1133 815 1455 865 nmrcsnusssansrs.
1727 797 1793 863 325

599 980 738 1044 Luciani
761 979 868 1044 Asino.
893 978 1036 1063 Uterque
1060 978 1312 1043 circumforaneo
1335 978 1558 1043 mendicabula
1579 979 1694 1043 iisdem
1716 979 1796 1042 colo-

598 1085 693 1148 ribus
717 1084 871 1168 depinxit.
896 1084 1014 1165 Erant,
1037 1090 1075 1147 ut
1099 1081 1259 1168 Apuleius
1283 1084 1447 1167 perhibet,
1468 1084 1506 1148 de
1526 1084 1648 1149 triviali
1667 1082 1796 1169 popula-

598 1191 689 1253 rium
725 1190 810 1253 fasce
845 1191 901 1274 qui
936 1210 993 1273 per
1027 1188 1149 1273 plateas
1181 1187 1340 1274 cymbalis
1371 1194 1403 1252 et
1433 1189 1562 1254 crotalis
1592 1194 1795 1274 personantes

601 1294 770 1379 Deumque
804 1293 934 1381 Syriam
974 1295 1233 1359 circumferentes
1267 1294 1448 1358 mendicare
1489 1293 1721 1379 compellebant
1764 1298 1796 1358 et

602 1402 703 1484 stipes
734 1419 862 1475 aeneas,
893 1402 996 1463 immo
1027 1420 1103 1463 vero
1134 1405 1167 1464 et
1198 1405 1381 1486 argenteas,
1413 1399 1528 1463 multis
1557 1402 1703 1463 certatim
1727 1398 1797 1463 offe

602 1504 766 1581 rentibus,
800 1507 871 1569 sinu
902 1505 1096 1590 recipiebant
1127 1504 1249 1589 patulo.
1283 1504 1378 1589 Apud
1401 1504 1580 1569 Lucianum
1606 1505 1796 1569 describitur

603 1631 701 1675 senex
732 1616 791 1674 τῶν
821 1614 878 1684 την
909 1611 971 1674 όεόν
1004 1612 1058 1680 την
1090 1611 1203 1689 Συρίαν
1228 1613 1269 1682 είς
1295 1613 1353 1682 τάς
1380 1611 1486 1687 κώμας
1509 1611 1561 1676 καί
1586 1612 1657 1681 τοὺς
1681 1611 1795 1689 ἀγροὺς

603 1714 826 1794 περιφερόντων
859 1715 910 1778 καί
935 1716 990 1788 την
1015 1716 1077 1780 όεόν
1103 1716 1241 1779 ἐπαιτεῖν
1264 1715 1515 1796 ἀναγκαζόντων.
1541 1716 1715 1780 Dicebatur
1737 1717 1796 1781 hoo

602 1821 739 1900 ἀγείρειν
773 1826 805 1886 et
840 1821 1051 1899 περιαγείρειν,
1088 1843 1106 1886 a
1142 1843 1203 1906 quo
1239 1821 1478 1906 aliquantulum
1514 1821 1616 1885 differt
1651 1820 1795 1885 medium

601 1925 781 2006 ἀγείρεσίοιι
813 1932 846 1991 et
868 1927 1133 2006 περιαγείρεσόαι,
1166 1947 1240 1991 nam
1266 1927 1441 1991 sacerdotes
1466 1928 1521 2011 qui
1543 1927 1627 1990 Deae
1648 1949 1721 1990 acac
1743 1929 1797 1990 sti·

601 2052 679 2117 pem
699 2037 813 2115 petunt
831 2033 987 2110 ἀγείρουσι
1008 2037 1041 2096 st
1060 2032 1301 2110 περιαγείρονσι·
1325 2033 1381 2115 qui
1399 2037 1508 2096 autem
1528 2031 1586 2093 eibi
1605 2030 1798 2095 munuscula
1896 2107 1899 2111 ¹

601 2143 719 2222 potunt
743 2137 881 2200 mendici
905 2136 1078 2216 ἀγείρονται
1100 2141 1131 2201 st
1151 2137 1406 2216 περιαγείρονται.
1431 2135 1548 2201 Itidem
1567 2137 1710 2201 medium
1730 2157 1797 2201 rer·

601 2241 701 2318 bum,
732 2244 782 2304 uti
814 2262 951 2326 aequum
982 2243 1062 2317 fuit,
1091 2245 1125 2306 in
1149 2263 1210 2306 usu
1233 2242 1297 2306 fuit
1320 2241 1359 2305 de
1382 2244 1422 2305 iis
1447 2262 1525 2326 quos
1549 2240 1656 2326 palma
1680 2240 1796 2305 nobilis

602 2346 645 2411 ad
669 2346 744 2411 deos
767 2354 927 2411 evexerat.
952 2346 1095 2412 Platonis
1119 2346 1276 2412 librorum
1301 2346 1339 2411 de
1362 2347 1537 2432 Republica
1561 2346 1677 2411 ultima
1701 2348 1797 2411 verba

603 2458 699 2517 eunt:
732 2448 781 2516 ίνα
922 2453 1047 2517 ἐπειδάν
1077 2454 1118 2516 τά
1151 2447 1234 2517 attae
1266 2454 1363 2525 αὐτῆς
1396 2452 1608 2533 κομιζοίμεόα,
1639 2450 1737 2529 ὥσπερ
1769 2453 1795 2515 οί

603 2556 760 2636 νικηφόροι
792 2558 1072 2636 περιαγειρόμενοι,
1106 2558 1157 2621 καί
1190 2556 1296 2621 ἐνθάδε
1320 2556 1371 2620 καί
1398 2558 1427 2621 ἐν
1450 2566 1487 2637 τῇ
1511 2557 1644 2636 χιλιέτει
1668 2557 1794 2638 πορεία,

602 2660 637 2728 εὖ
669 2662 865 2742 πράττωμεν.
897 2663 956 2728 Est
986 2663 1024 2727 de
1055 2684 1091 2728 eo
1122 2662 1190 2728 loco
1214 2663 1364 2748 perdocta
1387 2662 1502 2726 Boethi
1525 2662 1687 2726 adnotatio
1710 2660 1795 2745 apud

601 2769 761 2834 Photium
796 2771 830 2832 in
866 2790 958 2846 voce,
994 2790 1091 2854 quam
1125 2789 1314 2854 cognoscere
1347 2770 1488 2852 pretium
1519 2773 1582 2843 ost,
1614 2787 1715 2851 quum
1739 2787 1796 2831 nos

601 2874 700 2940 hodie
719 2895 782 2939 non
801 2876 865 2938 nisi
883 2874 1070 2966 ambubaias
1089 2879 1122 2938 et
1140 2873 1318 2938 balatrones
1339 2878 1371 2937 et
1391 2870 1595 2936 funambulos
1611 2875 1796 2937 noverimus

601 2979 898 3058 περιαγειρομένονς.
918 2980 1031 3064 ltaque
1051 2979 1192 3043 Boethus
1212 2980 1339 3043 scribit:
1359 2976 1459 3056 ὥσπερ
1479 2979 1504 3041 τί
1524 2977 1675 3056 νικηφόροι
1694 3000 1796 3055 περια-

602 3087 774 3166 γειρόμενοι
806 3085 957 3158 ἀόλητιιί·
990 3083 1156 3155 Πολιτείας
1187 3084 1199 3147 ί
1228 3084 1278 3147 ἐπί
1311 3082 1406 3161 πόλει.
1438 3081 1568 3159 λέγεται
1601 3083 1664 3160 γάρ
1688 3079 1733 3146 ότι
1758 3084 1792 3145 τὸ

604 3192 665 3269 μὲν
697 3190 835 3272 ἐξαρχῆς
866 3186 949 3255 άόλα
973 3190 1171 3270 προυτίθεσαν
1194 3198 1256 3258 τοῖς
1280 3187 1532 3268 ἀγωνιζομένοις,
1555 3179 1586 3251 όν
1608 3188 1717 3267 τρόπον
1742 3186 1794 3251 καὶ

600 3296 741 3375 Ὅμηρος
767 3296 819 3361 καί
846 3295 937 3360 ἀλλιι
962 3295 1085 3370 ποιηταί
1110 3297 1272 3374 ίςιριῦσιν·
1298 3294 1363 3358 ἐπεί
1390 3294 1416 3357 δ’
1436 3293 1564 3374 ἤρξαντο
1584 3292 1676 3373 χωρίς
1696 3293 1795 3357 άόλων

603 3402 830 3483 ἀγωνίζεσθαι,
862 3401 932 3474 τοὺς
965 3403 1149 3474 νικήσαντας
1181 3401 1206 3463 ol
1241 3401 1298 3474 μέν
1321 3399 1405 3463 κατά
1431 3399 1542 3477 φιλίαν
1567 3397 1583 3472 ἣ
1609 3398 1795 3476 σνγγίνειαν

604 3511 807 3588 προσήκοντες
840 3506 986 3587 τεφάνοις
1009 3506 1148 3571 ἀνόδουν·
1173 3512 1230 3570 τῶν
1254 3504 1280 3569 δ’
1305 3505 1409 3570 ἀλλων
1433 3506 1458 3568 τί
1483 3504 1540 3580 μέν
1563 3503 1718 3582 σύνεγγυς
1743 3527 1797 3567 κα-

605 3616 727 3691 όιίμενοι
752 3615 803 3678 καί
829 3612 1088 3693 περιουσιάζοντες
1114 3611 1237 3682 πλέονος
1261 3608 1338 3685 ἀξια
1363 3610 1561 3675 ἐπετίθεσαν·
1585 3611 1611 3675 ol
1635 3609 1666 3674 δὲ
1691 3633 1797 3688 πορρω-

605 3720 683 3798 τέρω
708 3718 809 3785 άνόεσι
834 3719 887 3784 καί
912 3720 1047 3800 φύλλοις
1071 3718 1210 3793 ἔβαλλον
1233 3717 1501 3797 περιερχομένανς·
1524 3720 1563 3787 ὥς
1588 3716 1640 3781 καί
1664 3720 1714 3779 νῦν
1734 3722 1795 3784 τοῖς

604 3828 765 3905 ἐπιφανῶς
797 3826 1043 3904 ἀγωνισαμένοις
1073 3824 1281 3901 ἐπιβάλλουσι
1313 3819 1469 3895 πετάσους
1500 3822 1551 3886 καί
1577 3821 1692 3902 ζώνας,
1716 3823 1742 3886 οί
1764 3820 1797 3886 δέ

604 3940 757 4012 χιτῶνας.
789 3935 845 3997 Ἐκ
869 3931 976 3997 τούτου
1000 3931 1122 4004 σόνηίες
1148 3931 1270 4007 ἐγίνετο
1294 3930 1397 4008 κύκλῳ
1421 3926 1702 4007 περιτιρεωομένονς
1726 3925 1796 3997 τοὺς

605 4038 748 4109 ἀόλητάς
778 4038 982 4117 περιαγείρειν
1013 4036 1065 4100 καί
1098 4034 1277 4112 λαμβάνειν
1308 4034 1352 4099 τά
1383 4033 1543 4111 διδόμενα,
1569 4034 1632 4097 κτέ.
1657 4032 1797 4096 Profecit

605 4144 751 4208 Boethus
775 4164 814 4206 ex
837 4142 1065 4218 Eratosthene,
1090 4143 1182 4205 cuius
1205 4139 1382 4205 doctrinam
1402 4140 1542 4204 servavit
1561 4137 1739 4203 Scholiasta
1758 4135 1798 4201 ad

604 4247 774 4332 Euripidis
807 4247 974 4312 Hecubam
1009 4267 1057 4311 rs.
1083 4245 1159 4322 569,
1196 4246 1250 4309 ubi
1287 4249 1379 4329 poeta
1409 4248 1517 4308 narrat
1547 4242 1584 4307 de
1615 4241 1796 4326 Polyxena,

605 4355 699 4417 cuius
731 4351 866 4417 cadaver
896 4354 1029 4429 φύλλοις
1054 4350 1208 4427 ἔβαλλον·
1234 4354 1323 4414 τοῦτο
1347 4351 1433 4427 παρά
1458 4346 1528 4418 τοὺς
1552 4348 1685 4428 χρόνους.
1709 4349 1798 4423 Ἐρα·

608 4456 748 4529 τισίένης
771 4460 835 4537 γάρ
860 4457 926 4537 περὶ
951 4465 1007 4530 της
1030 4454 1248 4535 φνλλοβολίας
1272 4453 1367 4535 φησίν
1390 4456 1430 4525 ee
1454 4453 1557 4517 πάλαι
1581 4453 1672 4531 χάρις
1698 4451 1797 4515 άόλων

607 4561 839 4642 ἀγωνίζομένων
869 4568 928 4626 τῶν
958 4560 1116 4640 ἀνόρόιπων
1148 4561 1189 4641 τῷ
1223 4561 1379 4633 νικήσαντι
1410 4558 1549 4636 καθάπερ
1573 4556 1673 4634 ἐρανον
1695 4553 1797 4633 είσφέ·

606 4691 706 4748 ροντες
740 4664 874 4747 ἔρριπτον
897 4672 955 4730 τῶν
980 4668 1094 4731 όεατῶν
1116 4664 1186 4729 droa
1210 4662 1320 4734 ἕκατνς
1346 4662 1479 4741 ηὐπόρει.
1503 4664 1528 4727 τί
1553 4662 1610 4737 μὲν
1633 4658 1681 4727 οὖν
1705 4661 1799 4735 ἐμπι-

608 4773 759 4855 ρευόμενιι
792 4770 922 4851 διάφορα
955 4771 1051 4853 δῶρα,
1083 4772 1141 4834 τῶν
1169 4769 1199 4833 δέ
1233 4771 1344 4833 λοιπῶν
1375 4770 1401 4834 ol
1431 4770 1486 4845 μέν
1512 4766 1610 4845 ἐγγὺς
1636 4767 1798 4840 καόιίμενοι

608 4879 764 4959 τεφάνονς
790 4880 979 4953 ἐπετίόεσαν,
1004 4878 1029 4940 σί
1054 4875 1079 4939 δ’
1104 4874 1240 4952 ἀνωτέρω
1263 4876 1345 4938 τοῦδ’
1368 4871 1440 4951 όπερ
1466 4867 1499 4944 ἦν
1521 4872 1637 4947 λοιπόν,
1661 4869 1798 4946 ἔβαλλον

1626 4989 1658 5039 22
