5125 6150
691 823 756 891 384
919 874 921 878 .
1119 842 1234 890 111111
1255 823 1427 889 ecmonus.

732 1009 794 1075 Sed
817 1009 856 1076 ad
879 1008 1095 1095 quaestionem
1118 1007 1156 1074 de
1179 1008 1293 1074 harum
1313 1029 1477 1074 scenarum
1497 1010 1765 1074 contaminatione
1784 1013 1873 1075 iusta

687 1119 829 1202 partium
862 1115 1087 1182 Plautinsrum
1120 1122 1152 1179 et
1187 1121 1429 1180 retractatamm
1464 1115 1578 1181 divisio
1609 1136 1725 1201 parum
1756 1117 1872 1194 refert,

688 1244 763 1289 nam
785 1226 819 1287 in
843 1225 987 1307 utrisque
1010 1224 1240 1307 permiscentur
1262 1241 1312 1286 res
1331 1228 1363 1285 et
1382 1241 1532 1306 personae
1551 1242 1590 1286 61
1608 1226 1744 1307 utraque
1762 1223 1873 1289 fabula

688 1350 801 1416 graece
824 1335 988 1415 sumptae,
1019 1328 1102 1414 quod
1124 1329 1239 1392 evitari
1262 1348 1325 1392 non
1349 1330 1456 1412 potuit
1479 1330 1513 1391 in
1536 1327 1674 1393 duarum
1697 1330 1874 1396 comoedia-

689 1456 762 1500 rum
792 1442 824 1500 61
855 1435 992 1500 duorum
1015 1434 1170 1499 nodorum
1194 1432 1351 1499 solutione
1376 1454 1447 1499 una.
1472 1433 1579 1520 Igitur
1601 1438 1708 1501 omnia
1731 1457 1812 1521 quae
1836 1440 1871 1501 in

687 1561 778 1606 scena
803 1542 822 1604 5
846 1540 1109 1618 Antamoenides,
1139 1538 1293 1605 1111166611
1317 1560 1494 1626 anonyma.
1519 1539 1664 1626 loquitur
1686 1561 1760 1607 cum
1783 1542 1873 1607 Han-

687 1668 785 1725 none,
817 1647 1032 1735 Anterastyli,
1064 1646 1269 1733 Agorastocle
1301 1667 1331 1711 v.
1365 1646 1597 1725 1292-1328,
1629 1651 1746 1735 quippe
1777 1654 1872 1737 perti·

687 1756 794 1818 nentia
825 1753 865 1819 ad
895 1758 1123 1841 argumentum
1147 1751 1355 1820 Carchedonii
1378 1773 1492 1838 graeca
1515 1775 1582 1819 esse
1605 1763 1777 1840 nequeunt.
1807 1757 1873 1822 Ex-

686 1863 865 1945 ceptionem
895 1860 974 1925 facio
1005 1859 1043 1925 de
1071 1862 1185 1944 primis
1209 1862 1276 1924 eins
1301 1860 1405 1924 verbis
1430 1858 1662 1939 1280-1291,
1687 1883 1766 1949 quae
1791 1863 1872 1928 Lau-

685 1986 787 2051 genus
820 1968 984 2030 immerito
1016 1967 1114 2030 etiam
1144 1986 1162 2029 a
1191 1964 1307 2030 Plauto
1330 1968 1461 2030 inventa
1485 1986 1551 2031 6666
1575 1967 1724 2045 credidit,
1748 1971 1870 2033 etenim

685 2071 753 2136 fieri
782 2092 845 2137 non
876 2075 981 2158 potuit
1010 2075 1089 2157 quin
1119 2075 1152 2135 in
1185 2092 1299 2158 graeca
1331 2092 1455 2157 quoque
1484 2063 1591 2137 fabula
1623 2075 1872 2158 Antamoenides

686 2184 758 2265 post
787 2178 916 2265 longam
947 2177 1155 2244 seclusionem
1185 2181 1217 2242 in
1247 2178 1343 2243 domo
1375 2178 1453 2266 Lyci
1484 2177 1653 2264 aliquando
1684 2184 1716 2244 in
1741 2201 1871 2246 scenam

686 2284 816 2350 redierit
844 2292 882 2350 ut
912 2306 949 2350 ea
978 2285 1043 2350 fere
1073 2287 1193 2349 ratione
1225 2304 1287 2369 qua
1317 2306 1400 2349 nunc
1424 2284 1564 2371 legimus
1587 2284 1684 2351 bilem
1707 2294 1871 2354 evomeret

686 2395 719 2457 in
741 2391 888 2457 lenonem
913 2397 945 2456 et
967 2393 1000 2455 in
1024 2393 1177 2468 amicam,
1202 2411 1297 2476 quam
1323 2412 1385 2456 una
1408 2412 1482 2457 cum
1501 2390 1613 2457 lenone
1633 2393 1729 2458 verba
1747 2393 1872 2460 dedisse

689 2498 750 2564 sibi
773 2498 917 2583 putabat.
1813 2550 1816 2555 .

733 2603 891 2669 Similiter
914 2607 946 2668 in
971 2624 1063 2669 scena
1087 2603 1106 2668 6
1129 2606 1226 2689 primi
1250 2624 1312 2668 ves.
1333 2609 1479 2688 quatuor,
1503 2603 1733 2690 laea-1341,
1752 2607 1871 2673 referre

687 2716 818 2796 possunt
850 2731 930 2795 quae
958 2713 993 2775 in
1023 2731 1182 2797 anonyma
1212 2730 1338 2794 quoque
1369 2709 1475 2798 Lycus
1506 2714 1539 2776 in
1570 2732 1696 2776 scenam
1723 2734 1870 2780 reversus

688 2818 805 2882 dixerit
835 2817 873 2882 de
904 2814 1136 2882 consultatione
1166 2836 1240 2880 cum
1271 2818 1398 2887 amicis.
1431 2817 1486 2882 sed
1515 2816 1638 2903 reliqua
1661 2822 1767 2884 omnia
1789 2841 1871 2905 quae

686 2923 906 2989 confabulatur
936 2930 1031 3007 atque
1061 2921 1171 3008 litigat
1200 2921 1331 2987 alternis
1363 2924 1485 2988 vicibus
1516 2944 1589 2988 cum
1619 2925 1869 3005 Antamoenide,

686 3030 858 3109 Hannone,
883 3028 1087 3116 Agorastocle
1110 3031 1276 3113 utriusque
1298 3027 1422 3094 fabulae
1440 3027 1598 3095 elementa
1616 3033 1781 3097 continent
1799 3038 1868 3097 tam

686 3138 867 3224 perturbate
908 3138 1080 3201 commixta
1114 3141 1146 3200 et
1180 3141 1245 3199 tam
1281 3134 1482 3221 negligenter
1516 3138 1679 3202 enuntiata
1716 3144 1751 3202 ut
1786 3137 1869 3203 nihil

685 3265 816 3330 graecae
841 3244 973 3329 originis
995 3244 1029 3306 in
1052 3241 1102 3305 his
1126 3240 1308 3327 dignoscere
1331 3240 1470 3327 amplius
1493 3245 1602 3327 possis.

730 3456 777 3522 De
800 3455 934 3521 Poenuli
958 3458 1184 3540 compositione
1207 3458 1311 3541 igitur
1333 3458 1378 3520 sic
1402 3454 1563 3521 concludo.

731 3566 830 3629 Actus
853 3562 867 3627 I
892 3563 922 3627 Π
945 3562 991 3627 ΠΙ
1015 3565 1179 3627 continent
1201 3565 1333 3626 initium
1357 3562 1480 3628 fabulae
1500 3584 1676 3651 anonymae
1699 3573 1868 3649 praeter

686 3677 801 3735 actus
833 3671 960 3754 primi
990 3689 1153 3732 scenam
1186 3667 1362 3732 alteram
1393 3674 1431 3733 et
1465 3668 1591 3733 finem
1615 3672 1773 3755 primae
1795 3674 1870 3735 ini·

688 3778 876 3860 tiumque
907 3777 1074 3839 tertiae.
1105 3771 1259 3840 Constitit
1281 3774 1358 3839 haec
1381 3794 1453 3860 pars
1476 3777 1592 3840 omissa
1616 3779 1781 3862 sexaginta
1802 3778 1870 3844 fere

687 3882 847 3958 versibus,
878 3881 993 3966 quibus
1019 3883 1046 3945 si
1070 3880 1231 3945 adduntur
1253 3902 1316 3946 vss.
1341 3883 1527 3965 superstites
1551 3902 1726 3968 anonymae
1750 3882 1826 3960 688,
1851 3905 1870 3948 6

686 4009 718 4053 v.
746 3986 933 4060 las-816,
966 3993 998 4051 et
1029 3986 1109 4051 duae
1138 3986 1191 4051 vel
1220 3993 1285 4052 1166
1308 4007 1417 4052 scenae
1442 3987 1551 4052 breves
1574 3990 1706 4053 omissae
1729 3992 1762 4053 in
1786 3989 1867 4067 fine,

686 4112 766 4177 quae
786 4092 1004 4177 catastrophen
1024 4091 1253 4178 spectatoribus
1272 4101 1344 4157 ante
1357 4090 1463 4156 oculos
1475 4093 1644 4177 ponebant,
1664 4098 1869 4178 pervenimus

686 4199 725 4267 ad
756 4220 908 4266 versuum
938 4218 1109 4264 numerum
1140 4218 1317 4283 anonymae
1345 4199 1408 4263 fere
1432 4197 1498 4263 800
1523 4197 1575 4264 vel
1599 4198 1693 4285 paulo
1717 4200 1869 4286 amplius.

686 4305 769 4387 Quid
793 4313 900 4371 actum
923 4308 963 4370 sit
988 4308 1021 4369 in
1042 4307 1142 4370 scenis
1166 4303 1232 4368 illis
1255 4303 1402 4369 finalibus
1425 4304 1516 4370 facile
1539 4305 1743 4392 intelligitur.
1775 4307 1870 4372 Post-

686 4434 782 4499 quam
804 4412 910 4500 Lycus
933 4412 1077 4498 confugit
1100 4410 1139 4475 ed
1162 4412 1281 4475 amicos
1305 4416 1350 4488 (v.
1377 4407 1454 4490 795)
1478 4416 1510 4476 61
1534 4410 1752 4497 Agorastocles
1773 4421 1869 4498 atque

684 4517 830 4584 advocati
859 4520 1006 4584 abierunt
1032 4524 1077 4598 (v.
1104 4515 1169 4581 808
1193 4523 1225 4581 61
1249 4516 1347 4595 816),
1379 4519 1619 4584 Antimoenides
1642 4522 1709 4584 exit
1731 4542 1747 4585 6
1771 4519 1868 4586 domo

683 4624 824 4701 lenonis,
854 4627 962 4692 furens
985 4632 1114 4710 propter
1137 4625 1287 4688 amissam
1311 4645 1441 4690 coenam
1462 4631 1491 4690 et
1517 4628 1639 4690 minam
1664 4633 1695 4690 et
1720 4628 1868 4691 amicam.

684 4731 810 4819 Lycum
841 4732 880 4795 ab
915 4734 1025 4797 amicis
1061 4731 1245 4796 redeuntem
1280 4737 1316 4795 ut
1351 4731 1438 4796 domi
1472 4753 1505 4796 66
1539 4731 1710 4816 suspendat
1742 4733 1869 4799 fortiter

684 4837 887 4922 aggreditur;
924 4860 998 4903 mor
1030 4836 1250 4923 Agorastocles
1280 4837 1403 4923 prodit,
1435 4840 1489 4922 qui
1519 4844 1592 4923 post
1615 4836 1734 4902 multae
1765 4841 1870 4905 minas

685 4946 834 5030 transigit
855 4965 924 5009 rem
943 4965 1017 5009 cum
1036 4944 1163 5021 lenone,
1183 4946 1318 5029 receptis
1337 4944 1510 5021 sororibus,
1527 4941 1712 5021 Gollabisco,
1725 4949 1869 5011 nummis
