5125 6150
688 831 754 922 382
1219 852 1342 900 ursus.

685 1016 862 1093 οὶλογίσσιις
883 1020 1018 1093 ποιῆσαι,
1031 1014 1226 1092 ἠγανάκτουν
1239 1014 1288 1092 ἄν,
1310 1016 1474 1094 ἡγούμενοι
1495 1043 1520 1093 α
1531 1022 1658 1083 ἄλλον
1679 1019 1883 1097 λέγεσθαι

686 1118 730 1192 ὥς
763 1145 832 1198 μοι
864 1129 1050 1199 προσῆκε.
1087 1121 1190 1186 Locus
1224 1121 1404 1187 multorum
1435 1126 1625 1189 coniecturis
1656 1126 1801 1190 infamis.
1835 1127 1881 1190 Ac

685 1228 828 1312 primum
851 1225 980 1311 quidem
1005 1226 1148 1312 plerique
1169 1226 1306 1290 editores
1324 1248 1399 1290 cum
1418 1227 1555 1313 Tayloro
1575 1229 1698 1294 addunt
1712 1224 1882 1315 <ri>post

685 1333 844 1410 ulyssem.
869 1331 931 1397 Sed
956 1332 1031 1416 quid
1055 1338 1104 1397 est
1127 1337 1249 1406 μᾶλλον
1274 1331 1443 1410 adrestas?
1468 1331 1551 1399 Oum
1573 1342 1699 1418 praeter
1718 1335 1879 1400 Fuhrium

684 1459 778 1503 nemo
810 1437 994 1524 intelleget,
1027 1437 1199 1502 divinando
1230 1459 1413 1503 succurrere
1444 1442 1618 1505 sententiae
1642 1439 1749 1525 plures
1775 1444 1879 1506 conati

685 1551 769 1609 sunt.
802 1544 892 1623 Quod
916 1565 954 1609 ex
977 1544 1093 1609 horum
1118 1545 1336 1609 conaminibus
1362 1544 1516 1629 praetulit·
1540 1544 1765 1611 Thalheimius
1791 1555 1823 1612 et
1845 1551 1878 1611 in

686 1657 812 1715 textum
832 1652 967 1734 recepit:
990 1650 1155 1727 ἡγούμενοι
1177 1650 1212 1726 μ’
1225 1647 1323 1713 ἄλλον
1343 1648 1491 1727 λέγεσθαι
1505 1650 1586 1725 <t>
1604 1647 1640 1722 dc
1661 1675 1713 1726 μοι
1734 1659 1878 1730 προσῆκε,

685 1757 864 1821 Meutzneri
884 1761 1103 1820 commentum
1123 1761 1173 1820 est
1191 1758 1296 1840 prima
1317 1759 1420 1840 specie
1440 1758 1662 1841 ingeniosum,
1683 1758 1738 1822 sed
1751 1764 1880 1823 tantum

685 1863 774 1927 abest
796 1867 834 1926 ut
856 1861 1029 1948 Lysiacum
1053 1864 1236 1927 existimem
1259 1868 1296 1925 ut
1319 1861 1464 1926 multum
1484 1884 1595 1928 verear
1615 1884 1696 1929 num
1717 1862 1878 1944 Graecum

683 1970 736 2031 sit.
761 1966 810 2031 Ad
834 1988 963 2031 sonsum
986 1974 1105 2053 quanto
1129 1966 1248 2032 melius
1272 1972 1429 2031 nostrates
1453 1967 1660 2034 Helbertsma
1681 1977 1714 2034 et
1733 1969 1879 2036 Herwer

685 2074 802 2150 denus,
838 2094 976 2158 quorum
1008 2073 1065 2139 ille
1099 2077 1222 2150 μᾶλλον
1258 2075 1465 2151 ἐπαινεῖσθαι,
1501 2073 1736 2139 Herwerdenus
1768 2075 1879 2161 paullo

685 2181 816 2265 propius
845 2179 885 2243 ad
915 2179 1031 2244 codicis
1062 2181 1254 2264 scripturam
1283 2182 1406 2253 μᾶλλον
1431 2180 1625 2256 εὐλογεῖσθαι
1650 2183 1797 2248 coniecit.
1823 2181 1879 2247 Vel

686 2287 826 2370 pressius
853 2284 952 2348 simul
983 2290 1016 2349 et
1046 2284 1130 2369 quod
1162 2283 1201 2349 ad
1232 2286 1425 2349 sententiam
1457 2285 1635 2350 modestius
1658 2288 1728 2371 ipse
1750 2285 1879 2374 legam:

688 2389 856 2467 ἡγούμενος
879 2386 1018 2467 μεῖζον
1038 2394 1138 2468 <σι>
1160 2389 1307 2467 λέγεσθαι
1328 2390 1410 2469 (d)
1430 2388 1469 2461 ὥς
1488 2414 1539 2466 μοι
1558 2398 1701 2470 προσῆκε.
1726 2389 1794 2458 cfr.
1809 2415 1840 2458 v.
1854 2415 1880 2459 c.

687 2495 831 2560 Platonis
854 2498 910 2581 qui
934 2495 1052 2559 dicitur
1074 2496 1173 2577 Hipp.
1196 2497 1277 2560 Min.
1304 2495 1356 2572 15,
1382 2517 1412 2579 p.
1439 2493 1544 2561 arad:
1570 2498 1703 2568 τοιοῦτός
1727 2499 1795 2575 εἰμι
1820 2494 1880 2570 οἶός

687 2601 742 2680 σέο
771 2602 852 2678 εἰμι,
884 2597 933 2665 ἵνα
966 2602 1059 2677 μηδὲν
1085 2600 1219 2678 ἐμαυτὸν
1241 2601 1346 2681 μεῖζον
1371 2602 1456 2666 εἵσω.
1488 2601 1578 2666 Idem
1602 2623 1732 2687 prorsus
1758 2607 1880 2669 vitium

687 2712 810 2784 μᾶλλον
831 2729 886 2792 pro
906 2704 1009 2787 μεῖζον
1029 2708 1169 2771 cernitur
1188 2728 1214 2772 e.
1228 2729 1261 2792 g.
1282 2709 1316 2770 in
1335 2727 1456 2792 papyro
1476 2709 1599 2770 acuendi
1617 2729 1644 2772 a.
1658 2706 1734 2774 Chr.
1750 2709 1880 2787 saeculi,

687 2821 724 2879 ut
748 2814 862 2878 editori
880 2813 1019 2890 videtur,
1044 2834 1106 2898 quo
1125 2815 1308 2878 continetur
1328 2815 1422 2877 tertia
1441 2834 1478 2877 ex
1498 2813 1646 2899 epistulis
1666 2813 1882 2882 Demostheni

686 2940 704 2984 a
735 2920 896 2984 veteribus
927 2919 1075 2995 tributis,
1107 2917 1187 3002 §28
1220 2921 1267 2998 (in
1299 2918 1465 3004 Kenyonis
1500 2920 1648 2983 Classical
1679 2921 1769 2985 Teate
1794 2924 1882 3009 from

688 3024 803 3109 Pcppri
834 3026 867 3087 ιἰι
899 3026 947 3088 tle
978 3023 1097 3089 Britirt
1129 3025 1265 3088 Murcum
1298 3046 1328 3109 p.
1355 3023 1428 3104 61);
1463 3024 1539 3090 adso
1575 3030 1694 3091 vetusti
1719 3029 1880 3094 eiusmodi

688 3152 808 3196 errores
832 3138 917 3195 sunt.

734 3341 786 3405 Or.
809 3340 867 3405 Vll
887 3340 978 3425 §liz
998 3336 1084 3412 οὗτος
1105 3340 1208 3416 μέντοι
1229 3342 1282 3404 οὐκ
1301 3338 1339 3404 ἂν
1360 3338 1426 3419 ἔχοι
1448 3339 1608 3416 ἀποδεῖξαι
1629 3339 1689 3407 ott’
1703 3343 1784 3413 ὥς-
1799 3383 1830 3393 -
1844 3382 1877 3392 -

689 3447 748 3510 ott·
773 3447 811 3518 ὦς
839 3446 899 3525 ἐγὼ
924 3445 1046 3524 ἄπειρος
1070 3452 1128 3511 σῶν
1152 3449 1224 3526 παρ’
1250 3447 1320 3523 ὑμῖν
1346 3447 1494 3511 κινδύνων.
1526 3447 1609 3511 Fieri
1634 3453 1739 3532 potest
1766 3459 1805 3514 ut
1829 3450 1882 3515 fal·

687 3550 747 3626 lar,
780 3551 834 3615 sed
865 3554 957 3616 unice
986 3550 1159 3637 intellego:
1193 3558 1251 3616 τῶν
1285 3554 1357 3630 παρ’
1390 3553 1493 3626 ὑμῶν
1525 3551 1673 3617 κινδύνων.
1706 3553 1750 3617 ut
1775 3558 1821 3619 sic
1845 3578 1881 3620 ex

689 3656 884 3721 Thalhsimii
896 3664 1049 3741 apparatu
1062 3679 1144 3722 nunc
1158 3657 1382 3722 Meutznerum
1395 3678 1520 3742 quoque
1532 3660 1691 3723 censuisse
1704 3664 1878 3746 comperio.

736 3875 789 3941 Or.
814 3874 872 3938 VII
895 3873 985 3958 §18:
1019 3876 1043 3937 εἰ
1076 3873 1173 3938 τοίνυν
1206 3874 1258 3937 καὶ
1291 3878 1395 3939 ταῦτα
1427 3876 1721 3954 παρεσκευασάμην,
1756 3884 1821 3949 πῶς
1846 3877 1883 3943 ἂν

690 3977 749 4053 οἷος
780 3982 808 4044 τ’
835 3977 867 4053 ἦν
898 3978 1022 4050 πάντας
1054 3986 1161 4042 σεῖσαι
1194 3978 1264 4050 τοὺς
1297 3978 1490 4060 [repedetur.
1518 3980 1534 4054 l
1559 3982 1643 4064 τοὺς]
1667 3983 1834 4060 γείτονας,
1857 3982 1883 4049 οἳ

689 4088 722 4152 οὐ
746 4085 835 4163 μόνον
858 4099 927 4149 xre.
952 4084 1075 4149 Mirum
1096 4087 1329 4149 recentissimos
1348 4085 1484 4151 editores
1502 4087 1720 4172 obtemperare
1742 4087 1883 4155 noluisse

692 4192 851 4267 Dobraeo,
876 4192 1035 4277 Kaysem,
1059 4189 1224 4267 Scheibi0,
1248 4193 1370 4275 optime
1394 4192 1561 4256 resecanda
1585 4214 1651 4256 esse
1674 4194 1774 4258 verba
1796 4198 1885 4260 unci-

693 4302 741 4362 nis
764 4296 888 4362 inclusa
911 4297 1123 4361 mouentibus.
1148 4295 1231 4360 Nam
1251 4297 1335 4380 quod
1356 4298 1497 4361 referunt
1517 4298 1556 4361 ed
1576 4298 1659 4382 520,
1673 4298 1757 4363 nihil
1769 4321 1883 4366 causae

691 4411 740 4472 est
759 4425 815 4468 cur
834 4406 899 4467 iem
920 4424 1004 4466 nunc
1023 4404 1297 4487 praetereuntium
1317 4406 1477 4467 mentione
1497 4406 1679 4481 interiecta,
1702 4426 1784 4489 quae
1799 4415 1885 4473 recte

690 4513 836 4596 sequitur
866 4508 972 4593 §20⁰,
1004 4514 1207 4592 pervertetur
1231 4507 1401 4573 artificiosa
1423 4509 1570 4595 gradatio
1594 4531 1673 4594 quae
1697 4513 1885 4579 instituitur

692 4639 710 4681 a
740 4615 939 4701 paragrapho
969 4614 1043 4678 inde
1077 4612 1134 4677 16³
1166 4614 1299 4691 (οἰκετῶν
1324 4652 1366 4661 -
1396 4614 1632 4692 μεμισθωμένων
1658 4654 1700 4665 -
1725 4620 1884 4702 γειτόνων)

692 4742 710 4785 a
741 4721 943 4806 propioribus
974 4720 1013 4784 ad
1045 4722 1240 4784 remotiores.
1273 4719 1404 4784 Accedit
1434 4720 1518 4805 quod
1551 4721 1588 4787 de
1613 4723 1661 4787 his
1686 4726 1791 4790 tribus
1816 4749 1885 4792 con-

692 4828 831 4889 sciorum
850 4826 1022 4912 generibus
1042 4825 1135 4911 plura
1155 4825 1315 4902 dicuntur,
1337 4833 1573 4910 praetereuntes
1593 4829 1696 4893 obiter
1708 4836 1841 4897 tautum
1853 4840 1884 4899 et

690 4930 724 4991 in
748 4938 931 4996 transcursu
954 4933 1006 4995 hic
1024 4936 1314 4996 commemorantur
1333 4938 1365 4995 et
1384 4932 1617 5017 quodammodo
1637 4937 1880 5004 intercalantur.
