5125 6150
1114 793 1280 843 uomens.
1725 772 1793 841 253

642 958 745 1043 §212
778 960 803 1023 ri
834 964 910 1036 γοῦν
940 981 988 1031 τις
1019 959 1124 1030 αὐτοῖς
1155 959 1206 1022 τὸν
1238 961 1292 1022 τοῦ
1324 954 1427 1034 Γθγου
1455 954 1619 1021 δακτύλιον
1643 953 1792 1038 &crevi

593 1065 653 1137 τὴν
677 1069 731 1129 τοῦ
750 1063 857 1135 ’λιθος
877 1072 975 1139 ιιυνιῑν.
1000 1069 1159 1149 Apertum
1179 1063 1238 1128 hoc
1257 1070 1306 1128 est
1325 1068 1356 1129 et
1376 1060 1468 1127 facile
1488 1062 1667 1127 carebimus
1686 1061 1792 1125 verbis

592 1189 679 1255 quae
713 1176 786 1254 post
819 1167 925 1233 ituree
961 1154 1081 1234 ineerta
1113 1168 1285 1254 leguntur:
1329 1171 1377 1239 ὡς
1412 1167 1703 1247 περιθεμένους
1739 1167 1790 1243 μὴ

590 1276 781 1356 δρᾶσθαι.

637 1493 739 1579 523:
772 1492 906 1571 μάτην
937 1491 986 1559 οὖν
1011 1494 1232 1566 ἀνεληλυθότες
1256 1488 1309 1556 ὦσι
1333 1491 1472 1569 γέροντες
1496 1488 1600 1569 ἄνδρες
1624 1486 1700 1553 οὕτω
1724 1511 1787 1564 μα-

586 1601 668 1677 κράν
699 1601 753 1673 τὴν
784 1597 953 1676 άνάβιιοιν.
994 1599 1041 1663 De
1076 1620 1151 1663 vera
1186 1597 1247 1662 loci
1283 1599 1440 1661 sententia
1474 1599 1502 1661 si
1536 1597 1607 1680 quis
1642 1595 1787 1672 dubitat,

588 1703 758 1770 consulere
783 1708 901 1790 poterit
926 1704 1141 1769 Schwarzium
1164 1707 1197 1768 in
1222 1705 1333 1768 Moero.
1362 1703 1447 1768 1885
1472 1726 1503 1788 p.
1527 1703 1607 1784 106;
1628 1702 1683 1766 sed
1702 1702 1786 1766 unde

588 1813 819 1874 coniunctirus
842 1808 977 1894 pendet?
1000 1811 1165 1875 Nimirum
1188 1808 1345 1894 particula
1368 1809 1503 1874 excidit:
1528 1804 1619 1888 (ἵνα)
1642 1807 1757 1884 μάτην.

1081 1992 1129 2054 De
1151 1990 1302 2054 Parasito.

640 2157 658 2238 §
680 2153 718 2218 8:
744 2155 795 2218 καὶ
820 2158 881 2231 ριθρν
903 2154 1094 2234 κυβερνήτας
1117 2155 1174 2230 μὲν
1197 2154 1377 2231 άγαθοὺς
1402 2153 1453 2218 καὶ
1477 2154 1614 2233 ἠνιθχους
1634 2156 1784 2234 τεχνίτας

588 2259 781 2330 ἐκπεσόντας
811 2265 870 2324 τῶν
901 2258 1014 2339 δίφρον
1044 2255 1116 2323 οἶδα
1147 2259 1207 2336 ἐγὼ
1239 2255 1404 2330 πολλάκις.
1437 2259 1501 2323 Hic
1532 2259 1639 2324 deesse
1663 2260 1784 2344 aliquid

587 2367 781 2448 interpretes
811 2363 1123 2440 animadverterunt,
1152 2365 1207 2429 sed
1231 2370 1387 2448 quantum
1412 2367 1570 2450 comperi,
1594 2363 1678 2428 nihil
1701 2371 1786 2429 attu-

586 2468 699 2533 lerunt
733 2471 817 2553 quod
849 2469 1030 2533 satisfacere
1061 2471 1177 2554 possit;
1210 2469 1298 2533 solus
1329 2476 1378 2533 est
1407 2468 1538 2555 longius
1570 2490 1660 2534 meus
1683 2491 1714 2553 p.
1741 2467 1783 2535 72

589 2577 648 2660 qui
678 2574 785 2639 locum
817 2574 1025 2660 depravatum
1057 2596 1124 2640 esse
1153 2582 1249 2660 negat-
1279 2578 1451 2660 ipsumque
1474 2577 1660 2659 scriptorem
1684 2574 1785 2660 negli-

588 2685 723 2765 gentem
746 2687 778 2744 et
800 2680 965 2745 socordem
989 2681 1088 2745 fuisse
1109 2683 1315 2766 pronunciat,
1340 2683 1395 2765 qui
1417 2680 1496 2744 duas
1518 2683 1676 2765 imagines
1699 2679 1783 2744 male

588 2785 780 2850 confuderit.
804 2785 876 2850 Non
897 2785 1049 2849 concedo:
1070 2793 1143 2871 post
1162 2787 1297 2862 ἀγαθοὺς
1318 2788 1523 2870 participium
1544 2785 1679 2861 excidit,
1700 2783 1784 2869 quod

587 2888 677 2953 facili
702 2909 797 2973 opera
819 2891 1088 2974 recuperabimus.
1113 2890 1243 2954 Etenim
1265 2893 1375 2975 paucis
1398 2891 1597 2973 interpositis
1619 2891 1781 2973 sequitur:

589 2996 764 3072 παρασίτου
794 2995 826 3058 δὲ
857 2995 1004 3070 ναυάγιον
1035 2993 1132 3065 οὐδεὶς
1157 2994 1224 3076 ἔχει
1249 3001 1382 3059 τοιοῦτον
1405 2994 1511 3072 εἰπεῖν,
1536 2992 1621 3079 quod
1643 2993 1720 3058 facit
1743 2998 1782 3058 ut

587 3100 774 3185 suppleam:
799 3100 989 3179 κυβερνήτας
1013 3101 1070 3179 μὲν
1094 3101 1230 3177 άγαθοὺς
1256 3101 1621 3181 (ναυαγήσαντος).

632 3335 651 3416 ᾗ
672 3332 709 3396 9:
734 3329 800 3396 ires
824 3333 859 3396 εἰς
881 3332 989 3397 τούτου
1013 3330 1171 3410 εθιιάζιι.
1197 3332 1386 3418 Legendum
1410 3338 1458 3397 est
1482 3331 1678 3412 εἰκάζειν,
1703 3355 1778 3398 nam

584 3460 649 3503 non
677 3443 727 3501 est
754 3458 790 3501 ea
818 3440 999 3502 coniectura
1028 3440 1097 3502 eius
1126 3440 1181 3522 qui
1205 3438 1359 3522 loquitur.
1390 3436 1452 3502 Sed
1474 3437 1607 3522 longius
1630 3439 1689 3503 hoc
1712 3443 1777 3504 iam

584 3542 681 3607 vidit.

629 3757 725 3842 510.
761 3759 926 3850 Parasitus
961 3766 1130 3844 postquam
1166 3758 1301 3824 Homeri
1335 3759 1510 3825 versiculos
1542 3759 1711 3825 nonnullos
1741 3765 1775 3826 in

580 3862 756 3948 epularum
779 3862 909 3927 laudem
931 3867 1101 3940 excitavit,
1121 3866 1168 3930 ita
1186 3866 1310 3949 pergit:
1333 3864 1384 3927 καὶ
1404 3868 1443 3936 ὥς
1464 3868 1523 3944 οὐχ
1543 3867 1654 3938 θιιανῶς
1673 3870 1779 3932 ταῦτα

580 3966 754 4047 θαυμάζων
784 3973 907 4043 μᾶλλον
938 3973 993 4042 τὴν
1023 3969 1118 4032 αὑτοῦ
1149 3973 1273 4046 γνώμην
1305 3978 1386 4034 ποιεῖ
1414 3970 1627 4052 Φανερυτθραν
1659 3968 1700 4036 εὖ
1724 3974 1781 4037 λθ-

578 4094 683 4152 γιοι·
717 4074 807 4138 τοῡτθ
837 4097 868 4138 τι
892 4097 942 4149 μοι
966 4073 1114 4139 κάλλος-ον
1137 4075 1177 4138 ot
1202 4075 1310 4155 Φρετὶν
1333 4072 1448 4140 εἴδεται
1472 4071 1560 4142 εἶναι.
1586 4076 1706 4142 Verum
1729 4083 1778 4143 est

578 4178 805 4256 ἐπιλέγων.

629 4411 731 4495 §102
764 4408 847 4491 εθτερ
880 4411 1025 4489 ἐβούλετο
1056 4412 1224 4484 Ὀδυσσεὺς
1249 4415 1283 4478 τὸ
1308 4414 1395 4479 κατά
1417 4415 1487 4487 τοὺς
1512 4417 1667 4488 Στωϊκοὺς
1691 4417 1777 4483 ἐται-

575 4525 644 4583 νεῖυ
664 4515 771 4595 τέλος,
792 4516 918 4583 ἐδύνατο
942 4518 1064 4582 ταυτὶ
1088 4517 1229 4595 λέγειν
1248 4516 1299 4583 ὅτε
1318 4520 1371 4584 τὸν
1391 4523 1580 4596 Φιλοκτήτην
1601 4510 1774 4601 άνιὶγαγεν.

573 4624 749 4703 Quantum
772 4621 883 4699 rideo,
909 4624 976 4688 sine
1001 4644 1109 4700 sensu;
1135 4625 1284 4688 coniioio:
1309 4634 1639 4705 τεριττολογεῖν.

627 4853 728 4940 §26:
774 4853 862 4926 δῆλον
903 4852 949 4919 ὅτι
980 4861 1038 4920 τῶν
1072 4855 1175 4921 άλλοιν
1210 4860 1328 4937 τεχνῶν
1364 4857 1442 4935 δθξει
1477 4860 1772 4941 αροΦερετάτιρ
