5125 6150
812 829 878 895 414
1338 844 1459 894 ursus.

811 1017 985 1089 scrutatus,
1009 1015 1047 1074 ut
1069 1030 1153 1074 uunc
1175 1013 1259 1074 certe
1282 1010 1419 1094 ubique,
1444 1012 1643 1095 paucissimis
1667 1013 1822 1097 exeeptis,
1845 1016 1915 1076 tuto
1936 1032 1994 1075 uos

809 1118 951 1183 incedere
973 1115 1211 1202 intellegamus.
1235 1114 1324 1180 Idem
1348 1119 1491 1181 virorum
1515 1115 1678 1182 doctorum
1697 1138 1794 1203 paene
1813 1120 1995 1182 innumera-

808 1223 943 1300 bilium,
967 1225 1023 1308 qui
1046 1222 1118 1286 iude
1138 1243 1156 1286 a
1176 1225 1294 1286 renatis
1313 1221 1430 1288 litteris
1449 1222 1565 1309 Lysiae
1584 1222 1749 1287 divinandi
1768 1245 1825 1308 ope
1845 1223 1995 1308 prodesse

809 1337 885 1395 sunt
904 1331 1024 1406 conati,
1044 1331 1240 1394 coniecturas
1259 1349 1339 1414 quae
1358 1328 1485 1414 quidem
1498 1327 1620 1414 aliquid
1632 1328 1865 1414 probabilitatis
1877 1330 1995 1396 habore

808 1437 1002 1513 viderentur,
1026 1437 1226 1521 perscripsit,
1253 1471 1295 1484 -
1323 1437 1357 1498 in
1385 1455 1463 1520 quas
1489 1434 1595 1500 doleas
1622 1443 1762 1502 recentes
1787 1436 1995 1501 Herwerdeui

808 1563 899 1608 curas
921 1563 982 1606 nou
1006 1562 1074 1606 esse
1097 1541 1249 1617 adscitas,
1275 1581 1316 1590 —
1339 1543 1460 1625 ipsein
1486 1541 1690 1606 coniectando
1713 1563 1826 1628 parcus
1850 1548 1882 1607 et
1905 1545 1993 1608 cauti

808 1649 980 1715 admodum
1004 1649 1288 1732 circumspectique
1310 1647 1434 1712 iudicii.
1458 1646 1508 1712 Ita
1531 1647 1701 1713 editionem
1726 1651 1794 1713 eius
1816 1647 1869 1713 vel
1892 1649 1995 1714 obiter

807 1755 1013 1843 perlustranti
1044 1760 1199 1839 quantum
1230 1756 1263 1817 iu
1294 1753 1409 1840 Lysiae
1441 1760 1531 1819 textu
1562 1753 1768 1827 emaculando
1799 1758 1991 1840 praestitum

807 1866 850 1928 sit
872 1859 1050 1927 luculenter
1073 1867 1219 1946 apparet,
1244 1863 1430 1945 praesertim
1454 1882 1528 1925 cum
1551 1883 1632 1926 novo
1656 1862 1787 1927 consilio
1811 1883 1887 1926 usus
1911 1883 1992 1946 quae

807 1977 892 2036 certa
913 1970 1091 2033 coniectura
1113 1971 1222 2032 sanata
1241 1989 1298 2052 pro
1316 1966 1617 2033 hallucinationibus
1636 1968 1793 2034 librorum
1812 1972 1844 2033 iu
1864 1975 1991 2033 textum

807 2078 874 2141 sine
897 2075 1093 2140 dubitatione
1109 2074 1206 2157 recipi
1225 2073 1429 2138 merebantur
1448 2079 1481 2138 et
1497 2093 1614 2161 magna
1635 2095 1673 2138 er
1692 2081 1782 2159 parte
1800 2074 1990 2139 iamdudum

806 2187 931 2267 recepta
950 2186 1040 2257 sunt,
1054 2179 1191 2244 diductis
1203 2177 1320 2244 litteris
1332 2179 1571 2267 significaverit.
1592 2179 1730 2245 Interius
1741 2183 1880 2246 intuenti
1892 2178 1992 2246 simul

805 2294 950 2375 apparot,
971 2291 1127 2374 quantum
1147 2292 1219 2371 post
1238 2285 1359 2350 multos
1371 2285 1548 2351 multorum
1568 2285 1675 2353 felices
1687 2293 1817 2352 conatus
1829 2287 1990 2373 agendum

806 2398 953 2482 supersit.
989 2393 1112 2479 Nempe
1141 2396 1188 2458 ita
1219 2415 1251 2458 se
1282 2415 1332 2458 res
1362 2394 1473 2459 habet:
1505 2393 1620 2481 Lysiae
1651 2395 1797 2480 prodesse
1830 2397 1884 2479 qui
1916 2393 1990 2459 vult

805 2504 972 2589 praecipue
999 2502 1129 2586 iugenio
1151 2505 1262 2564 utatur
1286 2520 1410 2566 necesse
1433 2507 1497 2577 ost;
1522 2500 1654 2565 traditas
1678 2500 1763 2586 apud
1785 2492 1869 2566 oum
1883 2499 1991 2566 lectio

806 2630 860 2674 nos
883 2610 939 2692 qui
962 2612 1123 2691 uteunque
1147 2607 1230 2670 tueri
1254 2603 1355 2671 vellet
1376 2605 1639 2693 intellegentibus
1663 2609 1764 2671 risum
1787 2608 1960 2692 praeberet.

851 2712 955 2780 Grisin
986 2712 1153 2798 Lysiacam
1183 2714 1216 2775 in
1248 2715 1357 2797 paucis
1387 2713 1584 2778 orationibus
1613 2712 1816 2779 iudicialibus
1846 2734 1926 2798 quae
1950 2712 1989 2776 ad

805 2826 947 2884 nostram
978 2826 1115 2884 aetatem
1138 2825 1351 2903 pervenenmt
1374 2825 1476 2884 totam
1500 2821 1560 2883 uiti
1583 2842 1640 2882 mco
1662 2817 1744 2884 libro
1767 2818 1913 2884 Palatino
1935 2808 1990 2883 rel

806 2925 1070 3013 Heidelbergensi
1096 2946 1127 2988 n.
1153 2924 1207 3003 88,
1239 2947 1334 3010 quem
1366 2924 1548 2990 Bekherum
1580 2928 1679 2990 secuti
1702 2924 1810 2991 littera
1833 2925 1864 2988 X
1887 2926 1989 3011 insig-

803 3037 873 3100 nire
895 3031 1050 3110 solemus,
1075 3039 1193 3098 ceteros
1217 3032 1340 3098 codices
1363 3035 1418 3118 qui
1441 3031 1569 3119 quidem
1592 3032 1756 3118 hueusque
1779 3035 1989 3097 innotuerunt

803 3142 900 3206 huius
931 3161 998 3205 esse
1028 3140 1225 3227 apographa,
1257 3161 1394 3225 quorum
1416 3141 1456 3204 ob
1478 3142 1658 3225 ingeniosas
1681 3138 1860 3225 complures
1879 3160 1987 3204 emon·

802 3249 942 3313 dationes
973 3249 1113 3331 optimus
1145 3248 1188 3311 sit
1218 3245 1451 3312 Laurentianus
1483 3244 1508 3312 O
1538 3246 1634 3332 (plut.
1660 3245 1712 3324 57,
1726 3246 1759 3326 4)
1790 3249 1842 3311 cui
1877 3253 1987 3311 temen

803 3354 967 3420 Bclrlrerus
989 3355 1126 3417 nimium
1147 3353 1325 3429 tribuebat,
1345 3353 1383 3417 ab
1404 3352 1588 3418 Hermanno
1608 3351 1748 3439 Sauppio
1768 3374 1795 3417 a.
1811 3351 1894 3416 1841
1918 3360 1987 3417 tam

802 3461 979 3527 luculenter
1002 3459 1256 3524 demonstratum
1280 3465 1344 3537 est,
1368 3465 1406 3524 ut
1429 3460 1466 3524 de
1491 3461 1548 3525 hac
1572 3481 1605 3525 ro
1628 3463 1711 3525 iuter
1735 3459 1874 3525 eruditos
1898 3481 1987 3544 pror-

803 3589 857 3632 sus
880 3571 1010 3631 constet.
1041 3565 1207 3630 Palatinus
1232 3569 1394 3651 „optimus
1418 3565 1519 3631 liber”
1544 3566 1634 3631 audit
1656 3588 1674 3632 a
1697 3565 1844 3631 Scheibio
1867 3566 1987 3646 (Praei.

803 3696 833 3759 p.
867 3680 917 3751 v),
952 3672 990 3736 ob
1026 3671 1121 3736 fidem
1156 3677 1248 3758 puto,
1286 3693 1382 3758 quam
1417 3672 1456 3737 ad
1487 3676 1629 3758 inopiam
1663 3673 1781 3739 redacti
1816 3675 1872 3737 uui
1909 3673 1987 3739 huic

802 3781 916 3844 habore
943 3782 1104 3865 cogimur;
1142 3779 1391 3855 „emendatum”
1428 3778 1549 3844 librum
1587 3780 1688 3845 dicere
1722 3778 1887 3844 Scheibius
1921 3802 1986 3845 non

803 3889 906 3973 magis
937 3906 1031 3970 quam
1064 3885 1294 3951 audacissimus
1323 3888 1429 3972 quivis
1452 3890 1665 3952 coniectaria
1690 3889 1833 3950 animum
1857 3886 1987 3951 induxit

802 4015 907 4059 suum.
943 3989 1100 4069 Oobetus,
1135 3992 1244 4077 paullo
1279 3994 1517 4069 vehementius,
1554 3992 1716 4079 ‚‚(Lysiae)
1755 4016 1831 4056 coru
1869 4000 1986 4056 tontum

803 4099 908 4167 Codex
939 4097 1001 4161 Ms.
1033 4119 1071 4162 er
1095 4102 1258 4163 communi
1281 4104 1562 4164 monumentorum
1586 4106 1731 4164 veterum
1755 4100 1921 4185 naufragio
1947 4101 1987 4165 ad

802 4227 859 4270 nos
893 4206 1037 4289 pervenit
1071 4206 1162 4288 isque
1196 4204 1329 4269 infinitis
1363 4204 1465 4270 modis
1496 4211 1562 4268 tam
1595 4208 1731 4289 turpiter
1758 4211 1924 4290 corruptus
1949 4213 1988 4271 ut

802 4315 926 4398 praeter
944 4309 1155 4395 Theophrasti
1175 4308 1380 4376 (lharacteres
1399 4317 1431 4376 et
1450 4309 1641 4395 particulam
1660 4332 1676 4375 e
1697 4310 1880 4376 Dicaearchi
1891 4311 1987 4389 libro,

802 4439 898 4503 quem
921 4415 989 4490 βίον
1012 4423 1066 4489 τῆς
1092 4415 1243 4488 Ἑλλάδος
1266 4420 1445 4502 inscripsit,
1470 4416 1585 4479 nulium
1612 4417 1743 4480 Codieem
1764 4418 1823 4480 Ma.
1843 4418 1987 4481 Graecum

802 4525 973 4587 deteriorem
993 4529 1022 4585 et
1041 4522 1118 4585 omni
1134 4545 1240 4602 periere
1260 4526 1427 4587 mendorum
1447 4529 1475 4585 et
1493 4523 1631 4586 citiorum
1644 4523 1873 4608 inquinatiorem
1884 4546 1989 4605 soper-

802 4652 863 4692 esae
882 4629 1062 4691 eeiatimem''
1076 4629 1193 4707 (Praof.
1206 4651 1236 4714 p.
1251 4631 1283 4716 ij.
1306 4628 1370 4696 cfr.
1384 4628 1421 4693 V.
1434 4628 1470 4692 L.
1485 4628 1551 4707 37).
1576 4628 1663 4694 lutor
1684 4630 1854 4694 deteriores
1871 4630 1985 4695 habeu-

803 4736 880 4799 dum
910 4755 977 4798 esse
1007 4732 1210 4812 Palatinum,
1235 4737 1423 4819 pracsertim
1447 4736 1571 4799 sicum
1596 4735 1738 4800 Parisino
1762 4734 1988 4801 Demosthenis

803 4841 855 4906 vel
875 4841 1029 4906 Urbiuatc
1047 4840 1194 4905 Isocratis
1218 4840 1270 4906 vol
1294 4839 1465 4906 Bodleiano
1490 4839 1632 4905 Platonis
1655 4846 1865 4927 comparetur,
1891 4862 1986 4908 nemo

802 4967 895 5011 sanus
926 4945 1045 5010 infitias
1076 4946 1146 5011 ibit.
1177 4945 1239 5011 Sed
1271 4947 1331 5012 hoc
1363 4946 1561 5024 addendum,
1585 4969 1625 5011 ne
1648 4950 1750 5033 iniqui
1775 4950 1894 5014 simus:
1918 4951 1986 5013 iam
