5125 6150
1060 825 1330 873 rnneiuanonuu.
1725 808 1790 874 303

596 996 798 1060 indicabatur
828 994 980 1077 Pergami
1011 998 1122 1077 portus
1152 991 1250 1056 Hlaea
1273 994 1341 1057 sive
1365 991 1461 1058 Hella
1486 1029 1528 1041 -
1552 993 1629 1077 quid
1653 995 1790 1072 mirum,

597 1101 751 1166 Ovidium
787 1100 824 1164 de
859 1098 1069 1183 Hellesponto
1100 1101 1274 1183 cogitasse,
1309 1104 1341 1163 et
1372 1105 1409 1162 ut
1440 1103 1547 1164 tamen
1578 1098 1701 1164 Thebas
1733 1104 1789 1164 aut

596 1208 798 1272 Antandrum
822 1205 905 1290 quod
928 1207 962 1269 in
985 1205 1071 1268 fonte
1095 1225 1153 1268 suo
1177 1210 1392 1269 memoratum
1417 1207 1577 1271 inveniret
1600 1226 1640 1269 ne
1663 1207 1790 1270 omitte

594 1318 661 1389 ret,
682 1333 798 1377 navem
822 1333 861 1376 ex
886 1309 1094 1394 Hellesponto
1119 1332 1175 1395 per
1197 1308 1293 1375 litora
1312 1309 1451 1401 >Rhoetei
1473 1310 1552 1376 illuc
1575 1310 1753 1377 deduxisse.

641 1418 728 1497 Quae
757 1419 921 1501 bucusque
951 1416 1113 1501 disputavi
1137 1419 1165 1480 si
1188 1437 1249 1479 non
1274 1437 1403 1501 prorsus
1425 1418 1459 1480 in
1483 1438 1587 1481 errore
1610 1423 1788 1495 versantur,

595 1526 655 1589 hoc
686 1525 800 1589 saltem
830 1526 981 1588 constit-ui
1011 1544 1101 1607 posse
1133 1523 1277 1586 videtur:
1311 1523 1410 1587 fuisse
1442 1523 1619 1608 quondam,
1650 1531 1788 1609 notaque

593 1633 693 1696 suisse
718 1634 820 1717 poetis
844 1630 980 1706 Latinis,
1001 1636 1033 1692 et
1051 1632 1265 1693 narrationem
1287 1628 1520 1715 Pergamenum
1541 1629 1579 1694 de
1601 1631 1706 1694 Aenea
1726 1631 1785 1695 sub

593 1736 711 1802 Matris
733 1734 836 1801 tutela
859 1738 955 1799 sacris
977 1735 1114 1798 navibus
1138 1733 1278 1818 profecto
1301 1755 1340 1798 ex
1364 1755 1419 1799 ora
1439 1733 1586 1812 Troadis,
1609 1741 1641 1799 et
1659 1756 1786 1800 carmen

593 1842 631 1907 de
655 1843 766 1907 idaeae
790 1844 902 1905 matris
926 1841 1067 1905 adventu
1090 1839 1346 1924 Pergamenum,
1373 1860 1435 1924 quo
1458 1842 1597 1906 carmine
1618 1846 1650 1906 et
1670 1842 1788 1906 diserte

593 1957 626 2014 et
644 1970 719 2014 vere
740 1956 906 2013 narratum
926 1955 1009 2012 esset
1027 1968 1066 2011 er
1084 1949 1154 2030 ipsa
1173 1947 1252 2011 urbe
1272 1946 1432 2032 Pergamo
1454 1947 1607 2025 Matrem,
1631 1969 1693 2012 nou
1714 1949 1788 2013 Pes-

592 2058 769 2120 sinuntiam
793 2055 847 2119 sed
872 2054 998 2118 Idaeam
1022 2056 1043 2116 i.
1065 2074 1091 2117 e.
1116 2051 1304 2128 Troianam,
1329 2050 1467 2117 Romam
1491 2053 1667 2120 advenisse.

639 2160 766 2238 Restat,
796 2165 833 2223 ut
857 2160 996 2223 breviter
1020 2194 1062 2205 —
1086 2179 1161 2222 nam
1186 2156 1313 2222 cultum
1338 2158 1412 2222 deae
1436 2158 1618 2224 Romanum
1642 2165 1786 2226 accurate

590 2273 727 2332 tractare
749 2287 811 2330 non
836 2286 925 2330 meae
950 2271 998 2328 est
1017 2266 1198 2349 provinciae
1219 2300 1262 2311 —
1282 2285 1450 2348 quaeram,
1471 2264 1596 2350 quando
1616 2266 1681 2331 fere
1702 2266 1787 2351 apnd

591 2374 751 2438 Romanos
785 2372 870 2436 fama
905 2377 980 2435 nata
1014 2391 1080 2435 esse
1111 2368 1268 2446 videatur,
1305 2373 1374 2434 sive
1406 2369 1529 2454 placere
1547 2373 1599 2458 ¹iis
1630 2375 1785 2456 coeperit,

591 2481 684 2545 deam
716 2499 813 2563 quam
843 2477 1084 2563 Megalensibus
1115 2475 1255 2541 colerent
1285 2497 1347 2541 non
1377 2496 1417 2541 ex
1440 2476 1495 2541 Ida
1517 2477 1572 2542 sed
1595 2477 1786 2542 Pessinunte

592 2606 661 2649 esse
684 2584 865 2648 adductam.

637 2691 760 2774 Nempe
791 2688 903 2754 Idaeae
934 2691 1047 2752 matris
1077 2685 1186 2752 cultus
1217 2689 1312 2751 initio
1345 2708 1406 2752 non
1429 2687 1534 2752 multo
1557 2691 1663 2775 magis
1686 2710 1782 2774 quam

589 2798 743 2862 Bacchica
774 2816 861 2860 sacra
893 2795 1031 2859 distabat
1062 2815 1080 2858 a
1111 2792 1246 2858 solemni
1278 2790 1474 2859 Graecorum
1500 2793 1783 2880 Romanorumque

590 2902 763 2987 religione,
788 2908 820 2966 et
843 2900 935 2986 lapsu
959 2907 1144 2985 temporum
1168 2899 1300 2963 demum
1323 2902 1356 2962 in
1381 2920 1417 2964 eo
1441 2907 1668 2966 succreverunt
1686 2909 1787 2967 exter-

587 3029 647 3073 nae
672 3009 909 3093 superstitionis
932 3008 1141 3071 caerimoniae
1164 3025 1304 3090 ususque
1328 3006 1471 3083 barbari,
1496 3007 1612 3092 quibus
1640 3008 1785 3073 homines

587 3117 722 3179 Asiatici
754 3113 855 3178 Deam
886 3112 1000 3177 Terrae
1027 3115 1214 3197 praesertim
1239 3114 1407 3197 propitiari
1432 3113 1611 3179 credebant.
1643 3114 1783 3180 Matrem

588 3240 741 3306 magnam
775 3241 870 3304 quam
895 3219 995 3284 coluit
1017 3217 1175 3282 Pindarus
1198 3239 1292 3283 nemo
1316 3219 1416 3283 credit
1440 3222 1629 3284 semivirum
1655 3224 1785 3288 comita-

587 3334 660 3390 tum
692 3326 880 3391 adiunctum
911 3327 972 3389 sibi
1004 3325 1169 3401 habuisse;
1207 3322 1318 3389 Gallos
1350 3330 1502 3389 castratos
1532 3325 1657 3391 laudari
1688 3349 1781 3393 nemo

588 3434 752 3498 contendit
795 3436 851 3517 qui
888 3432 978 3497 audit
1021 3431 1160 3496 Bacchas
1202 3431 1392 3515 Euripideas
1434 3431 1629 3498 celebrantes
1670 3439 1783 3520 utpote

589 3542 737 3616 beatum,

1043 3642 1127 3715 ύστις
1151 3642 1303 3718 εύθαθμοιν

995 3749 1128 3820 τελετὰς
1153 3750 1223 3812 θεῶν
1247 3747 1330 3820 εἰδὼς

996 3856 1106 3933 βιοτὰν
1131 3853 1290 3930 ἁγιστεύει
1301 3902 1309 3931 ,

996 3961 1048 4024 καὶ
1073 3962 1247 4024 θιασεύεται
1272 3955 1385 4041 dcxciv

994 4069 1024 4131 ἕν
1047 4067 1145 4145 θρεσσι
1169 4067 1339 4147 βακχεύων

994 4176 1084 4246 θσθοις
1108 4176 1318 4253 καθαρμοῖσιν,

993 4280 1035 4344 τού
1060 4304 1095 4343 τε
1119 4280 1235 4357 ματρὸς
1260 4278 1412 4357 μεγάλας
1435 4277 1478 4359 θρ-

993 4410 1052 4464 pta
1078 4387 1225 4463 Κυβέλας
1250 4386 1417 4462 θεμιτεύων

993 4493 1054 4559 dcci
1079 4494 1181 4573 θύρσον
1204 4518 1239 4557 τε
1263 4492 1413 4556 σινοθσσοιν

993 4602 1085 4678 κισσῷ
1111 4625 1145 4664 τε
1171 4599 1381 4676 στεφανωθεὶς

993 4706 1134 4769 Διύννσον
1159 4704 1328 4783 θεραπεύει.

581 4813 668 4898 Ergo
691 4812 726 4876 P.
750 4809 955 4887 Cornelium,
977 4833 1051 4876 cum
1071 4815 1104 4875 in
1125 4810 1229 4875 salum
1249 4830 1331 4875 nave
1351 4815 1481 4875 erectus
1500 4812 1539 4875 ab
1563 4811 1778 4879 sacerdotibus

582 4920 676 4985 deam
699 4921 869 5002 reciperet,
893 4917 993 4983 simul
1016 4939 1091 4982 cum
1115 4938 1152 4981 ea
1176 4918 1305 4982 turbam
1324 4917 1500 5003 spadonum
1520 4915 1604 4982 laete
1623 4916 1777 4987 salutasse
