5125 6150
933 853 1099 903 mosrsrus
1121 853 1441 902 numennumsnusrs.
1717 838 1783 906 337

635 1017 753 1084 Π123
777 1040 808 1104 p.
833 1014 917 1082 476:
949 1017 1004 1088 ciro
1034 1023 1093 1080 τῶν
1125 1016 1303 1080 ἀντιπάλων
1335 1017 1428 1096 ἰσχὺν
1460 1018 1528 1082 καὶ
1552 1017 1683 1099 τύχην

586 1123 803 1204 πειρασόμεθα
835 1124 996 1199 καθαιρεῖν.
1028 1122 1091 1186 Hic
1123 1142 1183 1186 nou
1212 1124 1369 1206 perspicio
1403 1144 1465 1207 quo
1495 1124 1640 1189 fortunae
1663 1129 1784 1190 montio

586 1233 760 1315 pertineat.
785 1227 868 1293 Sunt
891 1227 1022 1291 fortasse
1046 1225 1199 1291 vocabula
1223 1227 1275 1291 cai
1295 1228 1398 1305 τύχην
1418 1249 1456 1293 ex
1476 1229 1692 1315 dittographia
1711 1240 1786 1297 nata

588 1339 927 1416 (rxxru-Trxuu).

636 1559 686 1625 III
709 1559 751 1624 31
785 1580 815 1644 p.
842 1556 924 1622 504:
958 1557 1016 1622 ὑπὸ
1044 1562 1099 1629 τῆς
1124 1557 1263 1635 ἐσχάτης
1289 1559 1536 1631 ἐποικίσεως
1561 1559 1783 1639 καθαιρεθεῖσα.

587 1665 692 1751 Fugit
726 1664 890 1729 Iacobium
926 1663 1056 1727 evidens
1090 1662 1249 1727 medicina
1285 1662 1397 1729 Oobeti
1428 1667 1484 1749 qui
1515 1687 1545 1749 p.
1571 1660 1614 1729 26
1647 1667 1784 1730 conexit

588 1771 861 1840 ἀποκτίσεως.

635 1969 753 2036 11132
785 1994 815 2056 p.
846 1971 928 2036 508:
962 1970 1055 2042 οὐδεὶς
1088 1972 1193 2041 αὐτοῖς
1228 1970 1363 2036 οὐκέτι
1394 1969 1461 2049 περ)
1494 1980 1549 2046 σῆς
1573 1975 1677 2051 χώρας
1703 1972 1783 2053 tides

585 2077 823 2157 μαχησόμενος.
844 2077 968 2142 Sufficit
987 2075 1126 2160 simplex
1145 2079 1274 2162 negatio
1294 2081 1327 2141 et
1346 2079 1504 2162 corrigam
1525 2077 1581 2142 ἔτι.
1606 2076 1653 2144 Of.
1674 2077 1781 2143 11139

584 2205 618 2268 p.
653 2182 739 2246 524:
774 2183 859 2259 σὶνὼν
893 2182 988 2253 οὐδεὶς
1023 2184 1129 2252 αὐτοῖς
1164 2181 1208 2246 ἔτι
1242 2181 1313 2260 πρὸς
1347 2184 1504 2255 ἀλλήλους
1536 2182 1653 2256 costen.
1687 2183 1783 2248 Redit

583 2288 676 2353 idem
700 2289 821 2352 vitium
844 2287 887 2352 VI
911 2287 954 2351 29
977 2309 1009 2373 p.
1038 2286 1123 2352 1109
1147 2292 1179 2351 et
1203 2286 1234 2350 Χ
1258 2287 1300 2351 21
1326 2309 1357 2372 p.
1382 2286 1482 2352 2043.

636 2504 684 2569 ΙΠ
716 2503 757 2569 33
788 2527 819 2588 p.
852 2503 935 2568 509:
975 2503 1083 2577 συνέσιι
1116 2503 1276 2581 Ῥωμαίοις
1308 2506 1381 2583 πρὸς
1413 2506 1471 2577 τὰς
1505 2507 1647 2571 Λατίνων
1677 2508 1781 2580 πόλεις

590 2619 676 2689 κοινῇ
707 2608 1055 2687 συνηρπαγμένας
1087 2608 1233 2685 πόλεμοι.
1266 2610 1356 2688 Quod
1387 2613 1495 2688 miror,
1520 2614 1565 2675 ita
1588 2615 1715 2696 scripsit
1737 2613 1783 2677 Ia-

588 2715 705 2780 cobius
735 2735 810 2778 cum
841 2714 1003 2778 codicibus
1034 2713 1165 2798 reliquis
1189 2715 1358 2791 omnibus,
1383 2721 1489 2799 spreta
1512 2717 1700 2781 auctoritate
1724 2716 1784 2781 Ur·

585 2821 726 2897 binatis,
752 2822 807 2903 qui
832 2819 918 2883 solus
941 2819 1035 2883 habet
1057 2819 1274 2894 συνισαμὲναε.
1299 2819 1370 2884 Non
1389 2823 1530 2904 peiorem
1549 2820 1630 2884 hanc
1649 2823 1782 2906 scriptu·

587 2946 659 2990 rem
686 2945 754 2988 esee
778 2924 896 2988 dixeris
905 2945 913 3002 3
939 2923 1051 2988 malim
1076 2930 1184 2988 temen
1208 2927 1365 3010 corrigere
1389 2925 1743 3002 συντεταγμένας.

635 3142 685 3207 III
709 3141 752 3206 43
776 3164 807 3227 p.
831 3142 906 3206 532.
932 3142 1132 3206 Describitur
1150 3143 1346 3207 Aventinus:
1372 3147 1420 3206 νῦν
1440 3143 1465 3206 δ’
1479 3144 1575 3207 οἰκιῶν
1596 3144 1641 3213 tce
1662 3145 1780 3225 πλήρης

588 3246 698 3325 ὅπως,
735 3245 804 3311 ἔνθα
828 3249 883 3311 σὺν
918 3255 1046 3319 πολλοῖς
1083 3246 1228 3319 ἄλλοις
1260 3247 1312 3310 καὶ
1344 3247 1378 3310 τὸ
1409 3255 1463 3321 ric
1496 3248 1673 3329 Ἀρτέμιδος
1705 3252 1780 3331 ἱερὸν

586 3352 723 3432 ἵδρυται.
757 3353 827 3418 Ηοο
858 3352 988 3438 quidam
1018 3358 1166 3437 apparet:
1197 3356 1224 3416 si
1257 3352 1405 3439 Dionysii
1437 3358 1578 3439 tempore
1602 3357 1783 3422 Aventinus

588 3462 790 3525 continenter
821 3458 1036 3534 habitabatur,
1069 3458 1327 3543 praetorianum
1352 3458 1472 3523 Dianae
1496 3464 1783 3527 necessarioerant

588 3567 690 3630 etiam
713 3562 818 3627 multa
841 3562 903 3627 alia
926 3562 1084 3637 aedificia;
1109 3564 1260 3627 novimus
1282 3584 1407 3648 quoque
1431 3563 1595 3649 complura
1617 3568 1649 3630 in
1670 3575 1780 3632 monte

587 3668 813 3733 memorabilia
820 3688 829 3743 ;
860 3668 934 3732 hinc
964 3666 1057 3732 facile
1088 3673 1136 3731 est
1159 3688 1267 3732 veram
1291 3672 1483 3753 scripturam
1508 3673 1675 3737 restituere
1699 3695 1779 3758 quae

587 3775 671 3838 fuit:
697 3772 751 3835 σὺν
774 3780 899 3843 πολλοῖς
923 3768 1031 3844 ἄλλοις
1056 3773 1121 3835 καὶ
1148 3780 1289 3844 καλοῖς
1314 3780 1346 3837 et
1369 3795 1479 3840 reuera
1502 3778 1535 3838 in
1558 3774 1709 3842 chisiano
1728 3782 1780 3843 uti

587 3885 623 3944 et
654 3877 881 3942 verosimiliter
911 3878 944 3941 in
975 3875 1129 3941 Urbinate
1151 3876 1272 3962 legitur
1295 3878 1349 3942 σὺν
1372 3886 1498 3951 πολλοῖς
1522 3889 1640 3953 καλοῖς.
1664 3882 1701 3946 ld
1723 3884 1780 3948 du·

587 3986 674 4048 bites
698 3985 780 4047 sitne
803 3983 935 4047 fortasse
958 3982 1090 4047 melius:
1116 3984 1186 4047 ἔνθα
1209 3988 1248 4047 ἐν
1271 3992 1406 4055 πολλοῖς.

637 4183 684 4247 III
709 4184 752 4248 52
775 4207 806 4269 p.
832 4184 915 4249 551:
940 4182 972 4248 αἱ
996 4183 1101 4255 πόλεις
1126 4186 1181 4258 τὴν
1205 4184 1480 4265 προσόμουρον
1504 4192 1702 4266 κυροῦσαν
1725 4194 1780 4257 αὖ·

586 4297 662 4359 παῖε
686 4286 790 4368 χώραν
812 4289 925 4371 ἐδῄουν.
949 4288 1156 4354 Incommode
1180 4290 1257 4354 haec
1280 4293 1436 4375 scriptura
1455 4297 1503 4355 est
1520 4313 1615 4376 quam
1634 4293 1779 4360 Iscobius

583 4394 674 4461 haud
705 4398 801 4459 nimis
831 4394 966 4459 feliciter
988 4396 1188 4481 excogitavit
1211 4402 1244 4459 et
1267 4399 1300 4459 in
1327 4402 1452 4460 textum
1475 4396 1598 4461 intulit.
1624 4397 1778 4466 Omnium

586 4500 748 4566 librorum
783 4499 879 4565 lectio
911 4505 959 4564 est
992 4505 1338 4579 προσομσριῦσαν,
1369 4503 1403 4564 in
1434 4522 1496 4585 qua
1526 4501 1572 4565 nil
1603 4503 1778 4588 quidquam

587 4604 798 4683 desiderabis;
832 4604 919 4669 solus
951 4604 1089 4669 Urbinas
1120 4605 1216 4689 idque
1237 4608 1270 4669 in
1295 4605 1393 4671 litura
1415 4608 1511 4671 habet
1536 4616 1777 4688 προσομσρσῦσαν

587 4714 748 4788 κυροῦσαν,
781 4710 864 4794 quod
892 4712 1008 4773 vitiosa
1032 4731 1112 4774 nuce
1135 4731 1198 4774 non
1221 4713 1365 4774 emerim.
1390 4710 1481 4776 Hanc
1503 4711 1607 4776 solum
1631 4717 1778 4783 mutandi

586 4836 717 4880 eausam
749 4814 912 4879 lacobium
944 4814 1093 4879 habuisse
1124 4814 1278 4889 dixerim,
1304 4816 1389 4899 quod
1413 4816 1547 4881 verbum
1573 4830 1775 4901 προσομιρεῖν,

585 4940 785 5005 quamquam
812 4919 989 4983 secundum
1013 4918 1195 5004 analogiam
1219 4920 1409 4996 formatum,
1434 4926 1634 5008 ceteroquin,
1659 4928 1686 4990 si
1710 4932 1777 5013 qui-
