5125 6150
770 784 833 848 158
1129 800 1338 847 traxerunt
1361 799 1427 845 sac.
1450 798 1597 845 mcum

765 968 828 1039 sic,
856 986 930 1028 cum
956 963 1032 1027 dicit
1058 964 1117 1026 σοί
1141 964 1263 1039 λέγει,
1289 985 1384 1027 nemo
1407 984 1503 1027 sanus
1526 984 1588 1027 non
1611 970 1723 1048 sponte
1741 963 1900 1049 intelligit
1918 965 1958 1028 ad

764 1068 981 1154 paralyticum
1014 1090 1089 1132 eum
1119 1070 1215 1133 rerba
1239 1069 1350 1132 facere.
1376 1068 1503 1132 Accedit
1528 1069 1612 1153 quod
1638 1086 1693 1143 „nt
1718 1084 1827 1133 antem
1851 1073 1959 1134 aciatis

767 1174 884 1238 Filium
917 1175 1056 1238 hominis
1087 1176 1201 1238 babere
1225 1190 1417 1258 potestatem
1440 1175 1625 1238 remittendi
1649 1192 1774 1258 peccata
1797 1178 1831 1238 in
1855 1192 1962 1253 terra,

766 1282 811 1343 ait
825 1281 1016 1362 paralytico:
1036 1281 1095 1343 tibi
1116 1281 1203 1344 dico:
1226 1302 1322 1366 surge
1341 1280 1424 1344 etc.'‘
1446 1280 1620 1345 admodum
1636 1285 1749 1345 vitiose
1760 1281 1885 1346 dictum
1898 1292 1957 1347 est.

811 1386 979 1450 Emblema
1002 1386 1119 1460 λέγει
1145 1389 1193 1464 τῷ
1215 1388 1482 1464 tanatum&
1501 1407 1579 1470 «quo
1598 1385 1703 1450 deleto
1723 1387 1762 1450 ad
1781 1391 1957 1451 sententiae

764 1496 985 1577 integritatem
1025 1491 1107 1555 nibil
1139 1492 1315 1575 quidquam
1338 1491 1452 1555 deerit¹
1475 1495 1627 1576 imperito
1648 1491 1761 1556 lectori
1785 1493 1956 1569 debemur,

764 1602 791 1662 si
823 1598 901 1682 quid
932 1597 1041 1671 rideo,
1066 1600 1121 1681 qui
1145 1601 1321 1661 orationem
1345 1619 1407 1661 uon
1431 1601 1510 1661 satis
1530 1597 1667 1661 firmiter
1690 1614 1834 1663 constare
1857 1602 1959 1683 suspi-

766 1720 855 1767 catus
891 1723 948 1786 pro
985 1723 1041 1765 sua
1077 1705 1261 1787 graecitatis
1294 1701 1446 1766 facultate
1477 1702 1617 1766 fulcrum
1646 1703 1780 1767 addidit.
1805 1702 1958 1770 Ceterum

763 1808 846 1894 quod
879 1807 989 1871 endem
1023 1808 1087 1871 fere
1119 1809 1214 1871 rerba
1238 1808 1350 1872 eadem
1376 1830 1524 1893 perversa
1546 1810 1620 1874 sede
1643 1813 1742 1873 etiam
1766 1811 1852 1893 apnd
1876 1811 1959 1874 Mat-

763 1915 895 1978 thaeum
915 1928 945 1977 et
967 1913 1087 1975 Lucam
1107 1922 1295 1987 occurrunt,
1318 1913 1352 1976 id
1371 1914 1573 1978 commodam
1586 1915 1680 1979 habet
1693 1913 1957 1999 explicationem,

762 2024 790 2084 si
815 2019 1016 2083 recordamur
1040 2017 1180 2103 plurima
1204 2022 1324 2103 passim
1349 2040 1405 2105 per
1421 2018 1556 2084 lectores
1575 2038 1608 2084 et
1626 2019 1774 2085 librarios
1793 2042 1832 2084 er
1854 2020 1955 2085 altero

762 2129 796 2190 in
822 2124 961 2189 alterum
985 2123 1202 2210 Evangelinm
1226 2127 1353 2188 invecta
1376 2145 1445 2189 esse
1461 2124 1494 2191 ¹l.

810 2329 869 2393 Er.
894 2349 953 2392 sec.
976 2328 1112 2390 Marcam
1133 2326 1224 2392 1:27
1245 2327 1298 2401 (cl.
1328 2329 1394 2391 aec.
1414 2325 1578 2393 Itzaott
1597 2348 1654 2392 nec
1674 2349 1736 2392 non
1757 2326 1797 2392 31
1819 2336 1899 2413 seq.)
1918 2331 1956 2394 de

770 2435 972 2499 daemoniaco
995 2432 1132 2517 quodam
1157 2448 1266 2497 sanato
1290 2436 1324 2496 in
1348 2431 1440 2496 libris
1463 2447 1631 2496 exaratum
1654 2446 1720 2497 est:

809 2538 860 2602 ul
894 2537 1079 2613 ε’ίίμβνσον
1111 2535 1269 2613 ι’ίππνπες,
1302 2535 1379 2601 ὥστε
1411 2538 1568 2617 συνζητεῖν
1592 2538 1704 2608 αὐτοὺς
1728 2540 1899 2614 λέγοντος·
1925 2543 1958 2605 πί

767 2647 848 2709 ἐστιν
881 2649 987 2719 reim
1020 2644 1050 2725 [δ
1060 2643 1094 2706 ιδ
1103 2667 1124 2705 υ
1134 2648 1185 2721 χίι
1218 2646 1351 2726 ιιιοινιί]
1374 2644 1447 2706 κοτ’
1471 2640 1610 2716 ἐξουσίαν
1635 2644 1687 2705 κοί
1713 2651 1777 2714 τοῖς
1801 2646 1958 2721 πνεύμασι

766 2760 829 2821 τοῖς
861 2749 1047 2823 daedaleam
1079 2748 1239 2812 ἐπιτάσσει
1272 2750 1325 2813 ποί
1358 2748 1559 2813 ὖπσιιοιίουσιν
1590 2750 1684 2828 αὐτῷ.
1717 2750 1769 2813 κοί
1793 2752 1917 2825 ἐξῆλθεν
1941 2754 1957 2826 ’l

768 2856 843 2927 del,
868 2857 963 2918 αὐτοῦ
987 2854 1075 2924 εὐθὺς
1096 2858 1264 2932 πανταχοῦ
1285 2855 1329 2924 είς
1349 2850 1416 2917 ίλον
1436 2857 1491 2927 τὴν
1512 2855 1677 2932 περίχωρον
1696 2863 1751 2925 τῆς
1771 2858 1958 2927 Γοιλιλσίοις.

810 2963 883 3025 lure
908 2963 1070 3044 rogaveris
1093 2982 1150 3024 uec.
1171 2960 1285 3024 dubito
1304 2963 1381 3045 quin
1401 2959 1433 3024 S.
1455 2959 1638 3044 Scripturae
1658 2964 1848 3045 interpretes
1868 2982 1959 3046 saepe

766 3067 884 3131 frustra
908 3068 1124 3150 quaesiverint
1149 3065 1224 3150 quid
1250 3066 1302 3129 hic
1325 3066 1386 3129 sibi
1406 3063 1505 3129 velint
1527 3064 1681 3129 vocabula
1700 3065 1833 3130 inclusa.
1862 3063 1958 3143 Cede,

766 3193 921 3256 quaenam
943 3173 994 3235 hie
1014 3171 1104 3234 nobie
1124 3193 1197 3232 noco
1218 3171 1356 3233 doctrino
1370 3169 1590 3256 significatur?
1602 3170 1732 3236 Fecerat
1746 3171 1958 3249 miraculum,

766 3280 917 3360 spiritum
953 3279 1120 3359 impurum
1143 3279 1274 3340 eiecerat
1304 3275 1478 3350 Dominus;
1503 3291 1707 3360 praeceptum
1731 3298 1807 3341 vero
1831 3278 1961 3342 dederat

766 3380 905 3445 nullum.
926 3380 1036 3465 ltaque
1056 3385 1231 3445 necessario
1253 3380 1507 3445 concludendum
1527 3395 1575 3444 est
1595 3403 1649 3444 rr.
1671 3381 1822 3460 διδαχὴ
1842 3385 1959 3456 ιιοιινδι

766 3509 784 3551 u
816 3501 907 3550 textu
941 3485 1043 3550 aliena
1072 3507 1149 3550 esse.
1182 3486 1348 3550 Detexisse
1381 3501 1488 3550 autem
1519 3487 1601 3550 mihi
1633 3487 1741 3551 videor
1763 3487 1847 3551 unde
1870 3509 1903 3551 ee
1926 3492 1960 3551 in

766 3591 846 3654 hanc
877 3590 983 3654 sedem
1014 3594 1257 3655 insinuaverint.
1292 3591 1362 3655 Non
1392 3595 1489 3655 nescii
1514 3599 1588 3654 sunt
1612 3593 1730 3675 quibua
1753 3592 1841 3657 codd.
1866 3593 1959 3658 MSS.

766 3695 948 3780 complures
979 3717 1103 3761 uersare
1135 3699 1292 3783 contigit,
1322 3718 1415 3780 saepe
1441 3696 1508 3761 fieri
1532 3696 1633 3760 solere
1656 3703 1694 3761 nt
1716 3696 1848 3762 lectores
1870 3698 1962 3782 quid-

767 3801 844 3885 quid
876 3804 908 3864 in
940 3822 1128 3886 quocunque
1159 3823 1276 3888 genere
1306 3824 1414 3866 rerum
1439 3803 1499 3865 sibi
1525 3809 1637 3866 notatu
1660 3805 1801 3866 maxime
1823 3801 1961 3888 dignum

767 3907 942 3982 videretur,
976 3909 1008 3969 iu
1036 3928 1090 3970 ora
1114 3906 1268 3972 librorum
1293 3908 1434 3971 breviter
1456 3907 1678 3972 indicaverint.
1710 3907 1780 3983 Sic,
1805 3914 1840 3971 ul
1865 3929 1962 3993 supra

768 4011 984 4087 ostendimus,
1017 4019 1052 4075 ut
1084 4013 1185 4077 nobili
1218 4012 1286 4077 loco
1316 4035 1373 4077 nos
1404 4013 1566 4077 attendere
1596 4021 1764 4088 moneant,
1795 4023 1960 4097 apponunt

769 4124 890 4193 ιιολῶς,
922 4118 1025 4194 ὀρθῶς,
1056 4120 1177 4194 alexim
1208 4121 1252 4182 sic
1279 4118 1444 4183 interdum
1468 4122 1546 4183 satis
1569 4117 1737 4203 pueriliter
1759 4118 1960 4186 adscribunt:

804 4332 830 4392 1)
849 4332 887 4380 Cl.
909 4331 1005 4379 Busan
1025 4329 1109 4392 Praes.
1126 4330 1160 4376 ad
1177 4330 1217 4377 eu.
1235 4344 1279 4377 σσσ.
1299 4330 1386 4377 Bucen
1403 4345 1426 4392 p.
1445 4341 1490 4377 xtr
1506 4343 1554 4390 aeq.

803 4412 830 4473 2)
855 4411 909 4459 Lac.
935 4410 1028 4459 1v=ao
1054 4411 1151 4458 haerere
1175 4425 1212 4457 me
1235 4410 1312 4458 fateor
1334 4410 1360 4457 in
1385 4409 1462 4457 verbis
1485 4409 1537 4464 τίς
1558 4408 1572 4455 δ
1594 4401 1819 4470 λίγοςοίτος;
1838 4412 1962 4459 ntomnia

770 4497 833 4541 recle
852 4493 994 4555 procedant,
1012 4492 1066 4540 vide
1086 4506 1143 4539 nnm
1159 4490 1213 4538 coll.
1231 4507 1253 4538 ν.
1273 4491 1303 4538 31
1321 4506 1370 4550 aeq.
1388 4490 1441 4550 (ul
1457 4489 1578 4544 ιιπτῆλίεν
1596 4488 1631 4546 είς
1649 4491 1814 4551 Κπφσρνσοδμ
1830 4493 1902 4539 πόλιν
1916 4495 1961 4548 πῆς

771 4577 916 4628 Γπλιλπίυς.
935 4572 977 4619 nal
995 4571 1021 4628 lp
1040 4570 1203 4620 διδάσκων
1221 4569 1314 4628 αὐτοὺς
1331 4567 1356 4619 iu
1374 4575 1427 4627 τοῖς
1444 4571 1585 4631 σάββασιν·
1604 4572 1645 4619 nal
1664 4568 1849 4637 ἐξεπλήσσοντο
1866 4569 1909 4621 ἐπὶ
1927 4577 1959 4636 τῇ

772 4650 865 4714 διδιοχξ
883 4650 971 4710 αὐτοῦ,
988 4653 1027 4700 ὅτι
1046 4652 1070 4700 ἐν
1088 4650 1190 4719 ἐξουσίᾳ
1208 4649 1234 4706 ἦν
1253 4651 1265 4699 δ
1283 4653 1360 4712 λόγος
1377 4649 1465 4710 αὐτοῦ)
1482 4653 1581 4701 forsitan
1598 4655 1799 4717 lranepnncndum
1817 4654 1862 4702 aii:

804 4733 847 4781 ut
869 4730 969 4794 ὶγίνεπο
993 4733 1087 4793 ίάμβος
1109 4732 1151 4783 let
1168 4731 1266 4790 πάντες
1284 4732 1327 4780 ul
1344 4731 1497 4781 συνελάλουν
1514 4737 1572 4792 πςδς
1590 4733 1718 4790 ἀλλήλους
1736 4733 1867 4795 λέγοντες·
1889 4736 1958 4792 πίςδ

771 4816 847 4875 λίνος
863 4808 936 4871 οὗτος
952 4811 982 4862 ἓν
1000 4812 1135 4879 ἐξουσίᾳ
1153 4813 1206 4862 ποί
1223 4812 1362 4872 δυνάμει
1380 4812 1429 4861 δτι
1449 4809 1584 4863 ixit-:ima
1602 4817 1655 4871 ποίς
1670 4813 1818 4873 inlinere
1833 4815 1959 4875 πνεύμασι

770 4896 810 4942 ui
833 4894 993 4961 ίξίρχονπκις
1010 4895 1054 4943 aar*
1070 4893 1227 4961 ίξεπορειίεπο
1245 4893 1309 4958 ἦχος
1326 4896 1380 4957 περί
1397 4893 1477 4943 αὐτοῦ
1496 4894 1531 4952 είς
1549 4895 1634 4944 πάντα
1652 4899 1728 4945 πόπσν
1744 4899 1791 4954 τῆς
1810 4897 1955 4961 περιχώρου.
