5125 6150
790 787 856 852 336
1127 801 1296 851 urorrsrus
1318 799 1640 850 musinulssnrrsrs.

788 966 833 1031 IV
857 966 900 1032 28
932 989 963 1052 p.
988 966 1054 1033 710
1084 967 1260 1030 rectissime
1281 964 1404 1051 legitur
1428 965 1592 1042 ένεγώησε,
1616 964 1700 1048 quod
1723 963 1870 1028 lacobius
1896 963 1983 1028 ultro

789 1076 932 1158 corrupit
955 1075 1145 1158 scripsitque
1168 1072 1349 1149 ἐνεγγύησε.

834 1288 879 1352 ΠΙ
903 1310 934 1373 p.
959 1287 1043 1354 447:
1067 1288 1129 1352 οὐδ’
1152 1290 1191 1357 ώς
1215 1285 1405 1362 άναγκάσωυ
1426 1287 1536 1358 αὐτοὺς
1652 1283 1983 1364 προσεσκευασά-

790 1417 877 1468 μην.
903 1392 1039 1457 Omnino
1062 1391 1149 1477 lege:
1174 1389 1536 1468 παρεσκευάσμην.

835 1609 882 1673 ΙΠ
908 1608 947 1673 15
979 1630 1011 1694 p.
1037 1607 1120 1672 448:
1151 1606 1235 1688 είπερ
1267 1603 1316 1671 οὖν
1348 1607 1422 1672 είσίν
1454 1607 1529 1679 οίοος
1559 1606 1708 1684 άκοώομεν
1731 1606 1892 1683 ίλίγοις
1917 1614 1984 1678 τοῖς

788 1714 881 1794 άριςα
906 1713 1078 1794 πεφυκόσιν
1102 1710 1195 1789 άμοιοι
1220 1713 1271 1777 καί
1296 1714 1338 1778 τά
1363 1712 1499 1788 πολέμια
1524 1714 1654 1790 άγοιίοί·
1680 1712 1767 1784 κλέος
1792 1713 1855 1790 γάρ
1879 1713 1984 1775 αάπώυ

789 1819 839 1884 καί
873 1819 943 1895 πρὸς
977 1822 1060 1893 »iude
1086 1819 1214 1890 ἑλίλοίε
1238 1825 1292 1889 τῆς
1317 1820 1438 1895 άρεσῆς.
1470 1818 1558 1882 Haec
1581 1825 1630 1881 est
1654 1821 1801 1881 omnium
1823 1814 1984 1882 Codicum

788 1923 901 2001 lecti0;
933 1923 1086 1988 Reiskius
1108 1930 1217 1987 autem
1241 1925 1376 1987 coniecit
1399 1924 1458 2002 (ἐν)
1480 1922 1611 1999 ὀλίγοις,
1638 1922 1832 1987 Buchelerus
1857 1919 1984 1997 λίγοις·

788 2029 936 2113 equidem
965 2027 1139 2093 incideram
1169 2031 1220 2091 in:
1252 2024 1328 2099 οἵους
1361 2028 1512 2101 άκούομεν
1544 2028 1726 2104 ὀλίγους.
1760 2025 1901 2093 Gravius
1934 2031 1986 2091 est

788 2133 873 2218 quod
907 2136 940 2196 in
974 2132 1035 2196 fine
1070 2140 1141 2216 post
1172 2133 1280 2207 ἀρετῆς
1314 2138 1386 2195 tum
1418 2131 1502 2216 apud
1533 2130 1770 2218 Kiesslingium
1801 2138 1871 2195 tum
1896 2131 1986 2217 apud

787 2238 951 2303 Iacobium
975 2259 1050 2301 casu
1074 2236 1260 2301 exciderunt
1284 2237 1399 2301 verba:
1425 2235 1646 2312 προθυμότατα
1668 2235 1706 2300 διν
1726 2233 1909 2309 δέξοιντο
1930 2237 1985 2300 τδν

790 2343 862 2422 ὑπέρ
885 2351 941 2416 τῆς
965 2341 1108 2420 πατρίδος
1134 2345 1242 2418 άγώνα
1267 2341 1318 2404 καί
1344 2342 1470 2417 μηδενὸς
1495 2341 1755 2418 άυαγκάσαυτος,
1779 2362 1859 2427 quae
1884 2342 1985 2406 verba

787 2448 959 2533 aliquando
979 2450 1013 2511 in
1033 2453 1160 2511 textum
1178 2447 1338 2511 debebunt
1355 2449 1469 2531 recipi;
1489 2449 1668 2532 corrigatur
1680 2446 1775 2511 modo
1792 2445 1984 2518 δέξαιντο.

789 2553 885 2618 Redit
907 2553 945 2618 ἂν
969 2556 1105 2637 pessime
1130 2573 1203 2617 cum
1228 2553 1338 2616 futuro
1361 2557 1508 2616 iunctum
1533 2551 1579 2615 ΠΙ
1603 2550 1646 2616 20
1670 2574 1701 2636 p.
1728 2550 1803 2615 460.

832 2770 879 2834 ΠΙ
905 2769 945 2834 19
978 2792 1007 2854 p.
1032 2767 1107 2832 456.
1144 2768 1376 2833 Describuntur
1412 2767 1541 2832 affectus
1577 2767 1689 2853 populi
1725 2771 1780 2852 qui
1817 2769 1983 2852 spectabat

789 2895 933 2961 pugnam
964 2874 1173 2939 Horatiorum
1204 2880 1236 2938 et
1259 2871 1495 2939 Curiatiorum:
1521 2879 1611 2936 erant
1634 2872 1735 2949 Φωναί
1760 2881 1920 2955 συνεχεῖς,
1946 2874 1981 2938 al

722 3051 752 3060 ‚¹
790 2981 847 3057 μέν
882 2979 952 3059 πρὸς
988 2980 1031 3044 τά
1066 2979 1201 3056 δρώμενα
1233 3004 1276 3043 σε
1300 2979 1365 3042 καί
1400 2979 1575 3055 ὁρώμενα
1612 2978 1666 3057 ὑφ’
1699 2977 1857 3056 ἑκατέρων,
1889 2981 1923 3043 ai
1948 2978 1980 3043 δέ

790 3086 862 3166 πρὸς
894 3086 937 3150 σά
968 3083 1127 3157 μέλλοντά
1156 3109 1190 3149 σε
1215 3086 1266 3149 καί
1292 3083 1537 3160 ὑποπτευόμενοι.
1563 3085 1671 3163 Quum
1694 3088 1772 3149 satis
1795 3088 1982 3149 noverimus

789 3192 941 3257 confundi
971 3190 1071 3256 solere
1102 3191 1197 3255 verba
1230 3190 1302 3268 δρᾶν
1326 3196 1358 3255 et
1383 3191 1462 3269 ίρῖιν,
1496 3189 1636 3274 proclive
1661 3197 1710 3254 eet
1731 3192 1885 3275 suspicari
1907 3193 1983 3254 inei·

790 3299 866 3361 ticia
887 3296 1042 3360 vocabula
1061 3317 1128 3360 esse
1147 3319 1189 3360 σε
1209 3295 1276 3359 καί
1299 3295 1486 3375 δρώμενα.
1507 3294 1627 3359 Deinde
1646 3298 1798 3360 continuo
1818 3298 1980 3380 sequitur:

791 3402 843 3465 καί
877 3397 910 3474 ἦν
941 3401 1037 3465 πλείω
1065 3402 1108 3464 τά
1141 3400 1326 3480 είκαζίμενά
1358 3424 1393 3463 σε
1424 3401 1476 3464 καί
1509 3400 1691 3478 δρώμενα
1722 3407 1780 3463 τών
1804 3400 1980 3477 γινομένων.

792 3507 880 3571 Haec
903 3528 1005 3590 quum
1028 3507 1101 3571 ferri
1125 3512 1302 3591 nequeant,
1327 3506 1477 3570 Reiskius
1500 3506 1671 3571 infeliciter
1693 3508 1825 3587 coniecit
1847 3507 1891 3581 μη
1916 3506 1984 3584 δρώ-

792 3635 889 3687 μενα,
910 3610 1057 3675 lacobius
1076 3617 1184 3675 autem
1205 3610 1396 3696 simpliciter
1415 3611 1509 3673 eiecit
1528 3610 1685 3675 vocabula
1703 3634 1738 3673 σε
1759 3610 1810 3673 καί
1834 3611 1980 3689 δρώμενα.

792 3717 936 3782 Scribam
960 3714 1123 3798 equidem:
1150 3715 1200 3780 καί
1226 3713 1259 3789 ἦν
1283 3715 1380 3780 πλείω
1406 3717 1447 3777 τὰ
1471 3714 1655 3795 είκαζίριευα
1678 3740 1713 3779 σε
1738 3714 1790 3779 καί
1813 3713 1981 3795 δρώμενα

792 3829 850 3886 σῶν
875 3820 1048 3898 γινομένων,
1080 3841 1155 3884 nam
1177 3823 1285 3907 ipsum
1309 3819 1519 3885 intervallum
1544 3820 1676 3885 fallebat
1700 3823 1788 3885 visus
1811 3821 1981 3885 hominum

793 3932 823 3992 et
849 3927 933 4012 quod
959 3928 1091 4010 quisque
1115 3926 1280 4009 sperabat,
1305 3926 1338 3989 id
1363 3927 1461 3990 etiam
1485 3947 1611 3990 cernere
1635 3946 1668 3989 se
1691 3925 1792 3990 oculis
1816 3926 1980 3990 credebat:

794 4031 812 4107 η’
842 4057 876 4096 πε
909 4032 972 4111 γάρ
1003 4030 1074 4109 ίψις
1105 4032 1138 4093 ἐκ
1162 4036 1278 4094 πολλοῦ
1304 4030 1495 4106 acaricum
1520 4031 1664 4107 γινομένη
1689 4031 1769 4095 πολὺ
1794 4032 1828 4095 τί
1853 4032 1980 4111 άσαφὲς

793 4135 863 4217 εἶχε
887 4138 939 4201 καί
964 4137 998 4201 ri
1022 4136 1093 4216 πρὸς
1118 4136 1187 4205 τοὺς
1211 4136 1333 4207 οίκείους
1357 4136 1514 4213 άγωνιςάς
1540 4135 1659 4208 έκάςοις
1684 4137 1844 4211 συμπαθὲς
1871 4135 1921 4201 έπί
1947 4138 1983 4200 τά

791 4242 1022 4323 βεβουλημένον
1047 4242 1211 4319 έλάμβοινε
1235 4242 1276 4306 σά
1302 4240 1512 4320 πρασσόμενα.

841 4446 886 4509 ΠΙ
912 4445 955 4509 20
986 4466 1017 4529 p.
1044 4443 1126 4508 460:
1160 4445 1192 4508 οὐ
1222 4443 1286 4521 γάρ
1311 4444 1362 4506 ὑπ’
1386 4443 1568 4523 άμφοσέρων
1591 4442 1804 4519 διώξεσθαι
1828 4450 1885 4508 τών
1910 4447 1986 4510 Ἀλ-

794 4550 907 4625 βιινών.
950 4551 1055 4617 Habet
1088 4551 1146 4615 hoe
1181 4550 1356 4636 Dionysius
1390 4549 1474 4633 quod
1509 4549 1626 4632 reliqui
1662 4552 1821 4633 aequiores
1855 4570 1984 4616 omnes:

795 4676 886 4741 saepe
924 4656 1127 4720 obliviscitur
1161 4675 1240 4738 quae
1276 4657 1381 4720 activa
1415 4655 1511 4718 verba
1545 4655 1682 4718 habeant
1716 4655 1827 4718 futura
1860 4654 1985 4734 media;

795 4760 868 4825 hinc
892 4761 1040 4825 futurum
1063 4759 1217 4835 διώξεσθαι
1242 4764 1271 4825 ei
1294 4782 1379 4825 nunc
1402 4781 1458 4845 pro
1483 4762 1608 4845 passivo
1633 4767 1690 4825 est.
