5125 6150
810 829 876 895 406
1273 847 1315 893 nn
1338 846 1528 894 annonantur

809 1034 861 1078 aes
889 1011 1030 1077 alienum
1060 1011 1242 1075 contrahere
1271 1013 1311 1075 iis
1341 1010 1470 1088 licebat,
1496 1010 1736 1075 contribuebant
1758 1013 1792 1074 in
1815 1009 1938 1076 Soteria
1954 1012 1989 1090 ¹).

808 1119 896 1184 Lites
919 1125 951 1185 et
973 1120 1202 1184 controversiae
1225 1120 1309 1182 inter
1332 1120 1431 1182 socios
1454 1116 1686 1182 dirimebantur
1709 1139 1727 1183 a
1746 1116 1906 1182 iudicibus
1925 1120 1993 1202 qui-

808 1227 867 1291 bus
890 1227 966 1291 haec
989 1247 1038 1290 res
1061 1229 1129 1290 erut
1151 1226 1338 1301 commissa,
1364 1230 1489 1289 senatus
1513 1227 1662 1309 auspiciis
1673 1225 1710 1304 2).
1735 1223 1782 1289 De
1805 1230 1890 1289 statu
1916 1246 1992 1290 vero

808 1337 1024 1397 metoecorum
1046 1329 1146 1415 deque
1169 1331 1262 1395 rebus
1285 1328 1422 1415 publicis
1444 1332 1601 1395 sociorum
1623 1331 1785 1395 interdum
1808 1330 1993 1396 decernebat

808 1437 979 1503 concilium
999 1436 1256 1511 Panaetolicum,
1276 1439 1361 1501 servi
1381 1444 1489 1501 autem
1510 1440 1698 1502 manumitti
1710 1436 1851 1503 solebant
1863 1440 1993 1503 nomine

808 1546 964 1630 praetoris
987 1542 1125 1608 Aetolici
1140 1540 1176 1622 8).

854 1650 935 1717 Aliis
964 1653 996 1714 in
1029 1650 1122 1715 rebus
1153 1652 1245 1714 sociis
1273 1648 1372 1714 libere
1396 1670 1489 1736 agere
1513 1649 1629 1715 licebat
1642 1650 1678 1725 ⁴).
1703 1648 1755 1715 Sic
1778 1672 1808 1714 v.
1822 1671 1848 1715 c.
1874 1649 1993 1735 Delphi

806 1759 1020 1844 promentium
1039 1755 1192 1821 dederunt
1213 1756 1451 1835 Alexandrinis,
1470 1757 1667 1843 honoresque
1687 1759 1719 1822 in
1740 1763 1885 1823 externos
1897 1777 1991 1844 reges

807 1862 1020 1929 contulerunt.

852 1971 922 2036 Hoc
957 1970 1086 2056 quidem
1120 1972 1153 2033 in
1188 1972 1336 2034 universo
1372 1975 1511 2035 statuere
1544 1969 1638 2048 licet,
1674 1973 1774 2035 socios
1811 1969 1990 2048 Aetolicos,

808 2084 964 2164 quantum
988 2098 1027 2142 ex
1051 2077 1313 2161 inscriptionibus
1337 2083 1502 2162 appareat,
1522 2078 1670 2141 instituta
1688 2097 1747 2142 sua
1766 2097 1925 2154 servasse,
1945 2079 1992 2141 ita

807 2191 915 2249 tamen
944 2188 981 2247 ut
1010 2204 1120 2248 eorum
1150 2204 1200 2248 res
1223 2183 1521 2248 administrarentur
1543 2186 1693 2268 auspiciis
1717 2183 1877 2249 Aetolicis.
1903 2182 1991 2262 Quae

806 2292 942 2354 minime
973 2289 1051 2353 dura
1083 2295 1150 2354 erat
1180 2287 1338 2367 condicio,
1371 2291 1519 2374 quoniam
1552 2292 1612 2375 ipsi
1645 2292 1723 2355 socii
1752 2292 1902 2375 auspiciis
1926 2288 1991 2353 illis

806 2399 996 2473 intererant,
1028 2396 1176 2461 omnibus
1207 2398 1292 2460 enim
1324 2396 1483 2460 tributum
1515 2403 1581 2461 erat
1611 2399 1662 2461 ius
1691 2395 1842 2482 suffragia
1870 2395 1991 2461 ferendi

807 2505 1078 2590 magistratusque
1097 2500 1222 2567 creandi
1240 2503 1272 2566 in
1292 2501 1493 2568 Panaetolico
1512 2502 1664 2580 concilio,
1686 2502 1811 2568 creandi
1831 2508 1992 2567 senatores

806 2613 838 2674 in
872 2610 1045 2694 municipio
1077 2629 1145 2672 suo.
1179 2608 1239 2672 Pro
1269 2628 1327 2672 sua
1354 2611 1456 2694 igitur
1479 2616 1567 2694 parte
1590 2630 1699 2675 omnes
1722 2629 1867 2675 summae
1889 2608 1991 2673 admi·

806 2717 1002 2780 nistrationis
1033 2716 1202 2799 participes
1230 2719 1337 2792 erant,
1361 2717 1431 2800 ipsa
1453 2723 1561 2780 autem
1584 2736 1617 2780 re
1641 2718 1705 2780 tuti
1727 2723 1819 2781 erant
1840 2717 1879 2781 ab
1901 2719 1991 2781 inva-

806 2821 946 2886 sionibus
970 2823 1090 2885 civium
1114 2818 1317 2895 Aetolorum,
1343 2825 1375 2884 et
1396 2821 1435 2885 ab
1458 2824 1597 2886 externis
1620 2821 1766 2887 hostibus
1789 2823 1816 2886 si
1835 2821 1990 2886 vexaban-

807 2934 871 3004 tur,
895 2928 1045 2991 univeraa
1069 2930 1200 2992 societas
1223 2947 1275 2992 eos
1299 2925 1494 2992 defendebat.

1136 3322 1220 3389 VIII.
1244 3342 1285 3388 nn
1309 3341 1463 3389 summus
1486 3341 1651 3389 nubamus.

849 3504 966 3571 Gentes
989 3513 1136 3571 externae
1159 3528 1239 3591 quae
1262 3505 1406 3572 Aetoliae
1429 3506 1594 3572 adiunctae
1618 3513 1723 3583 erant,
1744 3506 1988 3594 distinguendae

805 3618 880 3676 sunt
902 3615 952 3677 in:

852 3719 885 3798 1)
905 3725 1006 3800 pentec
1028 3719 1123 3782 sociae
1146 3721 1258 3799 (Φίλος
1282 3718 1333 3781 ccl
1357 3720 1570 3800 συμμάχους),
1599 3755 1634 3767 ·-
1662 3740 1724 3804 qua
1747 3722 1778 3784 in
1803 3719 1987 3786 condicione

906 3825 1036 3890 fuerunt
1057 3825 1142 3901 Elis,
1166 3826 1328 3902 Messene,
1353 3825 1449 3903 Teos3

850 3930 884 4011 2)
907 3934 1053 3996 civitates
1084 3952 1163 4016 quae
1195 3933 1368 4015 sympolitic
1398 3933 1584 3997 fruebantur
1606 3932 1808 4012 (συμμάχους
1834 3932 1885 3996 καὶ
1910 3956 1987 4012 συμ-

907 4039 1169 4118 πολιτευομένοις),
1201 4042 1256 4123 qui
1287 4039 1349 4103 fuit
1371 4044 1475 4103 status
1498 4037 1704 4116 Orchomeni,
1728 4038 1870 4125 Tegeae,
1896 4039 1987 4105 Man-

906 4148 1025 4222 tineae,
1050 4143 1217 4231 Phigaliae
1241 4166 1341 4229 usque
1365 4145 1403 4210 ad
1426 4166 1545 4209 annum
1571 4144 1652 4221 221,
1677 4143 1750 4222 Cei,
1775 4143 1928 4222 aliarum;

850 4251 883 4328 3)
907 4252 1041 4314 civitatee
1081 4252 1244 4327 subiectos,
1284 4251 1399 4336 quibus
1435 4258 1578 4336 praeerat
1612 4252 1788 4336 praefectus
1822 4250 1989 4317 Aetolicus

905 4358 1111 4436 (reinculcare
1134 4358 1186 4420 ὑπ’
1207 4357 1386 4437 Αἰτωλούς).
1407 4357 1476 4423 Hac
1495 4357 1676 4423 condicione
1695 4357 1989 4444 fueruntPhigalia

904 4469 976 4550 post
998 4485 1116 4529 annum
1141 4463 1219 4541 221,
1242 4462 1439 4542 Chalcedon,
1465 4462 1578 4542 Chios,
1602 4464 1815 4551 Lysimachia.

718 4655 721 4662 Ι
849 4569 896 4635 Βο
917 4571 1042 4635 ultimis
1066 4569 1149 4655 quod
1172 4568 1287 4635 addam
1309 4592 1371 4636 non
1395 4571 1513 4646 habeo,
1539 4569 1591 4635 sed
1615 4570 1653 4636 de
1673 4571 1822 4657 gentibus
1841 4573 1934 4635 sociis
1955 4579 1989 4637 et

804 4675 842 4740 de
867 4676 1054 4762 sympolitia
1076 4675 1229 4741 nonnulla
1251 4682 1327 4741 sunt
1351 4676 1555 4743 observanda.

817 4828 1008 4837 ———

839 4906 865 4964 1)
885 4904 989 4954 Dittenb.
1006 4906 1062 4953 425.
1600 4905 1627 4965 2)
1644 4903 1697 4953 lbld
1723 4918 1756 4953 vs.
1774 4904 1814 4955 82.

839 4989 865 5053 3)
885 4986 982 5036 Dittcnb
1007 4988 1062 5036 48⁶.
1082 4987 1121 5039 ef.
1137 5002 1208 5053 supra
1226 5003 1278 5053 ρος.
1298 4988 1346 5037 893
1363 5003 1418 5038 ann.
1437 4988 1475 5037 11.
1599 4987 1629 5053 4)
1648 4987 1754 5037 Dittenb.
1771 4988 1821 5036 ⁴88
1838 4989 1862 5036 ct
1879 4986 1934 5037 ⁹82.
