5125 6150
1104 844 1272 892 eucissus.
1703 824 1768 891 363
1833 822 1840 893 ζ

581 1031 695 1089 usum,
717 1016 753 1072 ut
774 1029 935 1073 sermones
955 1010 1039 1073 inter
1057 1007 1237 1072 consimiles
1256 1006 1382 1072 habitos
1401 1009 1487 1091 ipsos
1507 1006 1629 1072 similes
1643 1007 1771 1084 diceret,

581 1117 655 1179 vitii
686 1114 809 1199 aliquid
840 1114 937 1178 verba
969 1116 1162 1178 contraxisse
1193 1116 1345 1197 suspicor,
1374 1115 1427 1177 cui
1450 1134 1631 1177 succurrere
1654 1115 1771 1198 possis:

582 1223 656 1286 σῶν
686 1222 793 1296 μετὰ
825 1227 898 1283 τῶν
928 1219 1071 1294 toulon
1095 1219 1224 1295 λθχαν
1248 1240 1411 1303 reponens.
1437 1219 1486 1282 Ab
1511 1217 1612 1284 altero
1636 1217 1771 1283 articulo

581 1325 621 1390 ad
646 1324 783 1390 alterum
807 1325 1015 1389 describentis
1039 1324 1149 1389 oculus
1173 1328 1302 1390 amavit.

628 1527 751 1591 Notum
781 1526 905 1591 dicendi
939 1546 1060 1611 genus,
1097 1527 1326 1591 recentioribus
1356 1548 1432 1593 vero
1471 1530 1578 1592 minus
1614 1529 1772 1592 usitatum

582 1634 730 1719 quodque
748 1639 918 1718 propterea
941 1635 1039 1696 variis
1064 1633 1167 1696 modis
1190 1635 1353 1717 eorrumpi
1376 1633 1475 1710 solet,
1499 1634 1703 1698 obscuratum
1725 1639 1774 1698 est

583 1740 618 1807 Ο.
645 1738 664 1805 7
688 1742 723 1803 in
745 1740 867 1804 vorbis:
900 1741 930 1802 ἐν
963 1738 1099 1814 πελάνεο
1124 1738 1175 1803 καὶ
1200 1738 1284 1803 νυκτὶ
1309 1750 1411 1820 πολλῇ
1435 1740 1601 1818 Φερθμενος
1626 1741 1664 1810 ἐς
1688 1763 1775 1818 πνρ-

582 1843 648 1910 σθν
679 1867 770 1908 τινα
802 1848 942 1908 σοῦσον
974 1842 1165 1920 ἀποβλέπω,
1196 1844 1250 1908 nbi
1277 1846 1345 1909 sine
1369 1844 1466 1909 dubio
1492 1844 1636 1910 dederat:
1661 1846 1708 1916 ὥς
1733 1845 1772 1916 ἐς

583 1949 729 2029 πνρσθν
760 1974 853 2014 τινα
883 1953 1024 2013 τοῦτον
1049 1949 1239 2034 (Nigrinum
1262 1955 1329 2028 se).
1355 1949 1488 2014 Utiliter
1510 1951 1645 2015 conferri
1668 1956 1774 2036 potest

582 2057 668 2141 quod
687 2054 721 2121 G.
744 2054 764 2119 4
784 2055 925 2141 legitur:
946 2052 1045 2132 ὥσπερ
1066 2055 1107 2118 θκ
1126 2056 1297 2133 ζοφεροῦ
1318 2078 1427 2127 τινος
1451 2057 1564 2134 ἀέρος
1589 2061 1657 2121 τοῦ
1681 2055 1774 2133 βίον

582 2167 652 2227 τοῦ
677 2162 847 2240 πρόσθεν
873 2163 903 2232 ἐς
928 2161 1044 2238 αἰθρίαν
1069 2159 1270 2236 ἀναβλέπων.

630 2380 714 2459 Quot
747 2384 780 2443 et
813 2381 941 2463 quantis
976 2378 1134 2444 molestiis
1168 2378 1390 2444 conflictantur
1421 2401 1500 2465 quos
1530 2383 1577 2444 rei
1608 2380 1775 2446 familiaris

582 2487 751 2571 angustiae
775 2483 898 2549 'aliena'
922 2491 1095 2570 coegerunt
1116 2487 1235 2549 'virere
1255 2483 1399 2570 quadra’!
1425 2485 1472 2550 De
1492 2486 1598 2550 media
1618 2495 1708 2552 nocte
1728 2491 1776 2550 est

583 2591 799 2677 surgendum,
832 2596 899 2654 tota
929 2592 1008 2655 urbe
1039 2590 1299 2668 discursandnm,
1331 2597 1367 2655 nt
1399 2592 1481 2656 fores
1510 2593 1638 2676 superbi
1663 2593 1775 2657 divitis

583 2702 771 2782 oppugnent
803 2696 876 2775 πρὸς
906 2699 965 2760 τῶν
996 2697 1117 2760 οἰκετῶν
1148 2697 1391 2771 ἀποκλειόμενον,
1425 2696 1530 2774 κύνες,
1562 2698 1614 2761 καὶ
1648 2697 1775 2777 κόρακες

581 2806 643 2882 (ita
674 2823 734 2888 ego
766 2801 845 2866 olim
876 2823 933 2887 pro
965 2802 1096 2873 κόλακες
1123 2807 1156 2866 et
1180 2805 1322 2887 persuasi
1345 2802 1632 2883 Sommerbrodtio)
1656 2804 1707 2867 nni
1732 2804 1773 2869 σά

582 2912 717 2972 τοιαῦτα
753 2908 918 2971 ἀκούειν
954 2906 1152 2980 ὑπομένοντες
1188 2906 1237 2986 (G.
1270 2907 1337 2988 22).
1373 2907 1461 2974 Haec
1496 2912 1680 2985 sanissima;
1717 2930 1775 2973 nec

583 3013 668 3100 quod
700 3015 809 3078 minus
840 3012 986 3100 placeant
1015 3013 1087 3079 ideo
1118 3013 1288 3100 adscripsi,
1321 3013 1374 3079 sed
1403 3018 1478 3100 quia
1500 3017 1630 3101 egregie
1653 3015 1775 3080 faciunt

581 3119 622 3185 ad
658 3119 765 3184 locum
799 3119 884 3184 hand
915 3119 1096 3184 absimilem
1132 3123 1225 3197 vitio,
1262 3121 1345 3205 quod
1376 3120 1479 3185 adhuc
1514 3142 1622 3185 omnes
1657 3120 1774 3197 latuit,

579 3224 795 3292 liberandum.
819 3225 877 3289 Est
900 3225 1008 3302 locus,
1033 3247 1129 3309 quem
1154 3224 1247 3301 volo,
1271 3229 1305 3290 in
1329 3225 1438 3290 libello
1462 3227 1499 3291 de
1523 3226 1671 3292 Mercede
1695 3225 1775 3294 Oon-

580 3332 688 3396 ductis
718 3329 767 3409 (Ο.
794 3330 860 3410 10),
892 3332 949 3399 ubi
972 3331 1083 3395 eadem
1108 3332 1183 3396 haec
1206 3334 1368 3395 matutina
1391 3330 1558 3397 clientium
1583 3332 1705 3397 ridetur
1728 3353 1775 3397 sa·
1808 3318 1813 3326 ’

580 3436 715 3501 lutatio:
740 3431 826 3500 ἕωθέν
849 3460 884 3499 σε
911 3436 1147 3513 ἐξανιστάμενον
1168 3436 1337 3515 περιμένειν
1357 3437 1519 3513 ὠθούμενον
1541 3437 1592 3501 καὶ
1613 3436 1774 3502 ἀποκλεοθ-

580 3566 672 3621 μενον
703 3542 755 3606 καὶ
788 3543 993 3621 ἀναίσχυντον
1026 3544 1156 3607 tulere
1192 3543 1245 3607 nal
1277 3543 1408 3621 δχλνρὸν
1443 3542 1650 3607 δοκοῦντα.
1685 3543 1774 3609 Itane

580 3647 681 3715 vero?
717 3648 899 3733 Importuni
933 3657 966 3713 et
1001 3647 1129 3713 molesti
1163 3644 1324 3711 videntur?
1359 3647 1495 3715 Cuiuam
1530 3647 1700 3714 videntur?
1731 3649 1773 3712 Et

583 3778 792 3840 nonnunquam
827 3753 999 3820 videntur?
1042 3753 1108 3820 Cur
1142 3776 1203 3819 uon
1238 3751 1385 3839 semper?
1427 3756 1538 3841 Apage
1571 3757 1707 3839 ineptias
1741 3761 1774 3819 et

579 3882 699 3946 repone
731 3861 817 3946 quod
849 3863 941 3925 unice
972 3882 1086 3924 rernm
1117 3868 1182 3924 est:
1215 3861 1427 3925 ἀκούοντα.
1462 3860 1550 3926 Dum
1582 3861 1675 3924 turba
1705 3881 1773 3944 pre·

580 3973 716 4032 muntur
740 3974 772 4031 et
795 3966 1009 4032 excluduntur
1031 3970 1161 4051 insuper
1183 3987 1202 4031 a
1224 3970 1326 4031 servis
1348 3967 1518 4051 aliquando
1542 3965 1749 4052 sugillantur.

627 4184 704 4248 Inde
735 4205 753 4249 a
784 4182 860 4269 Gap.
894 4184 936 4250 35
968 4184 1076 4270 longa,
1108 4206 1160 4250 me
1190 4185 1296 4250 iudice
1325 4187 1423 4249 nimis
1453 4184 1560 4271 longa,
1589 4187 1774 4249 instituitur

576 4292 774 4374 comparatio
806 4293 890 4355 inter
919 4293 1099 4375 sapientum
1124 4296 1291 4376 praecepta
1314 4298 1347 4355 et
1366 4292 1589 4375 castigationes
1612 4297 1644 4355 et
1669 4290 1731 4355 tela
1755 4312 1773 4355 a

577 4397 749 4481 sagittario
780 4398 814 4458 in
845 4395 1041 4460 destinatum
1073 4399 1224 4462 coniecta.
1256 4394 1330 4459 Alia
1353 4398 1454 4459 nimio
1476 4398 1601 4480 impetu
1625 4416 1699 4460 areu
1722 4417 1773 4460 ex-

578 4500 674 4587 pulsa
696 4501 730 4565 οά
752 4500 866 4577 μένεν
891 4503 921 4565 ἑν
946 4505 987 4581 τῷ
1013 4502 1125 4582 σκθπορ,
1148 4500 1235 4565 ἀλλά
1259 4500 1475 4565 δοελθθντα
1496 4509 1664 4579 κεχηνυῖαν
1683 4502 1771 4574 μθνον

579 4609 623 4687 τῷ
656 4606 814 4686 τραύματι
846 4610 901 4681 σὺν
933 4609 1040 4687 ψυχὴν
1073 4605 1242 4684 ἀπέλοπεν;
1267 4604 1329 4671 alia
1352 4605 1449 4670 debili
1473 4626 1571 4671 manu
1595 4608 1710 4671 omissa
1733 4626 1772 4670 ne

578 4716 772 4800 perveniunt
803 4713 934 4798 quidem
964 4713 1003 4778 ad
1036 4733 1185 4799 scopum;
1217 4710 1280 4776 alia
1312 4711 1447 4796 denique
1470 4712 1645 4778 secundum
1669 4716 1771 4777 artem

578 4842 598 4885 a
622 4822 724 4903 perito
748 4818 961 4904 prudentique
985 4820 1153 4905 sagittario
1175 4820 1208 4881 in
1232 4816 1404 4882 adversum
1428 4817 1547 4883 directa
1569 4820 1695 4902 ingenti
1714 4838 1772 4883 neo

581 4934 689 4990 tamen
720 4927 821 4989 nimia
844 4928 877 4989 vi
900 4946 1031 5009 scopum
1056 4925 1191 4990 feriunt:
1216 4922 1251 4987 σθ
1276 4923 1307 4988 δὲ
1333 4924 1452 5004 ἐνεχθὲν
1475 4919 1509 4988 εὖ
1533 4923 1624 4999 μάλα
1649 4924 1771 4996 tardior
