5125 6150
799 1487 871 1575 Al)
899 1485 1121 1575 TITULOS
1152 1483 1604 1574 ACRAEPHIENSllS.

1138 1721 1262 1762 scatrsl‘r

1018 1904 1060 1969 H.
1086 1902 1172 1968 VAN
1197 1902 1380 1969 antuus.

1095 2173 1308 2217 «ew-

641 2433 748 2499 Tituli
774 2434 1021 2518 Acraephienses
1044 2455 1119 2498 cum
1141 2436 1207 2497 iam
1230 2455 1287 2518 pro
1312 2436 1491 2519 exiguitate
1515 2435 1675 2500 urbis·sat
1695 2435 1792 2500 multi

595 2547 779 2616 exstarent,
816 2539 903 2604 hisce
937 2542 1109 2625 postremis
1144 2542 1235 2603 annis
1269 2542 1327 2617 iis,
1360 2543 1416 2625 qui
1447 2544 1539 2604 antea
1570 2543 1791 2618 innotuerant,

595 2668 773 2714 numerum
793 2653 922 2731 repente
942 2646 1058 2711 adiecit
1078 2648 1212 2711 minime
1232 2643 1501 2711 contemnendum
1516 2649 1568 2710 vir
1586 2646 1792 2711 doctissimus

594 2753 680 2820 Paul
703 2753 876 2818 Perdrizet.
900 2752 989 2817 Duce
1013 2752 1142 2817 fortuna
1165 2773 1259 2828 usus,
1285 2773 1364 2836 quae
1388 2755 1421 2815 in
1445 2750 1563 2816 talibus
1586 2752 1679 2816 rebus
1703 2755 1791 2816 viam

593 2881 691 2944 saepe
715 2863 889 2935 monstrat,
914 2856 1036 2943 lapides
1061 2857 1147 2922 haud
1170 2860 1279 2922 minus
1303 2859 1438 2943 triginta
1456 2859 1558 2933 eruit,
1580 2878 1660 2942 quos
1679 2856 1791 2921 deinde

595 2987 661 3052 qua
681 2964 761 3030 solet
783 2985 851 3029 esse
871 2962 1040 3050 diligentia
1058 2970 1090 3028 et
1109 2969 1203 3028 acuta
1222 2962 1365 3028 sollertia
1377 2966 1605 3027 commentario
1616 2965 1791 3027 instructos

595 3072 819 3158 copiosissimo
851 3069 951 3136 edidit
974 3072 1007 3135 in
1031 3069 1144 3146 diario,
1170 3069 1254 3154 quod
1277 3069 1464 3135 inscribitur
1487 3068 1631 3135 Bulletin
1655 3068 1692 3133 de
1716 3067 1791 3136 Ocr-

594 3178 813 3264 respoudance
835 3175 1018 3260 hellenique
1042 3175 1109 3255 (22.
1124 3174 1322 3251 241-260;
1344 3174 1398 3240 23.
1413 3174 1564 3254 90-9o,·
1588 3174 1789 3255 lea-205).

593 3281 789 3348 Laudandus
809 3281 948 3366 profecto
968 3286 1033 3358 est,
1054 3284 1110 3366 qui
1129 3282 1351 3365 inscriptiones
1372 3284 1425 3346 vir
1446 3284 1479 3345 in
1501 3280 1609 3346 lucem
1632 3287 1790 3346 extractas

593 3387 717 3475 publici
748 3390 829 3451 iuris
853 3408 921 3452 esse
945 3386 1103 3464 voluerit,
1128 3390 1184 3471 qui
1207 3386 1312 3451 multa
1336 3390 1532 3471 congesserit
1555 3387 1595 3451 ad
1619 3407 1671 3451 eas
1693 3389 1790 3452 inter·

593 3493 764 3581 pretandas
795 3491 978 3557 utilissima.
1012 3490 1096 3558 (lum
1126 3498 1234 3556 tamen
1266 3492 1408 3577 plurima
1439 3491 1682 3570 elaboravisset,
1714 3514 1789 3557 non-

592 3598 703 3675 nulla‚
728 3618 809 3689 quae
831 3596 947 3662 leviter
972 3599 1186 3682 perstringere
1209 3596 1326 3662 maluit
1350 3618 1447 3681 quam
1470 3601 1599 3681 penitus
1622 3600 1655 3662 in
1679 3598 1737 3663 illa
1756 3619 1788 3663 se

592 3705 728 3782 abdere,
760 3702 833 3768 aliis
862 3703 1061 3767 retractanda
1090 3701 1232 3787 reliquit.
1264 3702 1299 3768 Si
1323 3703 1412 3768 verbi
1435 3724 1530 3769 causa
1553 3704 1788 3769 studiosissime

591 3810 708 3877 titulos
732 3831 833 3895 nuper
856 3830 875 3873 a
898 3830 931 3873 se
954 3814 1095 3894 repertos
1118 3830 1192 3873 cum
1216 3812 1256 3873 iis
1275 3807 1479 3886 contulisset,
1501 3831 1579 3894 quos
1595 3810 1788 3875 iamdudum

591 3915 844 4000 Acraephienses
874 3935 941 3979 esse
971 3934 1239 4000 cognoveramus,
1273 3914 1311 3979 de
1335 3919 1518 3999 temporum
1542 3918 1681 3992 ratione,
1707 3936 1787 3999 quae

589 4023 816 4106 inscriptiones
852 4020 949 4084 huius
985 4021 1074 4085 urbis
1109 4020 1194 4084 haud
1230 4040 1347 4104 paucas
1384 4023 1467 4085 inter
1501 4041 1567 4085 sese
1600 4023 1786 4107 coniungit,

591 4126 689 4212 plura
720 4147 756 4190 ac
787 4128 922 4190 certiora
944 4126 1083 4211 profecto
1108 4146 1164 4190 nos
1188 4126 1345 4190 docuisset
1370 4147 1466 4210 quam
1491 4147 1571 4210 quae
1594 4148 1678 4191 nunc
1700 4129 1787 4192 iuve-

589 4235 663 4296 nire
695 4234 724 4296 ei
755 4233 903 4316 contigit.
936 4228 1135 4297 Coniecturis
1158 4231 1270 4296 deinde
1294 4232 1462 4297 emendare
1486 4239 1518 4295 et
1541 4252 1614 4296 suas
1636 4231 1786 4297 lectiones

589 4345 625 4403 et
646 4358 775 4414 eorum,
796 4339 852 4420 qui
871 4342 944 4401 ante
964 4356 1040 4400 eum
1059 4334 1165 4400 titulis
1177 4337 1464 4422 Acraephiensibus
1477 4358 1604 4421 operam
1619 4337 1784 4416 dederant,

589 4443 755 4508 interdum
774 4444 931 4527 potuisset
949 4444 1027 4505 satis
1046 4444 1150 4506 certis.
1176 4441 1263 4522 Quae
1282 4444 1429 4527 quamvis
1448 4446 1540 4527 parvi
1560 4445 1624 4506 sint
1644 4441 1785 4507 facienda

590 4548 631 4614 ad
665 4570 717 4626 ea,
750 4567 831 4632 quae
861 4547 951 4612 nobis
983 4546 1120 4633 largitus
1150 4553 1213 4624 est,
1246 4547 1415 4613 observatu
1439 4553 1547 4614 tamen
1570 4569 1632 4612 non
1655 4568 1784 4632 prorsus

590 4662 667 4719 sunt
698 4653 838 4739 indigua.
866 4651 986 4717 'l'itulis
1009 4652 1296 4738 Acraephiensibus
1319 4653 1494 4718 identidem
1517 4652 1692 4739 exploratis
1716 4655 1786 4717 uni·

590 4762 694 4825 versis
734 4756 872 4842 paucula
906 4760 940 4822 iu
981 4759 1188 4843 sequentibus
1223 4759 1382 4844 proferam
1416 4759 1455 4823 ad
1490 4761 1783 4844 interpretationem

588 4864 909 4949 emendationemque
932 4864 1048 4929 horum
1071 4862 1217 4948 lapidum
1240 4867 1442 4950 pertinentia.
