5125 6150
1179 824 1386 873 meorumue.
1812 805 1874 872 127

693 1011 807 1056 nomen
837 992 925 1070 σφίσι
958 992 1064 1057 abesse
1095 1012 1207 1076 poeee,
1239 1011 1295 1055 neo
1320 995 1427 1056 temen
1442 983 1562 1056 'scholii
1585 992 1723 1076 speeiem
1745 1011 1819 1077 prae
1842 1012 1875 1056 ee

692 1097 799 1163 ferunt
823 1105 855 1163 et
878 1099 985 1183 potius
1008 1118 1082 1162 vere
1106 1095 1312 1182 Thucydideo
1333 1117 1400 1163 esee
1423 1095 1619 1161 crediderim.

739 1294 827 1373 38,2
851 1294 916 1360 ίδὼν
939 1296 1102 1361 ἀντίπαλα
1126 1303 1196 1368 τῆς
1219 1296 1403 1375 ναυμαχίας
1427 1293 1591 1372 γενόμενα.
1617 1295 1750 1360 Proreus
1772 1310 1875 1361 neees-

693 1405 776 1467 saria
807 1407 855 1467 eet
883 1400 1038 1466 librorum
1069 1400 1129 1466 ΒΗ
1158 1399 1254 1466 leotio
1284 1403 1338 1466 τίν
1368 1409 1437 1476 τῆς
1461 1402 1662 1485 ναυμαχίας;
1688 1421 1784 1486 quom
1806 1423 1874 1487 per·

694 1511 793 1573 miror
815 1508 970 1573 editorem
992 1529 1054 1572 non
1077 1529 1152 1572 oum
1175 1506 1307 1593 reliquie
1330 1507 1394 1573 fere
1417 1509 1580 1593 recepisse.
1604 1505 1661 1573 Vel
1684 1510 1872 1586 coniectura,

692 1617 754 1679 nisi
778 1613 901 1679 codioee
924 1612 1130 1691 obtulissent,
1154 1611 1350 1678 restituenda
1372 1614 1485 1679 fueret.

737 1801 824 1884 47‚3
848 1804 890 1882 τῷ
911 1800 958 1868 ούν
980 1804 1162 1876 Δημοσθένει
1182 1805 1235 1868 ούκ
1255 1802 1351 1868 ἐδύκει
1371 1800 1417 1867 έτι
1436 1808 1548 1882 χρῆναι
1566 1803 1676 1882 μένειν,
1696 1807 1771 1870 ἀλλ’
1791 1801 1871 1884 ι’ίπερ

691 1910 742 1973 καί
776 1908 936 1982 διανοηθεὶς
969 1909 999 1980 ἐς
1029 1911 1086 1981 roe
1119 1908 1294 1980 Ἐπιπολὰς
1323 1907 1564 1989 διεκινδύνευσεν,
1589 1910 1690 1987 ἐπειδὴ
1713 1911 1871 1992 έσφαλτο,

692 2014 815 2080 ἀπιέναι
848 2013 1017 2096 έφνφίζετσ
1041 2016 1093 2081 καί
1117 2019 1161 2092 μὴ
1185 2015 1361 2094 διατρίβειν,
1386 2012 1438 2087 ἔοις
1462 2015 1508 2080 έτι
1532 2015 1566 2080 τδ
1591 2017 1732 2095 πέλαγος
1756 2011 1813 2082 οίύν
1834 2041 1870 2081 τε

691 2125 883 2201 περαιοῦσθαι
919 2123 972 2186 καί
1006 2127 1074 2187 τοῦ
1109 2122 1424 2199 στρατεύματος
1461 2130 1530 2191 ταῖς
1565 2128 1639 2200 γοῦν
1674 2124 1871 2194 έπελίούσαις

688 2230 776 2293 ναυσί
808 2237 938 2307 κρατεῖν.
975 2229 1022 2294 De
1052 2229 1173 2294 Reiskii
1206 2235 1238 2294 et
1262 2228 1423 2314 Madvigii
1447 2232 1635 2295 coniecturis
1659 2231 1869 2308 repatriarem

689 2345 721 2403 et
753 2335 980 2414 θεραπεύματα
1013 2357 1076 2400 non
1107 2342 1198 2400 muto
1228 2336 1417 2399 sententiam
1442 2335 1654 2400 adversariam
1679 2356 1775 2421 quam
1799 2342 1871 2401 onte

690 2444 747 2508 hoe
777 2441 857 2507 XXI
887 2463 984 2507 annos
1014 2441 1075 2506 tuli
1105 2444 1137 2505 in
1169 2441 1308 2506 editione
1338 2461 1418 2505 mee.
1442 2440 1513 2506 Non
1536 2444 1641 2527 magio
1663 2441 1766 2528 placet
1789 2442 1872 2529 quod

689 2548 801 2613 deinde
832 2547 936 2613 Nobor
966 2549 1131 2633 proposuit
1158 2550 1212 2611 τοῦ
1243 2547 1417 2623 στόματος,
1448 2568 1510 2612 non
1541 2545 1648 2612 addito
1672 2552 1724 2611 τοῦ
1749 2547 1870 2623 λιμένος

688 2654 772 2718 haud
803 2652 1015 2740 intellegibile
1047 2653 1176 2730 lectori,
1208 2655 1263 2738 qui
1293 2635 1435 2716 nondum
1465 2651 1547 2739 legit
1576 2656 1681 2738 capite
1705 2654 1747 2719 56
1771 2660 1804 2720 et
1827 2655 1869 2720 59

687 2761 784 2824 huius
808 2758 893 2825 libri.
926 2759 996 2823 Nisi
1020 2760 1100 2824 forte
1124 2762 1176 2822 τοῦ
1201 2759 1434 2836 στρατεύματος
1459 2764 1507 2823 est
1528 2757 1656 2824 lectoris
1679 2761 1870 2827 additamen-

689 2874 778 2943 tum,
804 2865 887 2950 quod
910 2864 1065 2949 hodieque
1083 2871 1122 2928 ut
1142 2862 1220 2929 olim
1241 2867 1394 2949 suspicor,
1416 2885 1490 2929 oum
1508 2862 1669 2931 Oloeeenio
1687 2866 1869 2931 habendum

687 2972 816 3037 videtur
836 2993 894 3056 pro
917 2974 1067 3057 genetivo
1089 2974 1259 3056 portitivo,
1285 2977 1317 3035 et
1339 2971 1474 3036 verbum
1498 2979 1617 3050 κρατεῖν
1641 2971 1785 3038 absolute
1804 2995 1870 3040 esee

688 3083 839 3166 positum.

735 3265 821 3342 66,3
854 3264 958 3345 ἄνδρες
990 3268 1053 3344 γοὶρ
1086 3264 1209 3329 έπειδίιν
1242 3261 1262 3345 ᾧ
1296 3264 1412 3340 ἀξιοῦσι
1443 3264 1587 3348 προύχειν
1614 3268 1810 3348 κολουσύύσι,
1834 3268 1871 3334 τύ

688 3375 721 3449 γ’
743 3374 903 3437 ὑπόλοιπον
923 3374 1021 3436 αὐτῶν
1042 3378 1096 3443 τῆς
1122 3371 1209 3450 δόξης
1233 3371 1442 3451 ύσύενέστερον
1467 3373 1543 3437 αὐτὸ
1568 3373 1678 3438 ἐαυτοῦ
1703 3376 1783 3463 ἐστιν
1805 3375 1822 3449 ἢ
1843 3376 1868 3440 εί

688 3478 760 3555 μηδ’
792 3479 928 3559 dioneae
962 3479 995 3543 τδ
1032 3486 1144 3557 πρῶτον
1179 3477 1230 3542 καί
1266 3481 1308 3559 τῷ
1344 3483 1416 3559 παρ’
1452 3479 1566 3544 ἐλπίδα
1597 3485 1650 3546 τού
1682 3482 1869 3561 αύχιίματος

688 3587 972 3664 σφαλλόμενοι
1004 3586 1054 3649 καί
1089 3586 1175 3663 παροδ
1208 3586 1300 3664 ίσχύν
1331 3594 1386 3660 τῆς
1418 3586 1572 3659 δυνάμεως
1602 3586 1775 3654 ένδιδύασιν.
1799 3589 1869 3654 Aou

688 3713 756 3756 rem
798 3694 941 3777 tetigisse
977 3691 1103 3756 videtur
1138 3688 1234 3757 Gertz
1269 3692 1353 3777 apud
1388 3692 1536 3757 Hudium
1571 3696 1730 3780 corrigens
1764 3698 1804 3776 τῷ
1825 3733 1867 3744 -

687 3797 961 3879 σφαλλομένῳ
985 3798 1049 3863 κτέ.

734 3985 821 4062 67,2
845 3986 886 4050 τοί
909 4009 943 4049 τε
968 3994 1022 4058 τῆς
1047 3988 1276 4060 οίντιμιμιίσεας
1301 3986 1401 4051 αύτῶν
1426 3995 1480 4061 τῆς
1504 3996 1702 4065 παρασκευῆς
1724 3992 1807 4065 ἡμῶν
1824 3993 1866 4072 τῷ

686 4093 742 4168 μέν
784 4091 917 4172 ἡμετέρῳ
954 4090 1052 4174 τρύπορ
1087 4091 1193 4168 ξυνοίύν
1228 4092 1264 4157 τέ
1300 4094 1364 4156 ἐστι
1401 4093 1453 4157 καί
1489 4095 1542 4158 σύκ
1577 4095 1759 4171 ἀνάρμοστοι
1795 4096 1867 4175 πρδς

685 4199 847 4279 (τέχνην)
868 4197 999 4274 ἑκάστην
1019 4200 1119 4263 αύτύν
1139 4198 1280 4277 έσύμεύα.
1302 4198 1461 4265 Notabilis
1478 4221 1552 4265 eane
1563 4200 1666 4266 Hudii
1677 4204 1866 4270 coniectura.

733 4402 819 4481 70,4
850 4403 1067 4481 ξυμπεσουσῶν
1091 4402 1122 4467 δέ
1148 4404 1177 4467 έν
1200 4403 1295 4482 orire
1318 4408 1440 4468 πολλῶν
1463 4409 1532 4470 νεῶν
1556 4409 1764 4483 (πλεῖσται
1788 4406 1865 4483 yolo

686 4511 726 4582 δὴ
752 4506 872 4573 αύται
897 4512 933 4572 ἐν
958 4510 1171 4589 ἐλαχίστῳ
1196 4510 1515 4591 ἐναυμάχησαν·
1540 4510 1650 4592 βραχὺ
1674 4512 1735 4589 γὰρ
1759 4509 1867 4576 ιέπέλι-

685 4641 740 4680 πον
770 4615 1001 4696 ξυναμφότεραι
1035 4614 1187 4681 διακύσιαι
1217 4617 1385 4697 γενέσθαι),
1418 4618 1451 4681 οιί
1474 4616 1531 4691 μέν
1554 4615 1732 4694 ἐμβολαί
1757 4615 1807 4682 διὰ
1830 4618 1864 4683 τδ

684 4725 728 4800 μὴ
757 4719 834 4788 εἶναι
867 4726 938 4795 τὰς
968 4722 1163 4801 οὶνακρούσεις
1187 4722 1241 4787 καί
1266 4721 1423 4793 διέκπλους
1448 4723 1552 4800 letrae
1577 4723 1750 4803 ἐγίγνοντο,
1774 4724 1809 4788 οιί
1832 4722 1865 4789 δέ

685 4830 856 4907 προσβολαί
865 4879 873 4907 ,
904 4832 943 4901 ὥς
975 4830 1065 4910 τύχοι
1098 4832 1171 4901 ναύς
1202 4829 1247 4905 νιρί
1277 4833 1492 4909 προσπεσοῦσα
1521 4829 1612 4905 otro
1634 4831 1669 4896 τέ
1692 4831 1864 4911 φεύγεινῆ

688 4934 770 5016 ἄλλα
795 4937 994 5014 ἐπιπλέουσα,
1019 4934 1197 5015 πυκνύτεραι
1222 4933 1299 5011 ἦσαν
1323 4936 1386 5002 κτέ.
