5125 6150
674 813 754 878 '222
1042 832 1085 878 nn
1107 831 1336 880 narsuocucrus
1359 834 1495 881 cnorum

734 996 840 1078 „Quid
867 996 962 1077 icitur
991 1003 1034 1060 eet
1065 997 1169 1059 bonum
1191 997 1289 1075 illud,
1314 1002 1393 1083 quod
1414 999 1515 1063 herem
1539 1007 1619 1063 teum
1641 1024 1735 1066 sectam
1758 1004 1875 1067 domum

686 1103 824 1167 attulisse
848 1101 1034 1184 perhibes?’'
1067 1099 1233 1168 (larionem
1256 1110 1350 1190 rogat
1373 1104 1439 1169 dux
1463 1106 1562 1170 chori.
1596 1104 1658 1173 cui
1681 1129 1780 1174 verna
1803 1131 1876 1195 pro

686 1214 812 1275 torvus:
846 1209 953 1287 „labet
982 1230 1076 1272 eccum
1178 1210 1264 1273 hebet
1286 1232 1381 1273 ccccm
1481 1235 1576 1275 aecem
1598 1215 1752 1279 sordidum
1774 1217 1874 1279 decre-

680 1316 814 1399 μίνυνθ’,
839 1353 881 1364 -
906 1321 938 1380 et
961 1314 1107 1380 cumulat
1131 1315 1272 1400 epitheta
1294 1314 1425 1381 ludicra.
1460 1317 1578 1383 Laetus
1602 1318 1674 1384 dein
1698 1321 1761 1385 dux
1783 1321 1876 1387 chori

688 1423 862 1489 exclamat:
895 1443 932 1498 „o
954 1421 1170 1506 felicisimum
1200 1423 1355 1500 cuntium,
1387 1427 1623 1510 quandoquidem
1654 1450 1775 1508 maenae
1804 1450 1877 1510 opes

688 1552 753 1594 eum
775 1551 869 1593 ccccm
891 1528 1028 1592 aliishaec
1051 1535 1083 1591 tu
1106 1528 1185 1593 cic.’'

732 1635 892 1715 Quorsum
921 1631 1019 1700 haecl
1050 1633 1171 1719 Inspice
1194 1634 1314 1700 scholia
1337 1641 1369 1700 ct
1393 1636 1516 1702 videbis
1540 1637 1619 1703 olim
1642 1644 1876 1726 grammaticos

686 1744 771 1809 hunc
789 1742 895 1808 locum
914 1749 999 1808 recte
1017 1762 1083 1806 esse
1103 1744 1337 1827 interpretatos.
1359 1743 1538 1822 ’τπόκωφον
1559 1746 1717 1826 γερόντιον,
1739 1750 1875 1834 perinde

686 1861 781 1935 atque
804 1848 925 1913 Demus
947 1846 1002 1912 ille
1025 1850 1057 1911 in
1081 1847 1252 1933 Equitibus
1275 1848 1399 1925 fabula3
1424 1857 1472 1914 est
1493 1854 1521 1915 is
1545 1854 1600 1938 qui
1618 1853 1752 1917 chorum
1770 1854 1874 1920 ducit.

686 1956 748 2038 Qui
783 1953 925 2022 (larionis
960 1959 1063 2020 cetera
1094 1955 1191 2020 uerba
1221 1976 1260 2020 ne
1291 1955 1416 2020 audivit
1446 1956 1597 2041 quidem,
1629 1958 1683 2024 sed
1713 1958 1875 2025 ultimum

685 2068 769 2128 certe
791 2060 986 2127 intellexisse
1009 2061 1072 2125 sibi
1095 2060 1232 2125 videtur.
1256 2060 1430 2127 Hominem
1455 2062 1570 2141 illum,
1595 2085 1690 2149 quem
1714 2064 1876 2154 Chremy·

684 2169 737 2235 lus
766 2189 873 2235 secum
903 2168 1016 2244 habet,
1046 2170 1219 2233 senectutis
1243 2169 1453 2233 incommodis
1476 2173 1598 2235 cunctis
1621 2170 1764 2238 laborare
1789 2174 1876 2239 dixit

685 2274 777 2343 (lario
807 2281 902 2360 atque
927 2274 1003 2340 adeo
1028 2273 1172 2353 „dente”
1196 2275 1256 2339 sibi
1279 2275 1392 2340 uideri.
1416 2275 1503 2341 Haec
1526 2279 1571 2341 ita
1594 2280 1709 2364 accipit
1732 2283 1875 2346 rusticus

684 2382 844 2448 surdaster
863 2389 895 2446 et
914 2380 1050 2446 stolidus
1070 2385 1107 2446 ut
1126 2382 1236 2460 „cecla
1254 2381 1446 2460 χρημάτων”
1467 2403 1485 2447 a
1505 2380 1679 2471 Chremylo
1695 2384 1873 2452 adductum

685 2509 752 2554 esse
775 2486 848 2552 inde
871 2487 995 2552 efficiat.

728 2593 790 2659 Sed
820 2592 978 2678 quomodo
1009 2591 1136 2657 tandem
1168 2594 1275 2678 potuit
1307 2593 1340 2657 id
1368 2592 1442 2657 inde
1475 2591 1617 2660 efficere?
1651 2594 1745 2660 Dicet
1777 2598 1872 2664 nobis

684 2699 927 2767 Herwerdenus.
958 2698 1019 2778 Qui
1049 2720 1123 2764 cum
1153 2701 1301 2764 sensisset
1330 2701 1433 2779 ψωλὸν
1463 2698 1545 2765 illud
1576 2703 1642 2766 sive
1665 2701 1815 2767 intentam
1839 2705 1873 2768 ν’νι

684 2829 814 2872 cenem
829 2808 853 2888 ¹)
887 2826 954 2870 esse
983 2807 1147 2890 ineptum,
1182 2806 1330 2868 sensisset
1361 2816 1469 2869 autem
1499 2808 1596 2870 etiem
1627 2810 1768 2892 ineptius
1802 2831 1871 2875 esse

683 2912 795 2994 χωλόν,
819 2912 903 2999 quod
925 2911 1047 2998 legitur
1063 2914 1097 2975 in
1116 2909 1262 2987 Iuntina,
1282 2909 1466 2975 felicissima
1486 2912 1706 2977 emendatione
1725 2918 1873 2981 restituit

683 3038 815 3087 verum:
848 3018 985 3098 ψωμόν.
1027 3017 1204 3103 „scabicque
1237 3019 1311 3081 adeo
1342 3019 1452 3082 obsitus
1482 3026 1535 3097 eet,
1567 3020 1729 3098 arbitror'',
1760 3022 1872 3088 ridens

683 3128 762 3193 dicit
785 3125 888 3194 (lario
912 3123 1008 3192 Obori
1031 3130 1139 3189 autem
1163 3124 1228 3188 dux
1252 3146 1326 3189 eum
1350 3132 1454 3190 cetera
1476 3147 1540 3190 non
1559 3129 1636 3190 satis
1655 3125 1870 3207 intellexerit,

684 3235 756 3313 „dcc
792 3233 907 3296 ἄνωθ’
946 3234 1007 3309 ait;
1050 3237 1083 3295 at
1116 3229 1267 3296 ultimam
1301 3237 1384 3296 certe
1414 3230 1559 3297 (larionis
1589 3253 1700 3297 vocem
1736 3236 1872 3301 auribus

683 3342 837 3428 percepit,
869 3359 932 3402 non
963 3337 1093 3422 quidem
1122 3340 1298 3423 integram,
1332 3338 1384 3402 sed
1416 3341 1518 3423 capite
1542 3345 1705 3416 truncam,
1733 3341 1870 3419 „ccclv”

683 3450 768 3512 enim
800 3444 959 3510 audivisse
990 3443 1049 3508 sibi
1081 3443 1217 3521 videtur,
1248 3465 1333 3525 opum
1354 3446 1458 3529 igitur
1481 3465 1647 3522 acervum,
1673 3482 1716 3494 -—
1738 3448 1870 3513 credens

684 3552 803 3617 scilicet
831 3551 865 3615 id
895 3549 979 3636 quod
1002 3555 1116 3634 speret.
1140 3547 1192 3613 eie
1216 3548 1292 3613 alibi
1316 3550 1440 3626 eccles
1464 3533 1554 3628 oepdc
1578 3556 1610 3614 et
1633 3551 1769 3628 σίμβλον
1797 3578 1871 3634 χρη-

683 3658 791 3736 μάτων
821 3657 904 3741 apud
935 3662 1079 3721 nostrum
1110 3664 1411 3732 commemorantur,
1445 3660 1635 3742 propiusque
1663 3660 1762 3722 etiam
1787 3680 1871 3725 aoce-

684 3765 764 3830 dunt
793 3761 921 3829 Charini
951 3766 1077 3828 iuvenis
1107 3764 1191 3849 apud
1220 3761 1375 3827 Plautum
1408 3764 1520 3827 verbe:
1545 3765 1771 3828 coniecissem
1796 3767 1871 3829 mili

683 3874 736 3935 sed
765 3871 953 3933 thensaurum
982 3870 1079 3933 nescio
1110 3893 1192 3955 quens
1215 3892 1355 3932 memores
1379 3870 1469 3947 moli,
1494 3872 1579 3947 sive,
1603 3877 1641 3934 ut
1663 3892 1778 3957 graece
1804 3873 1871 3937 red·

684 3977 796 4042 damus
819 3997 899 4061 quae
923 3977 1073 4053 „barbare
1096 3975 1150 4041 ille
1174 3975 1314 4041 vortit’':

818 4080 838 4146 ὦ
863 4081 969 4159 ἀγάθ’,
994 4084 1045 4146 οὐκ
1070 4080 1219 4159 ἄνθρωπον
1244 4078 1336 4154 εἶπας
1361 4081 1448 4146 ἀλλὰ
1473 4083 1616 4161 θησαυρὸν
1639 4087 1751 4145 κακῶν.

728 4190 796 4255 Iam
821 4210 894 4254 vero
916 4186 1073 4253 altissima
1095 4209 1171 4252 voce
1195 4186 1306 4255 Cario:
1333 4190 1437 4265 „immo
1460 4188 1602 4251 maloram
1624 4188 1765 4251 senilium
1790 4215 1875 4255 acer·

684 4317 750 4361 oum
780 4319 844 4359 eum
867 4317 960 4357 secem
984 4295 1089 4356 debere
1112 4295 1177 4357 dico
1201 4293 1345 4357 dudcm’l
1370 4293 1411 4357 Et
1435 4294 1562 4359 tandem
1586 4294 1674 4358 chori
1697 4294 1764 4358 dux
1788 4296 1873 4363 ludi-

684 4404 771 4469 ficari
793 4423 826 4468 se
845 4403 981 4465 sentiens
1000 4402 1147 4465 irascitur
1166 4399 1338 4484 baculoque
1357 4402 1497 4463 minatur
1517 4403 1674 4485 mancipio
1695 4401 1871 4485 petulanti.

729 4510 798 4574 Hoc
821 4513 869 4573 est
892 4506 1025 4571 feliciter
1048 4506 1224 4571 emendare.
1248 4506 1319 4570 Nisi
1342 4511 1451 4570 autem
1471 4503 1572 4583 fallor,
1591 4510 1698 4591 ipsum
1720 4507 1873 4574 Herwer·

685 4617 802 4682 denum
825 4616 920 4700 fugit,
944 4614 1196 4679 emendationem
1220 4634 1239 4678 a
1262 4634 1295 4678 se
1317 4619 1474 4697 repertam
1498 4634 1559 4677 non
1583 4613 1643 4677 soli
1666 4618 1778 4679 versui
1802 4615 1870 4683 267

717 4884 741 4942 l)
760 4883 793 4929 lle
810 4880 886 4929 nihilo
902 4881 958 4928 dcta
975 4886 1010 4927 est
1028 4880 1186 4929 recentiorum
1203 4878 1296 4944 opinio,
1315 4877 1442 4927 recusem
1459 4877 1637 4939 (circmcieun)
1651 4877 1764 4928 hocloco
1778 4882 1873 4931 stallis

683 4964 804 5012 nonnullis
820 4963 876 5021 (vid.
895 4961 952 5010 noh.
970 4962 1027 5022 lot)
1044 4961 1128 5014 valere.
