<?xml version="1.0" encoding="UTF-8"?>
<!DOCTYPE html PUBLIC "-//W3C//DTD XHTML 1.0 Transitional//EN"
    "http://www.w3.org/TR/xhtml1/DTD/xhtml1-transitional.dtd">
<html xmlns="http://www.w3.org/1999/xhtml" xml:lang="en" lang="en">
 <head>
  <title>
</title>
<meta http-equiv="Content-Type" content="text/html;charset=utf-8" />
  <meta name='ocr-system' content='tesseract 3.04.00' />
  <meta name='ocr-capabilities' content='ocr_page ocr_carea ocr_par ocr_line ocrx_word'/>
</head>
<body>
  <div class='ocr_page' id='page_1' title='image "./mnemosyne04verdgoog_0309.png"; bbox 0 0 5125 6150; ppageno 0'>
   <div class='ocr_carea' id='block_1_1' title="bbox 804 810 1642 880">
    <p class='ocr_par' dir='ltr' id='par_1_1' title="bbox 804 810 1642 880">
     <span class='ocr_line' id='line_1_1' title="bbox 804 810 1642 880; baseline 0.005 -5"><span class='ocrx_word' id='word_1_1' title='bbox 804 810 870 876; x_wconf 85' lang='lat'>310</span> <span class='ocrx_word' id='word_1_2' title='bbox 1137 829 1304 880; x_wconf 84' lang='grc'><strong>1111111111</strong></span> <span class='ocrx_word' id='word_1_3' title='bbox 1326 829 1642 880; x_wconf 74' lang='grc'><strong>1111111111111111.</strong></span> 
     </span>
    </p>
   </div>
   <div class='ocr_carea' id='block_1_2' title="bbox 801 995 1978 1192">
    <p class='ocr_par' dir='ltr' id='par_1_2' title="bbox 801 995 1978 1192">
     <span class='ocr_line' id='line_1_2' title="bbox 802 995 1978 1083; baseline 0.005 -25"><span class='ocrx_word' id='word_1_4' title='bbox 802 995 875 1060; x_wconf 92' lang='lat' dir='ltr'>inde</span> <span class='ocrx_word' id='word_1_5' title='bbox 905 1016 923 1060; x_wconf 92' lang='lat' dir='ltr'>a</span> <span class='ocrx_word' id='word_1_6' title='bbox 953 1016 1026 1081; x_wconf 90' lang='lat' dir='ltr'>pag.</span> <span class='ocrx_word' id='word_1_7' title='bbox 1058 995 1132 1060; x_wconf 83' lang='lat'>516.</span> <span class='ocrx_word' id='word_1_8' title='bbox 1169 996 1260 1060; x_wconf 89' lang='lat' dir='ltr'>Hanc</span> <span class='ocrx_word' id='word_1_9' title='bbox 1294 999 1592 1062; x_wconf 78' lang='lat' dir='ltr'>commentationem</span> <span class='ocrx_word' id='word_1_10' title='bbox 1627 995 1765 1063; x_wconf 84' lang='lat' dir='ltr'>(lobetus</span> <span class='ocrx_word' id='word_1_11' title='bbox 1799 1020 1978 1083; x_wconf 82' lang='lat' dir='ltr'>numquam</span> 
     </span>
     <span class='ocr_line' id='line_1_3' title="bbox 801 1102 1978 1192; baseline 0.001 -23"><span class='ocrx_word' id='word_1_12' title='bbox 801 1104 901 1181; x_wconf 86' lang='lat' dir='ltr'>vidit;</span> <span class='ocrx_word' id='word_1_13' title='bbox 932 1102 1147 1188; x_wconf 87' lang='lat' dir='ltr'>Kiesslingius</span> <span class='ocrx_word' id='word_1_14' title='bbox 1177 1110 1283 1168; x_wconf 88' lang='lat' dir='ltr'>autem</span> <span class='ocrx_word' id='word_1_15' title='bbox 1308 1110 1446 1168; x_wconf 90' lang='lat' dir='ltr'>autnon</span> <span class='ocrx_word' id='word_1_16' title='bbox 1469 1102 1549 1189; x_wconf 89' lang='lat' dir='ltr'>legit</span> <span class='ocrx_word' id='word_1_17' title='bbox 1573 1109 1630 1168; x_wconf 90' lang='lat' dir='ltr'>aut</span> <span class='ocrx_word' id='word_1_18' title='bbox 1651 1103 1858 1192; x_wconf 79' lang='lat' dir='ltr'>indiligenter</span> <span class='ocrx_word' id='word_1_19' title='bbox 1879 1104 1978 1191; x_wconf 88' lang='lat' dir='ltr'>legit;</span> 
     </span>
    </p>
   </div>
   <div class='ocr_carea' id='block_1_3' title="bbox 795 1207 1981 5008">
    <p class='ocr_par' dir='ltr' id='par_1_3' title="bbox 795 1207 1981 5008">
     <span class='ocr_line' id='line_1_4' title="bbox 802 1207 1979 1296; baseline 0.001 -22"><span class='ocrx_word' id='word_1_20' title='bbox 802 1216 885 1275; x_wconf 88' lang='lat' dir='ltr'>certe</span> <span class='ocrx_word' id='word_1_21' title='bbox 909 1231 983 1274; x_wconf 88' lang='lat' dir='ltr'>mox</span> <span class='ocrx_word' id='word_1_22' title='bbox 1006 1207 1124 1273; x_wconf 90' lang='lat' dir='ltr'>oblitus</span> <span class='ocrx_word' id='word_1_23' title='bbox 1148 1215 1205 1273; x_wconf 89' lang='lat' dir='ltr'>est.</span> <span class='ocrx_word' id='word_1_24' title='bbox 1238 1209 1357 1293; x_wconf 85' lang='lat' dir='ltr'>Operae</span> <span class='ocrx_word' id='word_1_25' title='bbox 1376 1211 1516 1295; x_wconf 89' lang='lat' dir='ltr'>pretium</span> <span class='ocrx_word' id='word_1_26' title='bbox 1535 1215 1584 1274; x_wconf 90' lang='grc'>111</span> <span class='ocrx_word' id='word_1_27' title='bbox 1603 1231 1788 1296; x_wconf 78' lang='lat' dir='ltr'>cognoscere</span> <span class='ocrx_word' id='word_1_28' title='bbox 1808 1210 1884 1296; x_wconf 92' lang='lat' dir='ltr'>quid</span> <span class='ocrx_word' id='word_1_29' title='bbox 1904 1212 1979 1277; x_wconf 92' lang='lat' dir='ltr'>boni</span> 
     </span>
     <span class='ocr_line' id='line_1_5' title="bbox 801 1313 1979 1403; baseline 0.001 -23"><span class='ocrx_word' id='word_1_30' title='bbox 801 1338 884 1380; x_wconf 90' lang='lat' dir='ltr'>unns</span> <span class='ocrx_word' id='word_1_31' title='bbox 907 1337 1006 1380; x_wconf 90' lang='lat' dir='ltr'>annus</span> <span class='ocrx_word' id='word_1_32' title='bbox 1029 1313 1176 1379; x_wconf 89' lang='lat' dir='ltr'>attulerit</span> <span class='ocrx_word' id='word_1_33' title='bbox 1198 1314 1389 1391; x_wconf 89' lang='lat' dir='ltr'>Ritschelio,</span> <span class='ocrx_word' id='word_1_34' title='bbox 1414 1321 1582 1400; x_wconf 86' lang='lat' dir='ltr'>postquam</span> <span class='ocrx_word' id='word_1_35' title='bbox 1599 1315 1746 1382; x_wconf 89' lang='lat' dir='ltr'>Iacobum</span> <span class='ocrx_word' id='word_1_36' title='bbox 1767 1317 1979 1403; x_wconf 83' lang='lat' dir='ltr'>Bernaysium</span> 
     </span>
     <span class='ocr_line' id='line_1_6' title="bbox 801 1421 1980 1505; baseline -0.002 -17"><span class='ocrx_word' id='word_1_37' title='bbox 801 1422 1035 1488; x_wconf 88' lang='lat' dir='ltr'>adulescentem</span> <span class='ocrx_word' id='word_1_38' title='bbox 1064 1423 1098 1485; x_wconf 91' lang='lat' dir='ltr'>in</span> <span class='ocrx_word' id='word_1_39' title='bbox 1129 1423 1231 1505; x_wconf 90' lang='lat' dir='ltr'>operis</span> <span class='ocrx_word' id='word_1_40' title='bbox 1262 1424 1446 1486; x_wconf 89' lang='lat' dir='ltr'>societatem</span> <span class='ocrx_word' id='word_1_41' title='bbox 1476 1421 1669 1487; x_wconf 80' lang='lat' dir='ltr'>adscivisset.</span> <span class='ocrx_word' id='word_1_42' title='bbox 1702 1423 1850 1486; x_wconf 90' lang='lat' dir='ltr'>Primum</span> <span class='ocrx_word' id='word_1_43' title='bbox 1872 1428 1980 1487; x_wconf 91' lang='lat' dir='ltr'>narrat</span> 
     </span>
     <span class='ocr_line' id='line_1_7' title="bbox 802 1527 1980 1614; baseline -0.001 -21"><span class='ocrx_word' id='word_1_44' title='bbox 802 1530 860 1593; x_wconf 93' lang='lat' dir='ltr'>hoc</span> <span class='ocrx_word' id='word_1_45' title='bbox 889 1550 1062 1614; x_wconf 89' lang='lat' dir='ltr'>paucorum</span> <span class='ocrx_word' id='word_1_46' title='bbox 1093 1531 1251 1593; x_wconf 87' lang='lat' dir='ltr'>mensium</span> <span class='ocrx_word' id='word_1_47' title='bbox 1282 1527 1450 1593; x_wconf 87' lang='lat' dir='ltr'>intervallo</span> <span class='ocrx_word' id='word_1_48' title='bbox 1481 1528 1618 1593; x_wconf 91' lang='lat' dir='ltr'>duorum</span> <span class='ocrx_word' id='word_1_49' title='bbox 1646 1529 1812 1593; x_wconf 88' lang='lat' dir='ltr'>doctorum</span> <span class='ocrx_word' id='word_1_50' title='bbox 1835 1530 1980 1593; x_wconf 87' lang='lat' dir='ltr'>virorum</span> 
     </span>
     <span class='ocr_line' id='line_1_8' title="bbox 800 1632 1981 1719; baseline 0 -20"><span class='ocrx_word' id='word_1_51' title='bbox 800 1636 919 1699; x_wconf 88' lang='lat' dir='ltr'>iudicia</span> <span class='ocrx_word' id='word_1_52' title='bbox 947 1635 1009 1699; x_wconf 91' lang='lat' dir='ltr'>sibi</span> <span class='ocrx_word' id='word_1_53' title='bbox 1035 1636 1226 1711; x_wconf 89' lang='lat' dir='ltr'>innotuisse,</span> <span class='ocrx_word' id='word_1_54' title='bbox 1258 1632 1371 1701; x_wconf 79' lang='lat' dir='ltr'>(lebeti</span> <span class='ocrx_word' id='word_1_55' title='bbox 1402 1642 1435 1699; x_wconf 90' lang='lat' dir='ltr'>et</span> <span class='ocrx_word' id='word_1_56' title='bbox 1464 1634 1638 1700; x_wconf 82' lang='lat' dir='ltr'>Sintenisii.</span> <span class='ocrx_word' id='word_1_57' title='bbox 1670 1634 1797 1700; x_wconf 85' lang='lat' dir='ltr'>Dixeris</span> <span class='ocrx_word' id='word_1_58' title='bbox 1820 1638 1851 1699; x_wconf 93' lang='lat' dir='ltr'>in</span> <span class='ocrx_word' id='word_1_59' title='bbox 1876 1638 1981 1719; x_wconf 91' lang='lat' dir='ltr'>priore</span> 
     </span>
     <span class='ocr_line' id='line_1_9' title="bbox 801 1739 1980 1828; baseline 0 -22"><span class='ocrx_word' id='word_1_60' title='bbox 801 1745 911 1826; x_wconf 91' lang='lat' dir='ltr'>utique</span> <span class='ocrx_word' id='word_1_61' title='bbox 940 1743 1205 1806; x_wconf 85' lang='lat' dir='ltr'>commentatione</span> <span class='ocrx_word' id='word_1_62' title='bbox 1228 1739 1441 1807; x_wconf 87' lang='lat' dir='ltr'>Ritschelium</span> <span class='ocrx_word' id='word_1_63' title='bbox 1466 1744 1542 1807; x_wconf 88' lang='lat' dir='ltr'>satis</span> <span class='ocrx_word' id='word_1_64' title='bbox 1565 1741 1732 1828; x_wconf 88' lang='lat' dir='ltr'>magnifice</span> <span class='ocrx_word' id='word_1_65' title='bbox 1756 1744 1917 1825; x_wconf 87' lang='lat' dir='ltr'>scripsisse</span> <span class='ocrx_word' id='word_1_66' title='bbox 1940 1740 1980 1806; x_wconf 89' lang='lat' dir='ltr'>de</span> 
     </span>
     <span class='ocr_line' id='line_1_10' title="bbox 802 1844 1981 1932; baseline -0.003 -18"><span class='ocrx_word' id='word_1_67' title='bbox 802 1845 915 1914; x_wconf 82' lang='lat' dir='ltr'>Codice</span> <span class='ocrx_word' id='word_1_68' title='bbox 937 1844 1101 1912; x_wconf 83' lang='lat' dir='ltr'>Ohisiano:</span> <span class='ocrx_word' id='word_1_69' title='bbox 1125 1868 1185 1911; x_wconf 93' lang='lat' dir='ltr'>non</span> <span class='ocrx_word' id='word_1_70' title='bbox 1209 1848 1286 1911; x_wconf 84' lang='lat' dir='ltr'>satis</span> <span class='ocrx_word' id='word_1_71' title='bbox 1310 1847 1368 1911; x_wconf 92' lang='lat' dir='ltr'>hoc</span> <span class='ocrx_word' id='word_1_72' title='bbox 1391 1847 1453 1911; x_wconf 88' lang='lat' dir='ltr'>fuit</span> <span class='ocrx_word' id='word_1_73' title='bbox 1472 1846 1658 1924; x_wconf 82' lang='lat' dir='ltr'>Sintenisio,</span> <span class='ocrx_word' id='word_1_74' title='bbox 1680 1848 1733 1932; x_wconf 87' lang='lat' dir='ltr'>qni</span> <span class='ocrx_word' id='word_1_75' title='bbox 1755 1846 1981 1932; x_wconf 89' lang='lat' dir='ltr'>„comprobato</span> 
     </span>
     <span class='ocr_line' id='line_1_11' title="bbox 801 1951 1980 2038; baseline -0.003 -19"><span class='ocrx_word' id='word_1_76' title='bbox 801 1975 837 2019; x_wconf 91' lang='lat' dir='ltr'>eo</span> <span class='ocrx_word' id='word_1_77' title='bbox 877 1952 996 2017; x_wconf 91' lang='lat' dir='ltr'>iudicio</span> <span class='ocrx_word' id='word_1_78' title='bbox 1037 1974 1098 2037; x_wconf 92' lang='lat' dir='ltr'>quo</span> <span class='ocrx_word' id='word_1_79' title='bbox 1138 1955 1352 2037; x_wconf 88' lang='lat' dir='ltr'>promiscuam</span> <span class='ocrx_word' id='word_1_80' title='bbox 1385 1951 1528 2019; x_wconf 84' lang='lat' dir='ltr'>(lhisiani</span> <span class='ocrx_word' id='word_1_81' title='bbox 1563 1952 1787 2038; x_wconf 91' lang='lat' dir='ltr'>Urbinatisque</span> <span class='ocrx_word' id='word_1_82' title='bbox 1822 1955 1980 2017; x_wconf 84' lang='lat' dir='ltr'>virtutem</span> 
     </span>
     <span class='ocr_line' id='line_1_12' title="bbox 801 2057 1980 2144; baseline 0.001 -22"><span class='ocrx_word' id='word_1_83' title='bbox 801 2058 959 2136; x_wconf 82' lang='lat' dir='ltr'>dixeram,</span> <span class='ocrx_word' id='word_1_84' title='bbox 983 2061 1017 2122; x_wconf 94' lang='lat' dir='ltr'>in</span> <span class='ocrx_word' id='word_1_85' title='bbox 1040 2080 1076 2123; x_wconf 92' lang='lat' dir='ltr'>eo</span> <span class='ocrx_word' id='word_1_86' title='bbox 1097 2064 1202 2122; x_wconf 91' lang='lat' dir='ltr'>tamen</span> <span class='ocrx_word' id='word_1_87' title='bbox 1222 2080 1255 2123; x_wconf 92' lang='lat' dir='ltr'>se</span> <span class='ocrx_word' id='word_1_88' title='bbox 1275 2059 1441 2123; x_wconf 86' lang='lat' dir='ltr'>dissentire</span> <span class='ocrx_word' id='word_1_89' title='bbox 1461 2059 1667 2144; x_wconf 85' lang='lat' dir='ltr'>significavit,</span> <span class='ocrx_word' id='word_1_90' title='bbox 1688 2057 1771 2142; x_wconf 92' lang='lat' dir='ltr'>qnod</span> <span class='ocrx_word' id='word_1_91' title='bbox 1790 2058 1884 2144; x_wconf 91' lang='lat' dir='ltr'>paulo</span> <span class='ocrx_word' id='word_1_92' title='bbox 1905 2057 1980 2143; x_wconf 90' lang='lat' dir='ltr'>plns</span> 
     </span>
     <span class='ocr_line' id='line_1_13' title="bbox 800 2161 1978 2250; baseline -0.002 -20"><span class='ocrx_word' id='word_1_93' title='bbox 800 2187 896 2250; x_wconf 90' lang='lat' dir='ltr'>quam</span> <span class='ocrx_word' id='word_1_94' title='bbox 928 2164 1108 2229; x_wconf 87' lang='lat' dir='ltr'>debuissem</span> <span class='ocrx_word' id='word_1_95' title='bbox 1142 2164 1290 2229; x_wconf 90' lang='lat' dir='ltr'>Urbinati</span> <span class='ocrx_word' id='word_1_96' title='bbox 1325 2165 1526 2242; x_wconf 90' lang='lat' dir='ltr'>tribuissem,</span> <span class='ocrx_word' id='word_1_97' title='bbox 1567 2164 1774 2229; x_wconf 82' lang='lat' dir='ltr'>detraxissem</span> <span class='ocrx_word' id='word_1_98' title='bbox 1810 2161 1978 2229; x_wconf 85' lang='lat' dir='ltr'>Ohisiano:</span> 
     </span>
     <span class='ocr_line' id='line_1_14' title="bbox 800 2269 1979 2356; baseline 0.001 -22"><span class='ocrx_word' id='word_1_99' title='bbox 800 2272 884 2336; x_wconf 90' lang='lat' dir='ltr'>hunc</span> <span class='ocrx_word' id='word_1_100' title='bbox 914 2273 999 2335; x_wconf 90' lang='lat' dir='ltr'>enim</span> <span class='ocrx_word' id='word_1_101' title='bbox 1029 2292 1091 2335; x_wconf 91' lang='lat' dir='ltr'>non</span> <span class='ocrx_word' id='word_1_102' title='bbox 1121 2275 1247 2334; x_wconf 91' lang='lat' dir='ltr'>tantum</span> <span class='ocrx_word' id='word_1_103' title='bbox 1278 2272 1312 2334; x_wconf 91' lang='lat' dir='ltr'>in</span> <span class='ocrx_word' id='word_1_104' title='bbox 1343 2269 1479 2356; x_wconf 90' lang='lat' dir='ltr'>singulis</span> <span class='ocrx_word' id='word_1_105' title='bbox 1503 2269 1691 2356; x_wconf 89' lang='lat' dir='ltr'>diligentius</span> <span class='ocrx_word' id='word_1_106' title='bbox 1714 2274 1870 2356; x_wconf 90' lang='lat' dir='ltr'>scriptum</span> <span class='ocrx_word' id='word_1_107' title='bbox 1893 2291 1979 2346; x_wconf 91' lang='lat' dir='ltr'>esse,</span> 
     </span>
     <span class='ocr_line' id='line_1_15' title="bbox 801 2375 1980 2462; baseline -0.003 -20"><span class='ocrx_word' id='word_1_108' title='bbox 801 2378 854 2442; x_wconf 91' lang='lat' dir='ltr'>sed</span> <span class='ocrx_word' id='word_1_109' title='bbox 882 2380 981 2442; x_wconf 90' lang='lat' dir='ltr'>etiam</span> <span class='ocrx_word' id='word_1_110' title='bbox 1010 2376 1049 2441; x_wconf 89' lang='lat' dir='ltr'>ab</span> <span class='ocrx_word' id='word_1_111' title='bbox 1079 2379 1125 2441; x_wconf 92' lang='lat' dir='ltr'>eis</span> <span class='ocrx_word' id='word_1_112' title='bbox 1156 2375 1452 2461; x_wconf 88' lang='lat' dir='ltr'>interpolationibus</span> <span class='ocrx_word' id='word_1_113' title='bbox 1473 2376 1628 2453; x_wconf 88' lang='lat' dir='ltr'>liberum,</span> <span class='ocrx_word' id='word_1_114' title='bbox 1653 2377 1767 2462; x_wconf 91' lang='lat' dir='ltr'>quibus</span> <span class='ocrx_word' id='word_1_115' title='bbox 1790 2375 1980 2440; x_wconf 89' lang='lat' dir='ltr'>Urbinatem</span> 
     </span>
     <span class='ocr_line' id='line_1_16' title="bbox 800 2481 1981 2567; baseline -0.003 -19"><span class='ocrx_word' id='word_1_116' title='bbox 800 2483 941 2549; x_wconf 90' lang='lat' dir='ltr'>laborare</span> <span class='ocrx_word' id='word_1_117' title='bbox 970 2488 1053 2547; x_wconf 86' lang='lat' dir='ltr'>recte</span> <span class='ocrx_word' id='word_1_118' title='bbox 1083 2484 1151 2567; x_wconf 91' lang='lat' dir='ltr'>ipse</span> <span class='ocrx_word' id='word_1_119' title='bbox 1181 2482 1341 2546; x_wconf 82' lang='lat' dir='ltr'>dixissem.</span> <span class='ocrx_word' id='word_1_120' title='bbox 1372 2482 1452 2548; x_wconf 80' lang='lat' dir='ltr'>Vere</span> <span class='ocrx_word' id='word_1_121' title='bbox 1479 2481 1535 2547; x_wconf 91' lang='lat' dir='ltr'>ille</span> <span class='ocrx_word' id='word_1_122' title='bbox 1565 2482 1694 2567; x_wconf 91' lang='lat' dir='ltr'>quidem</span> <span class='ocrx_word' id='word_1_123' title='bbox 1724 2490 1914 2566; x_wconf 88' lang='lat' dir='ltr'>utrumqne:</span> <span class='ocrx_word' id='word_1_124' title='bbox 1948 2488 1981 2545; x_wconf 90' lang='lat' dir='ltr'>et</span> 
     </span>
     <span class='ocr_line' id='line_1_17' title="bbox 802 2585 1980 2672; baseline -0.001 -20"><span class='ocrx_word' id='word_1_125' title='bbox 802 2596 906 2654; x_wconf 89' lang='lat' dir='ltr'>tamen</span> <span class='ocrx_word' id='word_1_126' title='bbox 944 2588 981 2652; x_wconf 93' lang='lat' dir='ltr'>de</span> <span class='ocrx_word' id='word_1_127' title='bbox 1019 2587 1171 2653; x_wconf 90' lang='lat' dir='ltr'>Urbinate</span> <span class='ocrx_word' id='word_1_128' title='bbox 1207 2587 1310 2652; x_wconf 89' lang='lat' dir='ltr'>multo</span> <span class='ocrx_word' id='word_1_129' title='bbox 1346 2609 1442 2672; x_wconf 89' lang='lat' dir='ltr'>quam</span> <span class='ocrx_word' id='word_1_130' title='bbox 1472 2609 1609 2672; x_wconf 89' lang='lat' dir='ltr'>aequum</span> <span class='ocrx_word' id='word_1_131' title='bbox 1639 2589 1702 2652; x_wconf 88' lang='lat' dir='ltr'>fuit</span> <span class='ocrx_word' id='word_1_132' title='bbox 1732 2585 1980 2672; x_wconf 87' lang='lat' dir='ltr'>contemptius.”</span> 
     </span>
     <span class='ocr_line' id='line_1_18' title="bbox 801 2693 1978 2780; baseline -0.002 -21"><span class='ocrx_word' id='word_1_133' title='bbox 801 2695 902 2759; x_wconf 91' lang='lat' dir='ltr'>Miror</span> <span class='ocrx_word' id='word_1_134' title='bbox 932 2696 992 2758; x_wconf 92' lang='lat' dir='ltr'>hoc</span> <span class='ocrx_word' id='word_1_135' title='bbox 1022 2693 1189 2759; x_wconf 90' lang='lat' dir='ltr'>Ritsohelii</span> <span class='ocrx_word' id='word_1_136' title='bbox 1220 2694 1394 2772; x_wconf 90' lang='lat' dir='ltr'>iudicium,</span> <span class='ocrx_word' id='word_1_137' title='bbox 1427 2696 1483 2779; x_wconf 90' lang='lat' dir='ltr'>qui</span> <span class='ocrx_word' id='word_1_138' title='bbox 1512 2699 1618 2759; x_wconf 90' lang='lat' dir='ltr'>tamen</span> <span class='ocrx_word' id='word_1_139' title='bbox 1642 2701 1715 2760; x_wconf 91' lang='lat' dir='ltr'>ante</span> <span class='ocrx_word' id='word_1_140' title='bbox 1738 2698 1922 2780; x_wconf 90' lang='lat' dir='ltr'>scripserat,</span> <span class='ocrx_word' id='word_1_141' title='bbox 1947 2715 1978 2778; x_wconf 95' lang='lat' dir='ltr'>p.</span> 
     </span>
     <span class='ocr_line' id='line_1_19' title="bbox 801 2798 1981 2878; baseline -0.003 -12"><span class='ocrx_word' id='word_1_142' title='bbox 801 2808 849 2866; x_wconf 89' lang='lat' dir='ltr'>est</span> <span class='ocrx_word' id='word_1_143' title='bbox 873 2799 955 2866; x_wconf 77' lang='lat'>487:</span> <span class='ocrx_word' id='word_1_144' title='bbox 989 2800 1112 2878; x_wconf 88' lang='lat' dir='ltr'>„Maior</span> <span class='ocrx_word' id='word_1_145' title='bbox 1141 2803 1175 2864; x_wconf 91' lang='lat' dir='ltr'>in</span> <span class='ocrx_word' id='word_1_146' title='bbox 1204 2798 1353 2867; x_wconf 80' lang='lat' dir='ltr'>Ghisiano</span> <span class='ocrx_word' id='word_1_147' title='bbox 1378 2806 1426 2864; x_wconf 95' lang='lat' dir='ltr'>est</span> <span class='ocrx_word' id='word_1_148' title='bbox 1448 2801 1619 2877; x_wconf 91' lang='lat' dir='ltr'>bonarum,</span> <span class='ocrx_word' id='word_1_149' title='bbox 1642 2802 1676 2864; x_wconf 94' lang='lat' dir='ltr'>in</span> <span class='ocrx_word' id='word_1_150' title='bbox 1700 2799 1853 2865; x_wconf 90' lang='lat' dir='ltr'>Urbinate</span> <span class='ocrx_word' id='word_1_151' title='bbox 1876 2802 1981 2864; x_wconf 90' lang='lat' dir='ltr'>maior</span> 
     </span>
     <span class='ocr_line' id='line_1_20' title="bbox 801 2904 1977 2992; baseline -0.003 -20"><span class='ocrx_word' id='word_1_152' title='bbox 801 2928 952 2972; x_wconf 88' lang='lat' dir='ltr'>numerus</span> <span class='ocrx_word' id='word_1_153' title='bbox 979 2928 1150 2992; x_wconf 86' lang='lat' dir='ltr'>pravarum</span> <span class='ocrx_word' id='word_1_154' title='bbox 1173 2907 1435 2992; x_wconf 86' lang='lat' dir='ltr'>scripturarum.”</span> <span class='ocrx_word' id='word_1_155' title='bbox 1460 2906 1575 2971; x_wconf 89' lang='lat' dir='ltr'>Itidem</span> <span class='ocrx_word' id='word_1_156' title='bbox 1598 2928 1628 2991; x_wconf 95' lang='lat' dir='ltr'>p.</span> <span class='ocrx_word' id='word_1_157' title='bbox 1655 2905 1734 2971; x_wconf 78' lang='lat'>488:</span> <span class='ocrx_word' id='word_1_158' title='bbox 1760 2908 1809 2983; x_wconf 87' lang='lat' dir='ltr'>„A</span> <span class='ocrx_word' id='word_1_159' title='bbox 1833 2904 1977 2973; x_wconf 71' lang='lat' dir='ltr'>chisiani</span> 
     </span>
     <span class='ocr_line' id='line_1_21' title="bbox 800 3012 1979 3100; baseline -0.003 -20"><span class='ocrx_word' id='word_1_160' title='bbox 800 3020 888 3100; x_wconf 91' lang='lat' dir='ltr'>parte</span> <span class='ocrx_word' id='word_1_161' title='bbox 912 3019 1033 3079; x_wconf 88' lang='lat' dir='ltr'>stamus</span> <span class='ocrx_word' id='word_1_162' title='bbox 1056 3013 1209 3099; x_wconf 90' lang='lat' dir='ltr'>quamdiu</span> <span class='ocrx_word' id='word_1_163' title='bbox 1232 3034 1417 3099; x_wconf 87' lang='lat' dir='ltr'>possumus,</span> <span class='ocrx_word' id='word_1_164' title='bbox 1442 3033 1498 3078; x_wconf 88' lang='lat' dir='ltr'>nec</span> <span class='ocrx_word' id='word_1_165' title='bbox 1520 3019 1627 3078; x_wconf 89' lang='lat' dir='ltr'>tamen</span> <span class='ocrx_word' id='word_1_166' title='bbox 1652 3033 1800 3078; x_wconf 86' lang='lat' dir='ltr'>veremur</span> <span class='ocrx_word' id='word_1_167' title='bbox 1822 3012 1861 3077; x_wconf 87' lang='lat' dir='ltr'>ad</span> <span class='ocrx_word' id='word_1_168' title='bbox 1887 3012 1979 3077; x_wconf 91' lang='lat' dir='ltr'>Urbi·</span> 
     </span>
     <span class='ocr_line' id='line_1_22' title="bbox 800 3117 1979 3206; baseline -0.002 -21"><span class='ocrx_word' id='word_1_169' title='bbox 800 3124 883 3186; x_wconf 91' lang='lat' dir='ltr'>natis</span> <span class='ocrx_word' id='word_1_170' title='bbox 914 3121 1009 3185; x_wconf 83' lang='lat' dir='ltr'>tidem</span> <span class='ocrx_word' id='word_1_171' title='bbox 1040 3121 1225 3206; x_wconf 81' lang='lat' dir='ltr'>confugere,</span> <span class='ocrx_word' id='word_1_172' title='bbox 1257 3122 1450 3204; x_wconf 89' lang='lat' dir='ltr'>ubicumque</span> <span class='ocrx_word' id='word_1_173' title='bbox 1473 3119 1596 3204; x_wconf 83' lang='lat' dir='ltr'>idipso</span> <span class='ocrx_word' id='word_1_174' title='bbox 1620 3122 1700 3184; x_wconf 89' lang='lat' dir='ltr'>ratio</span> <span class='ocrx_word' id='word_1_175' title='bbox 1724 3119 1777 3184; x_wconf 87' lang='lat' dir='ltr'>vel</span> <span class='ocrx_word' id='word_1_176' title='bbox 1800 3121 1901 3204; x_wconf 89' lang='lat' dir='ltr'>poscit</span> <span class='ocrx_word' id='word_1_177' title='bbox 1925 3117 1979 3183; x_wconf 87' lang='lat' dir='ltr'>vel</span> 
     </span>
     <span class='ocr_line' id='line_1_23' title="bbox 799 3224 1980 3312; baseline -0.004 -20"><span class='ocrx_word' id='word_1_178' title='bbox 799 3248 1038 3312; x_wconf 92' lang='lat' dir='ltr'>nonnumquam</span> <span class='ocrx_word' id='word_1_179' title='bbox 1069 3232 1194 3291; x_wconf 90' lang='lat' dir='ltr'>tantum</span> <span class='ocrx_word' id='word_1_180' title='bbox 1219 3226 1363 3291; x_wconf 89' lang='lat' dir='ltr'>suadet.’&#39;</span> <span class='ocrx_word' id='word_1_181' title='bbox 1391 3226 1453 3290; x_wconf 80' lang='lat' dir='ltr'>Vix</span> <span class='ocrx_word' id='word_1_182' title='bbox 1474 3224 1620 3311; x_wconf 89' lang='lat' dir='ltr'>intelligo</span> <span class='ocrx_word' id='word_1_183' title='bbox 1644 3246 1705 3309; x_wconf 91' lang='lat' dir='ltr'>quo</span> <span class='ocrx_word' id='word_1_184' title='bbox 1730 3231 1819 3310; x_wconf 88' lang='lat' dir='ltr'>pacto</span> <span class='ocrx_word' id='word_1_185' title='bbox 1843 3224 1980 3289; x_wconf 84' lang='lat' dir='ltr'>Sinteni-</span> 
     </span>
     <span class='ocr_line' id='line_1_24' title="bbox 799 3330 1979 3418; baseline -0.003 -21"><span class='ocrx_word' id='word_1_186' title='bbox 799 3337 864 3398; x_wconf 92' lang='lat' dir='ltr'>sius</span> <span class='ocrx_word' id='word_1_187' title='bbox 892 3337 924 3397; x_wconf 91' lang='lat' dir='ltr'>in</span> <span class='ocrx_word' id='word_1_188' title='bbox 948 3355 984 3398; x_wconf 89' lang='lat' dir='ltr'>ea</span> <span class='ocrx_word' id='word_1_189' title='bbox 1007 3335 1153 3418; x_wconf 91' lang='lat' dir='ltr'>opinione</span> <span class='ocrx_word' id='word_1_190' title='bbox 1175 3336 1209 3396; x_wconf 93' lang='lat' dir='ltr'>in</span> <span class='ocrx_word' id='word_1_191' title='bbox 1233 3353 1295 3417; x_wconf 89' lang='lat' dir='ltr'>qua</span> <span class='ocrx_word' id='word_1_192' title='bbox 1318 3339 1388 3395; x_wconf 80' lang='lat' dir='ltr'>trcnc</span> <span class='ocrx_word' id='word_1_193' title='bbox 1411 3336 1493 3409; x_wconf 89' lang='lat' dir='ltr'>erat,</span> <span class='ocrx_word' id='word_1_194' title='bbox 1517 3330 1685 3397; x_wconf 81' lang='lat' dir='ltr'>Ritsohelii</span> <span class='ocrx_word' id='word_1_195' title='bbox 1710 3334 1847 3396; x_wconf 91' lang='lat' dir='ltr'>rationes</span> <span class='ocrx_word' id='word_1_196' title='bbox 1870 3330 1979 3415; x_wconf 90' lang='lat' dir='ltr'>proba-</span> 
     </span>
     <span class='ocr_line' id='line_1_25' title="bbox 799 3435 1978 3525; baseline -0.003 -21"><span class='ocrx_word' id='word_1_197' title='bbox 799 3439 906 3504; x_wconf 88' lang='lat' dir='ltr'>biliter</span> <span class='ocrx_word' id='word_1_198' title='bbox 924 3443 1114 3525; x_wconf 88' lang='lat' dir='ltr'>impugnare</span> <span class='ocrx_word' id='word_1_199' title='bbox 1133 3441 1292 3524; x_wconf 89' lang='lat' dir='ltr'>potuerit,</span> <span class='ocrx_word' id='word_1_200' title='bbox 1313 3460 1368 3503; x_wconf 91' lang='lat' dir='ltr'>nec</span> <span class='ocrx_word' id='word_1_201' title='bbox 1388 3441 1493 3524; x_wconf 90' lang='lat' dir='ltr'>magis</span> <span class='ocrx_word' id='word_1_202' title='bbox 1513 3437 1605 3503; x_wconf 85' lang='lat' dir='ltr'>video</span> <span class='ocrx_word' id='word_1_203' title='bbox 1627 3439 1769 3523; x_wconf 90' lang='lat' dir='ltr'>quoiure</span> <span class='ocrx_word' id='word_1_204' title='bbox 1781 3435 1978 3501; x_wconf 86' lang='lat' dir='ltr'>Ritsohelius</span> 
     </span>
     <span class='ocr_line' id='line_1_26' title="bbox 800 3541 1978 3631; baseline -0.003 -22"><span class='ocrx_word' id='word_1_205' title='bbox 800 3555 869 3610; x_wconf 77' lang='lat' dir='ltr'>trcrrc</span> <span class='ocrx_word' id='word_1_206' title='bbox 898 3546 1025 3631; x_wconf 90' lang='lat' dir='ltr'>quidem</span> <span class='ocrx_word' id='word_1_207' title='bbox 1049 3545 1082 3609; x_wconf 94' lang='lat' dir='ltr'>id</span> <span class='ocrx_word' id='word_1_208' title='bbox 1105 3566 1248 3630; x_wconf 90' lang='lat' dir='ltr'>regerere</span> <span class='ocrx_word' id='word_1_209' title='bbox 1271 3547 1412 3629; x_wconf 91' lang='lat' dir='ltr'>potuerit</span> <span class='ocrx_word' id='word_1_210' title='bbox 1436 3544 1518 3627; x_wconf 92' lang='lat' dir='ltr'>quod</span> <span class='ocrx_word' id='word_1_211' title='bbox 1543 3543 1737 3608; x_wconf 86' lang='lat' dir='ltr'>audivimus.</span> <span class='ocrx_word' id='word_1_212' title='bbox 1759 3541 1821 3608; x_wconf 81' lang='lat' dir='ltr'>Sed</span> <span class='ocrx_word' id='word_1_213' title='bbox 1845 3563 1978 3607; x_wconf 90' lang='lat' dir='ltr'>suorum</span> 
     </span>
     <span class='ocr_line' id='line_1_27' title="bbox 799 3650 1978 3738; baseline -0.004 -21"><span class='ocrx_word' id='word_1_214' title='bbox 799 3656 931 3738; x_wconf 89' lang='lat' dir='ltr'>quisque</span> <span class='ocrx_word' id='word_1_215' title='bbox 954 3652 1122 3716; x_wconf 88' lang='lat' dir='ltr'>verborum</span> <span class='ocrx_word' id='word_1_216' title='bbox 1146 3653 1288 3736; x_wconf 89' lang='lat' dir='ltr'>optimus</span> <span class='ocrx_word' id='word_1_217' title='bbox 1311 3654 1465 3734; x_wconf 88' lang='lat' dir='ltr'>interpres</span> <span class='ocrx_word' id='word_1_218' title='bbox 1485 3658 1583 3714; x_wconf 88' lang='lat' dir='ltr'>estet</span> <span class='ocrx_word' id='word_1_219' title='bbox 1603 3656 1762 3735; x_wconf 90' lang='lat' dir='ltr'>praeterea</span> <span class='ocrx_word' id='word_1_220' title='bbox 1783 3650 1878 3714; x_wconf 86' lang='lat' dir='ltr'>verba</span> <span class='ocrx_word' id='word_1_221' title='bbox 1897 3669 1978 3733; x_wconf 87' lang='lat' dir='ltr'>quae</span> 
     </span>
     <span class='ocr_line' id='line_1_28' title="bbox 798 3753 1978 3842; baseline -0.003 -20"><span class='ocrx_word' id='word_1_222' title='bbox 798 3758 945 3834; x_wconf 85' lang='lat' dir='ltr'>laudavi,</span> <span class='ocrx_word' id='word_1_223' title='bbox 977 3760 1093 3842; x_wconf 88' lang='lat' dir='ltr'>scripta</span> <span class='ocrx_word' id='word_1_224' title='bbox 1123 3758 1247 3822; x_wconf 88' lang='lat' dir='ltr'>fuerant</span> <span class='ocrx_word' id='word_1_225' title='bbox 1269 3778 1350 3820; x_wconf 83' lang='lat' dir='ltr'>anno</span> <span class='ocrx_word' id='word_1_226' title='bbox 1376 3754 1461 3820; x_wconf 82' lang='lat'>1838</span> <span class='ocrx_word' id='word_1_227' title='bbox 1469 3777 1476 3832; x_wconf 95' lang='lat'>;</span> <span class='ocrx_word' id='word_1_228' title='bbox 1503 3761 1572 3820; x_wconf 87' lang='grc'><strong>1111</strong></span> <span class='ocrx_word' id='word_1_229' title='bbox 1596 3759 1685 3819; x_wconf 88' lang='lat' dir='ltr'>annis</span> <span class='ocrx_word' id='word_1_230' title='bbox 1708 3761 1797 3840; x_wconf 91' lang='lat' dir='ltr'>post,</span> <span class='ocrx_word' id='word_1_231' title='bbox 1820 3758 1854 3818; x_wconf 93' lang='lat' dir='ltr'>in</span> <span class='ocrx_word' id='word_1_232' title='bbox 1877 3753 1978 3818; x_wconf 87' lang='lat' dir='ltr'>altera</span> 
     </span>
     <span class='ocr_line' id='line_1_29' title="bbox 798 3859 1978 3945; baseline -0.006 -15"><span class='ocrx_word' id='word_1_233' title='bbox 798 3866 1061 3930; x_wconf 91' lang='lat' dir='ltr'>commentatione</span> <span class='ocrx_word' id='word_1_234' title='bbox 1092 3865 1157 3926; x_wconf 86' lang='lat' dir='ltr'>iam</span> <span class='ocrx_word' id='word_1_235' title='bbox 1180 3862 1297 3927; x_wconf 84' lang='lat' dir='ltr'>elevari</span> <span class='ocrx_word' id='word_1_236' title='bbox 1321 3863 1424 3945; x_wconf 90' lang='lat' dir='ltr'>coepit</span> <span class='ocrx_word' id='word_1_237' title='bbox 1446 3859 1587 3927; x_wconf 85' lang='lat' dir='ltr'>Ohisiani</span> <span class='ocrx_word' id='word_1_238' title='bbox 1610 3860 1685 3925; x_wconf 88' lang='lat' dir='ltr'>libri</span> <span class='ocrx_word' id='word_1_239' title='bbox 1709 3863 1895 3937; x_wconf 88' lang='lat' dir='ltr'>auctoritas,</span> <span class='ocrx_word' id='word_1_240' title='bbox 1919 3859 1978 3924; x_wconf 90' lang='lat' dir='ltr'>Ur·</span> 
     </span>
     <span class='ocr_line' id='line_1_30' title="bbox 798 3963 1976 4052; baseline -0.006 -17"><span class='ocrx_word' id='word_1_241' title='bbox 798 3973 887 4035; x_wconf 89' lang='lat' dir='ltr'>binas</span> <span class='ocrx_word' id='word_1_242' title='bbox 916 3975 1023 4035; x_wconf 93' lang='lat' dir='ltr'>autem</span> <span class='ocrx_word' id='word_1_243' title='bbox 1055 3969 1119 4033; x_wconf 89' lang='lat' dir='ltr'>fere</span> <span class='ocrx_word' id='word_1_244' title='bbox 1150 3968 1259 4032; x_wconf 92' lang='lat' dir='ltr'>ecdem</span> <span class='ocrx_word' id='word_1_245' title='bbox 1291 3968 1426 4031; x_wconf 88' lang='lat' dir='ltr'>habetur</span> <span class='ocrx_word' id='word_1_246' title='bbox 1455 3966 1523 4032; x_wconf 92' lang='lat' dir='ltr'>loco</span> <span class='ocrx_word' id='word_1_247' title='bbox 1555 3988 1590 4031; x_wconf 90' lang='lat' dir='ltr'>ac</span> <span class='ocrx_word' id='word_1_248' title='bbox 1620 3969 1739 4052; x_wconf 89' lang='lat' dir='ltr'>pretio;</span> <span class='ocrx_word' id='word_1_249' title='bbox 1764 3988 1794 4051; x_wconf 91' lang='lat' dir='ltr'>p.</span> <span class='ocrx_word' id='word_1_250' title='bbox 1819 3972 1867 4031; x_wconf 89' lang='lat' dir='ltr'>est</span> <span class='ocrx_word' id='word_1_251' title='bbox 1890 3963 1976 4029; x_wconf 79' lang='lat'>492:</span> 
     </span>
     <span class='ocr_line' id='line_1_31' title="bbox 798 4071 1976 4161; baseline -0.005 -20"><span class='ocrx_word' id='word_1_252' title='bbox 798 4077 905 4155; x_wconf 84' lang='lat' dir='ltr'>,Mira</span> <span class='ocrx_word' id='word_1_253' title='bbox 927 4075 1063 4161; x_wconf 89' lang='lat' dir='ltr'>quadam</span> <span class='ocrx_word' id='word_1_254' title='bbox 1086 4082 1117 4139; x_wconf 91' lang='lat' dir='ltr'>et</span> <span class='ocrx_word' id='word_1_255' title='bbox 1140 4073 1363 4159; x_wconf 88' lang='lat' dir='ltr'>aequabilitate</span> <span class='ocrx_word' id='word_1_256' title='bbox 1387 4080 1419 4139; x_wconf 90' lang='lat' dir='ltr'>et</span> <span class='ocrx_word' id='word_1_257' title='bbox 1441 4076 1594 4138; x_wconf 85' lang='lat' dir='ltr'>varietate</span> <span class='ocrx_word' id='word_1_258' title='bbox 1617 4073 1669 4138; x_wconf 86' lang='lat' dir='ltr'>vel</span> <span class='ocrx_word' id='word_1_259' title='bbox 1689 4076 1796 4158; x_wconf 92' lang='lat' dir='ltr'>potius</span> <span class='ocrx_word' id='word_1_260' title='bbox 1815 4071 1976 4157; x_wconf 90' lang='lat' dir='ltr'>aequabili</span> 
     </span>
     <span class='ocr_line' id='line_1_32' title="bbox 796 4179 1977 4266; baseline -0.005 -18"><span class='ocrx_word' id='word_1_261' title='bbox 796 4185 948 4248; x_wconf 85' lang='lat' dir='ltr'>varietate</span> <span class='ocrx_word' id='word_1_262' title='bbox 971 4203 1026 4266; x_wconf 93' lang='lat' dir='ltr'>per</span> <span class='ocrx_word' id='word_1_263' title='bbox 1049 4182 1196 4244; x_wconf 90' lang='lat' dir='ltr'>binorum</span> <span class='ocrx_word' id='word_1_264' title='bbox 1216 4182 1349 4244; x_wconf 90' lang='lat' dir='ltr'>testium</span> <span class='ocrx_word' id='word_1_265' title='bbox 1368 4182 1452 4244; x_wconf 90' lang='lat' dir='ltr'>inter</span> <span class='ocrx_word' id='word_1_266' title='bbox 1470 4200 1502 4244; x_wconf 92' lang='lat' dir='ltr'>se</span> <span class='ocrx_word' id='word_1_267' title='bbox 1522 4179 1769 4264; x_wconf 87' lang='lat' dir='ltr'>discrepantium</span> <span class='ocrx_word' id='word_1_268' title='bbox 1787 4181 1977 4243; x_wconf 89' lang='lat' dir='ltr'>memoriam</span> 
     </span>
     <span class='ocr_line' id='line_1_33' title="bbox 796 4284 1977 4371; baseline -0.003 -18"><span class='ocrx_word' id='word_1_269' title='bbox 796 4289 873 4354; x_wconf 88' lang='lat' dir='ltr'>fides</span> <span class='ocrx_word' id='word_1_270' title='bbox 893 4289 1062 4355; x_wconf 82' lang='lat' dir='ltr'>verborum</span> <span class='ocrx_word' id='word_1_271' title='bbox 1081 4287 1351 4371; x_wconf 88' lang='lat' dir='ltr'>Dionysianorum</span> <span class='ocrx_word' id='word_1_272' title='bbox 1371 4292 1522 4371; x_wconf 87' lang='lat' dir='ltr'>tanquam</span> <span class='ocrx_word' id='word_1_273' title='bbox 1542 4285 1653 4350; x_wconf 89' lang='lat' dir='ltr'>diffusa</span> <span class='ocrx_word' id='word_1_274' title='bbox 1664 4293 1721 4350; x_wconf 88' lang='lat' dir='ltr'>est.</span> <span class='ocrx_word' id='word_1_275' title='bbox 1742 4284 1832 4365; x_wconf 79' lang='lat' dir='ltr'>Quod</span> <span class='ocrx_word' id='word_1_276' title='bbox 1844 4291 1977 4369; x_wconf 87' lang='lat' dir='ltr'>apparet</span> 
     </span>
     <span class='ocr_line' id='line_1_34' title="bbox 796 4391 1978 4480; baseline -0.003 -21"><span class='ocrx_word' id='word_1_277' title='bbox 796 4417 858 4460; x_wconf 93' lang='lat' dir='ltr'>non</span> <span class='ocrx_word' id='word_1_278' title='bbox 888 4416 979 4480; x_wconf 90' lang='lat' dir='ltr'>posse</span> <span class='ocrx_word' id='word_1_279' title='bbox 1007 4396 1126 4458; x_wconf 92' lang='lat' dir='ltr'>nonin</span> <span class='ocrx_word' id='word_1_280' title='bbox 1149 4414 1242 4458; x_wconf 83' lang='lat' dir='ltr'>causa</span> <span class='ocrx_word' id='word_1_281' title='bbox 1264 4414 1347 4471; x_wconf 89' lang='lat' dir='ltr'>esse,</span> <span class='ocrx_word' id='word_1_282' title='bbox 1372 4414 1428 4457; x_wconf 90' lang='lat' dir='ltr'>cur</span> <span class='ocrx_word' id='word_1_283' title='bbox 1451 4397 1575 4476; x_wconf 89' lang='lat' dir='ltr'>saepius</span> <span class='ocrx_word' id='word_1_284' title='bbox 1599 4413 1694 4477; x_wconf 93' lang='lat' dir='ltr'>quam</span> <span class='ocrx_word' id='word_1_285' title='bbox 1718 4391 1818 4457; x_wconf 84' lang='lat' dir='ltr'>velles</span> <span class='ocrx_word' id='word_1_286' title='bbox 1841 4391 1978 4456; x_wconf 90' lang='lat' dir='ltr'>fluctuet</span> 
     </span>
     <span class='ocr_line' id='line_1_35' title="bbox 795 4498 1976 4585; baseline -0.003 -20"><span class='ocrx_word' id='word_1_287' title='bbox 795 4501 951 4565; x_wconf 92' lang='lat' dir='ltr'>iudicium</span> <span class='ocrx_word' id='word_1_288' title='bbox 975 4501 1073 4585; x_wconf 90' lang='lat' dir='ltr'>deque</span> <span class='ocrx_word' id='word_1_289' title='bbox 1096 4499 1209 4564; x_wconf 91' lang='lat' dir='ltr'>multis</span> <span class='ocrx_word' id='word_1_290' title='bbox 1233 4501 1398 4584; x_wconf 88' lang='lat' dir='ltr'>scripturis</span> <span class='ocrx_word' id='word_1_291' title='bbox 1421 4501 1453 4562; x_wconf 91' lang='lat' dir='ltr'>in</span> <span class='ocrx_word' id='word_1_292' title='bbox 1479 4504 1646 4583; x_wconf 90' lang='lat' dir='ltr'>utramque</span> <span class='ocrx_word' id='word_1_293' title='bbox 1670 4504 1794 4583; x_wconf 90' lang='lat' dir='ltr'>partem</span> <span class='ocrx_word' id='word_1_294' title='bbox 1818 4498 1976 4581; x_wconf 88' lang='lat' dir='ltr'>disputari</span> 
     </span>
     <span class='ocr_line' id='line_1_36' title="bbox 796 4603 1978 4692; baseline -0.002 -21"><span class='ocrx_word' id='word_1_295' title='bbox 796 4609 898 4692; x_wconf 89' lang='lat' dir='ltr'>possit</span> <span class='ocrx_word' id='word_1_296' title='bbox 919 4610 987 4690; x_wconf 92' lang='lat' dir='ltr'>pari</span> <span class='ocrx_word' id='word_1_297' title='bbox 1009 4603 1262 4691; x_wconf 87' lang='lat' dir='ltr'>probabilitate.’&#39;</span> <span class='ocrx_word' id='word_1_298' title='bbox 1287 4603 1348 4670; x_wconf 82' lang='lat' dir='ltr'>Sed</span> <span class='ocrx_word' id='word_1_299' title='bbox 1367 4607 1464 4670; x_wconf 89' lang='lat' dir='ltr'>misso</span> <span class='ocrx_word' id='word_1_300' title='bbox 1484 4604 1670 4685; x_wconf 85' lang='lat' dir='ltr'>Sintenisio,</span> <span class='ocrx_word' id='word_1_301' title='bbox 1691 4606 1746 4688; x_wconf 93' lang='lat' dir='ltr'>qui</span> <span class='ocrx_word' id='word_1_302' title='bbox 1765 4607 1832 4688; x_wconf 89' lang='lat' dir='ltr'>ipse</span> <span class='ocrx_word' id='word_1_303' title='bbox 1852 4625 1978 4689; x_wconf 92' lang='lat' dir='ltr'>quoque</span> 
     </span>
     <span class='ocr_line' id='line_1_37' title="bbox 797 4710 1975 4798; baseline -0.002 -20"><span class='ocrx_word' id='word_1_304' title='bbox 797 4717 904 4798; x_wconf 89' lang='lat' dir='ltr'>postea</span> <span class='ocrx_word' id='word_1_305' title='bbox 934 4710 1074 4777; x_wconf 84' lang='lat' dir='ltr'>Ohisiani</span> <span class='ocrx_word' id='word_1_306' title='bbox 1103 4710 1177 4776; x_wconf 90' lang='lat' dir='ltr'>libri</span> <span class='ocrx_word' id='word_1_307' title='bbox 1208 4713 1422 4795; x_wconf 88' lang='lat' dir='ltr'>patrocinium</span> <span class='ocrx_word' id='word_1_308' title='bbox 1445 4710 1600 4786; x_wconf 89' lang='lat' dir='ltr'>deseruit,</span> <span class='ocrx_word' id='word_1_309' title='bbox 1626 4710 1789 4775; x_wconf 89' lang='lat' dir='ltr'>sciendum</span> <span class='ocrx_word' id='word_1_310' title='bbox 1813 4715 1860 4774; x_wconf 91' lang='grc'>111</span> <span class='ocrx_word' id='word_1_311' title='bbox 1883 4711 1975 4776; x_wconf 86' lang='lat' dir='ltr'>brevi</span> 
     </span>
     <span class='ocr_line' id='line_1_38' title="bbox 798 4815 1975 4903; baseline -0.001 -21"><span class='ocrx_word' id='word_1_312' title='bbox 798 4826 963 4903; x_wconf 89' lang='lat' dir='ltr'>postquam</span> <span class='ocrx_word' id='word_1_313' title='bbox 994 4838 1073 4882; x_wconf 90' lang='lat' dir='ltr'>anno</span> <span class='ocrx_word' id='word_1_314' title='bbox 1106 4816 1192 4882; x_wconf 89' lang='grc'><strong>1846</strong></span> <span class='ocrx_word' id='word_1_315' title='bbox 1224 4817 1377 4903; x_wconf 88' lang='lat' dir='ltr'>prodierit</span> <span class='ocrx_word' id='word_1_316' title='bbox 1407 4816 1507 4882; x_wconf 88' lang='lat' dir='ltr'>altera</span> <span class='ocrx_word' id='word_1_317' title='bbox 1537 4815 1703 4881; x_wconf 89' lang='lat' dir='ltr'>Ritsohelii</span> <span class='ocrx_word' id='word_1_318' title='bbox 1731 4819 1975 4892; x_wconf 90' lang='lat' dir='ltr'>commentatio,</span> 
     </span>
     <span class='ocr_line' id='line_1_39' title="bbox 797 4922 1977 5008; baseline -0.003 -19"><span class='ocrx_word' id='word_1_319' title='bbox 797 4922 951 4989; x_wconf 85' lang='lat' dir='ltr'>Cobetum</span> <span class='ocrx_word' id='word_1_320' title='bbox 984 4931 1172 5006; x_wconf 89' lang='lat' dir='ltr'>occupatum</span> <span class='ocrx_word' id='word_1_321' title='bbox 1201 4922 1300 4987; x_wconf 86' lang='lat' dir='ltr'>fuisse</span> <span class='ocrx_word' id='word_1_322' title='bbox 1322 4925 1356 4986; x_wconf 88' lang='lat' dir='ltr'>in</span> <span class='ocrx_word' id='word_1_323' title='bbox 1380 4922 1601 5008; x_wconf 89' lang='lat' dir='ltr'>componendis</span> <span class='ocrx_word' id='word_1_324' title='bbox 1624 4923 1878 4987; x_wconf 86' lang='lat' dir='ltr'>adnotationibus</span> <span class='ocrx_word' id='word_1_325' title='bbox 1901 4942 1977 4987; x_wconf 84' lang='lat' dir='ltr'>vere</span> 
     </span>
    </p>
   </div>
   <div class='ocr_carea' id='block_1_4' title="bbox 0 0 2568 6149">
    <p class='ocr_par' dir='ltr' id='par_1_4' title="bbox 0 0 2568 6149">
     <span class='ocr_line' id='line_1_40' title="bbox 0 0 2568 6149; baseline 0 0"><span class='ocrx_word' id='word_1_326' title='bbox 0 0 2568 6149; x_wconf 95' lang='lat' dir='ltr'> </span> 
     </span>
    </p>
   </div>
  </div>
 </body>
</html>
