5125 6150
1127 794 1267 842 616666.
1720 774 1783 839 195

604 961 675 1037 sed,
701 961 777 1024 dum
802 960 911 1046 procul
935 964 1032 1026 etiam
1052 967 1157 1038 erent,
1179 963 1320 1026 hostium
1340 961 1539 1025 videbantur.
1560 961 1641 1037 Hic,
1662 960 1786 1024 6111611

604 1066 701 1144 66161,
733 1068 853 1132 milites
876 1068 1088 1153 proditionem
1112 1071 1323 1152 suspicantur,
1346 1074 1441 1153 atque
1463 1070 1495 1132 in
1521 1067 1691 1152 Tampium
1715 1066 1786 1131 Fla-

604 1177 754 1250 vianum,
779 1175 902 1259 pridem
927 1177 1004 1259 ipsis
1027 1178 1167 1239 invisum
1192 1173 1338 1239 involant
1361 1194 1487 1239 omnes:

653 1281 738 1357 „Nec
765 1281 937 1345 defensioni
961 1280 1065 1359 locus,
1089 1302 1282 1366 quamquam
1308 1280 1466 1366 supplices
1491 1302 1603 1345 manus
1628 1281 1786 1367 tenderet,

605 1388 698 1450 humi
717 1385 905 1472 plerumque
925 1394 1061 1465 stratus,
1083 1387 1186 1452 lacera
1207 1392 1311 1464 veste,
1332 1393 1442 1473 pectus
1462 1391 1557 1472 atque
1577 1408 1630 1453 ora
1642 1386 1787 1473 singultu

606 1493 784 1577 quatiens”.

652 1599 723 1663 Non
753 1601 819 1663 sine
851 1605 1034 1684 contemptu
1063 1607 1095 1664 61
1124 1599 1293 1676 derisione,
1318 1605 1355 1663 ut
1379 1602 1500 1684 opinor,
1525 1598 1788 1663 (16111116611616

607 1707 759 1790 pavidus,
793 1707 847 1789 qui
877 1705 1051 1770 identidem
1083 1709 1116 1769 in
1149 1727 1254 1791 genua
1286 1707 1485 1791 procumbit,
1517 1707 1598 1769 dumi
1613 1706 1790 1789 plerumque

606 1818 719 1874 etratus
751 1811 878 1876 dicitur.
909 1811 979 1875 Hoc
1009 1814 1093 1876 66116
1126 1815 1187 1876 6161
1219 1812 1348 1878 Tacitus
1378 1812 1499 1890 661611,
1526 1811 1683 1898 quomodo
1707 1809 1788 1874 illud

602 1918 777 2002 pleramque
798 1923 846 1981 est
869 1915 1108 2001 accipiendum?

653 2025 736 2108 Apte
759 2025 893 2087 conferri
915 2028 1020 2108 potest
1044 2023 1125 2109 quod
1150 2045 1176 2087 c.
1203 2023 1244 2088 63
1268 2024 1410 2089 eiusdem
1435 2025 1509 2090 libri
1531 2023 1669 2110 legitur:

656 2129 746 2206 „Non
778 2132 914 2195 omisere
945 2150 1000 2215 per
1023 2151 1074 2194 eos
1099 2129 1165 2194 dies
1188 2131 1319 2195 Primus
1344 2153 1379 2196 ac
1403 2131 1504 2196 Varus
1529 2133 1645 2195 crebris
1668 2130 1790 2194 nuntiis

610 2235 747 2300 salutem
779 2244 810 2300 61
840 2238 1008 2320 pecuniam
1037 2241 1069 2300 61
1099 2243 1217 2300 secreta
1241 2234 1434 2321 Campaniae
1459 2237 1568 2302 offerre
1593 2235 1739 2313 Vitellio,
1763 2237 1791 2298 si

609 2345 723 2426 positis
752 2344 849 2406 armis
880 2363 974 2427 seque
1005 2363 1040 2406 ec
1070 2341 1186 2407 liberos
1209 2365 1282 2408 suos
1306 2343 1495 2429 Vespasiano
1519 2345 1723 2428 permisisset.
1754 2340 1790 2405 In

611 2447 747 2512 eundem
778 2447 910 2512 modum
942 2454 974 2512 et
1000 2447 1175 2512 Mucianus·
1192 2451 1372 2533 composuit
1394 2447 1562 2534 epistulas;
1588 2448 1703 2532 quibus
1726 2445 1791 2531 ple-

610 2573 746 2639 rumque
774 2553 869 2618 fidere
892 2552 1042 2618 Vitellius
1064 2575 1099 2618 ac
1122 2554 1160 2618 de
1184 2575 1317 2619 numero
1341 2575 1523 2631 servorum,
1548 2553 1698 2618 electione
1721 2550 1792 2617 1116-

610 2682 683 2724 1661
705 2658 826 2743 loqui''.

655 2765 780 2830 Nostris
810 2766 862 2829 hic
892 2764 992 2830 oculis
1015 2766 1162 2831 videmus
1185 2765 1370 2846 Vitellium,
1394 2768 1555 2831 hominem
1579 2768 1737 2850 ignavum
1760 2770 1792 2829 et

610 2875 812 2957 imperatoris
843 2875 971 2936 nomino
1002 2894 1097 2957 quam
1120 2873 1382 2958 indignissimum
1407 2872 1519 2953 (161616
1543 2880 1627 2938 66116
1651 2892 1724 2937 6616
1748 2870 1792 2934 16-

610 2979 760 3063 gentibus
788 2978 889 3042 videri
912 2981 1000 3063 cupit
1023 2978 1175 3059 Tacitus),
1199 2982 1292 3044 anxie
1317 2979 1392 3064 quid
1416 2987 1491 3066 agat
1514 2984 1735 3065 quaerentem,
1761 2983 1793 3041 61

611 3108 695 3150 6666
718 3086 796 3164 huo,
822 3108 906 3151 nunc
923 3086 1002 3151 illuc
1021 3094 1257 3152 convertentem
1277 3094 1435 3164 mentem,
1457 3087 1511 3152 sed
1530 3090 1577 3151 ita
1596 3093 1633 3150 61
1652 3087 1792 3150 16611166

611 3199 717 3255 161666
746 3195 910 3276 promissis
942 3196 1067 3278 quietae
1096 3192 1264 3278 lautaequc
1295 3196 1381 3259 61166
1405 3193 1575 3259 alliciatur.
1599 3192 1661 3257 1116
1683 3190 1794 3277 pavidi

612 3297 752 3362 hominis
776 3298 943 3383 trepidatio
967 3302 1107 3364 maxime
1130 3298 1187 3364 illo
1204 3300 1380 3385 plerumque
1402 3299 1597 3385 depingitur.

1168 3662 1237 3728 Vll.

658 3843 707 3907 Ad
731 3842 873 3908 Pollium
896 3867 979 3910 nuno
999 3845 1091 3911 redeo
1111 3845 1313 3931 lapidemque
1331 3847 1400 3910 eius
1420 3845 1625 3931 depopulari
1645 3845 1794 3931 loquendi

613 3951 692 4014 61116
724 3951 992 4030 61661661166616,
1024 3973 1086 4037 quo
1118 3973 1209 4036 saepe
1239 3951 1401 4029 homines,
1436 3951 1513 4016 dum
1537 3973 1632 4038 quam
1656 3951 1795 4037 plurima

613 4054 783 4134 vocabula,
815 4078 871 4121 suo
894 4064 1028 4142 cognata
1051 4058 1193 4135 affectui,
1218 4079 1320 4122 unum
1343 4060 1376 4122 in
1399 4057 1507 4124 locum
1529 4065 1722 4144 congerunt,
1748 4078 1808 4122 ar-·

609 4163 741 4243 6666611
761 4166 810 4227 661
831 4167 898 4228 6116
917 4165 1001 4230 61116
1021 4167 1212 4251 infringunt.
1232 4164 1301 4230 Iam
1321 4186 1422 4230 unum
1442 4173 1526 4231 certe
1546 4165 1629 4250 apud
1647 4163 1794 4230 Tacitum

613 4269 756 4333 eiusdem
788 4272 860 4333 61111
889 4274 1017 4349 (eiiam
1040 4274 1157 4336 vitium
1182 4272 1244 4336 dici
1268 4276 1372 4356 potest
1395 4272 1479 4357 quod
1503 4293 1540 4336 ex
1565 4274 1633 4356 ipsa
1656 4271 1795 4337 hominis

612 4376 753 4438 nascitur
783 4382 903 4455 166616)
928 4384 1050 4442 6161616
1073 4376 1256 4463 exemplum
1282 4377 1497 4442 demonstravi
1520 4376 1575 4456 (H.
1598 4377 1623 4454 1,
1650 4375 1795 4458 63166-

612 4480 812 4565 bitanterque
844 4482 880 4546 de
904 4482 1002 4548 altero
1024 4484 1150 4549 locutus
1173 4506 1246 4548 sum
1268 4482 1336 4548 loco
1360 4485 1411 4563 (A.
1435 4483 1460 4560 I,
1487 4483 1521 4558 4)
1545 4484 1600 4548 ubi
1623 4483 1709 4547 idem
1734 4504 1794 4546 usu

613 4589 720 4652 venire
752 4584 926 4653 videretur.¹
955 4590 1100 4655 'Pettium
1129 4612 1212 4655 nune
1234 4589 1340 4654 locum
1364 4589 1495 4666 addam,
1520 4592 1575 4673 qui
1599 4586 1796 4654 1661616161-

612 4690 673 4776 ligi
697 4692 777 4756 mihi
800 4715 862 4757 666
885 4716 975 4779 posse
999 4695 1127 4761 videtur
1149 4698 1210 4760 nisi
1235 4694 1330 4760 Pollii
1352 4694 1422 4759 luce
1446 4693 1637 4761 illustretur.

658 4797 700 4861 H.
725 4797 776 4876 IV,
802 4799 854 4864 32.
881 4800 1026 4864 Mittitur
1048 4800 1086 4865 ad
1112 4799 1248 4867 01611661
1274 4821 1292 4864 6
1316 4800 1466 4866 Romanis
1490 4801 1664 4867 Montanus
1684 4802 1796 4866 Treuir

616 4913 674 4979 „ut
697 4906 862 4971 absisteret
887 4906 969 4971 bello
993 4929 1071 4972 6666
1094 4913 1223 4972 6116166
1248 4928 1336 4971 arma
1358 4907 1446 4972 saleis
1470 4908 1627 4987 velaret”;
1653 4917 1685 4973 at
1708 4906 1795 4974 0161-
