5125 6150
702 812 744 875 ee
1219 823 1373 871 1111111111.

701 994 738 1059 orl
762 996 896 1079 priorem
917 991 1075 1054 actionem
1095 989 1318 1071 pertinuerunt
1336 985 1464 1051 nullum
1483 990 1516 1050 in
1537 988 1724 1073 fragmentis
1742 994 1888 1055 servatur

703 1100 875 1172 indicium,
899 1097 968 1159 sire
988 1092 1072 1178 quod
1092 1095 1136 1156 sic
1155 1091 1232 1156 tulit
1252 1095 1365 1157 satirae
1384 1096 1477 1158 ratio.
1502 1091 1595 1159 Certe
1613 1094 1745 1160 deornm
1765 1117 1851 1160 unns
1867 1098 1887 1177 ¹)

702 1210 747 1271 sic
770 1203 908 1269 orditur:

839 1305 963 1371 Vellem
986 1303 1119 1369 coneilio
1142 1309 1304 1382 vestrum,
1329 1304 1411 1389 qnod
1437 1304 1542 1369 dicitis
1566 1305 1644 1370 olim

838 1409 1004 1477 caelicolae
1026 1410 1162 1485 fectum,
1186 1409 1304 1475 vellem
1328 1410 1533 1475 adfuissemu’
1558 1415 1664 1497 priore

838 1517 981 1585 concilio.

703 1628 794 1693 Alius
817 1625 947 1711 qnidam
973 1622 1049 1687 deus
1075 1623 1124 1686 his
1147 1622 1251 1686 verbis
1273 1625 1478 1708 conqueritur
1499 1624 1537 1688 de
1561 1644 1618 1688 sna
1640 1630 1740 1688 sorte:

837 1730 940 1795 Nemo
964 1737 1000 1793 ut
1023 1731 1065 1792 sit
1090 1733 1233 1792 nostrum
1257 1731 1334 1812 quin
1357 1734 1414 1793 aut
1437 1734 1526 1813 pater
1549 1729 1685 1814 optimu’
1710 1728 1824 1794 divum

837 1839 905 1901 Aut
927 1834 1089 1919 Neptunu’
1115 1840 1213 1920 pater,
1238 1835 1343 1911 Liber,
1368 1834 1519 1901 Saturnn'
1544 1841 1633 1921 pater
1655 1834 1770 1912 Mars,

837 1942 938 2019 Ianu’,
961 1941 1107 2021 Quirinu’
1132 1948 1221 2026 pater
1244 1944 1305 2005 siet
1329 1962 1364 2006 ac
1387 1942 1511 2006 dicatur
1535 1942 1574 2007 ad
1596 1964 1708 2007 nuum.

702 2053 751 2117 111
774 2056 881 2116 101111
904 2048 987 2112 libro
1010 2048 1088 2112 haee
1111 2068 1178 2112 esse
1202 2047 1317 2112 diserte
1341 2054 1476 2114 testatur
1500 2048 1586 2113 Laet.
1609 2052 1683 2114 inst.
1708 2047 1763 2125 IV,
1785 2047 1882 2125 3,12:

836 2158 945 2238 itaque
968 2159 999 2217 et
1023 2152 1167 2238 Iuppiter
1190 2173 1209 2216 a
1232 2153 1433 2237 precantibus
1456 2160 1546 2238 pater
1568 2159 1702 2218 vocatur
1725 2158 1759 2218 et
1782 2151 1884 2218 Satur·

793 2283 853 2326 nne
876 2267 908 2325 et
930 2258 1025 2323 Ianus
1048 2265 1080 2322 11
1102 2258 1196 2322 Liber
1219 2268 1251 2323 et
1275 2261 1372 2324 ceteri
1396 2259 1558 2344 deinceps,
1584 2259 1667 2345 qnod
1690 2257 1837 2323 Lucilius
1854 2259 1883 2321 ie

793 2371 912 2431 deorum
935 2366 1059 2429 10101110
1083 2364 1204 2428 irridet.

702 2475 766 2541 Hic
797 2475 874 2539 deus
904 2476 975 2556 quis
1006 2474 1048 2535 sit
1077 2492 1139 2534 non
1171 2476 1219 2535 est
1242 2471 1422 2536 obscurum.
1448 2471 1562 2557 Apollo
1585 2472 1637 2537 hio
1660 2492 1693 2537 se
1717 2471 1801 2536 ferre
1824 2492 1885 2537 non

703 2601 793 2667 posse
823 2577 962 2644 declarat
989 2575 1089 2660 quod,
1121 2597 1196 2640 cum
1227 2580 1323 2641 ceteri
1354 2577 1405 2641 dei
1435 2577 1604 2642 honorifico
1635 2579 1735 2663 patris
1758 2579 1888 2642 nomine

703 2685 910 2773 appellentur,
942 2686 1009 2768 ipse
1041 2688 1206 2768 tamquam
1235 2683 1388 2748 imberbis
1421 2705 1499 2768 puer
1521 2682 1654 2768 pulcher
1675 2683 1812 2748 dicatur.
1837 2680 1884 2749 Of.

703 2793 792 2858 Serv.
817 2792 856 2856 11
881 2792 958 2854 Aen.
984 2789 1040 2866 III,
1066 2788 1147 2852 119:

792 2897 923 2983 pulcher
942 2894 1072 2981 Apollo:
1094 2895 1223 2981 quidam
1243 2895 1388 2980 [pulcher
1408 2895 1539 2980 Apollo,
1560 2918 1600 2961 an
1613 2893 1708 2978 1111]
1721 2896 1887 2981 epitheton

793 3004 904 3068 datum
935 3001 1078 3089 Apollini
1110 3002 1361 3088 reprehendunt;
1395 3001 1544 3088 pulchros
1575 3005 1660 3066 enim
1683 3023 1701 3066 1
1724 3003 1888 3067 veteribus

793 3109 933 3176 exoletos
964 3109 1035 3174 diei.
1068 3130 1141 3173 nam
1172 3117 1204 3173 et
1233 3110 1319 3195 apud
1341 3109 1505 3174 Lucilium
1529 3109 1643 3194 Apollo
1666 3108 1801 3195 pulcher
1825 3109 1889 3174 1111
1919 3107 1922 3112 ’

793 3239 854 3281 101
878 3215 965 3292 vult,

703 3345 799 3410 quem
821 3322 929 3386 locum
952 3321 1140 3385 Bouterwelr
1165 3343 1207 3384 m.
1233 3320 1294 3384 Rh.
1319 3321 1399 3384 XXI
1422 3321 1461 3385 ad
1480 3322 1539 3386 hoc
1558 3321 1689 3386 deorum
1712 3319 1889 3386 concilium

703 3429 830 3506 retulit,
851 3450 946 3513 quem
965 3436 1064 3503 recte,
1086 3435 1123 3491 ut
1142 3430 1261 3512 opinor,
1283 3427 1461 3494 Muellerus
1480 3427 1607 3493 secutus
1627 3435 1684 3492 eet.
1709 3428 1771 3492 Hic
1793 3426 1890 3513 Apol-

702 3538 777 3603 linis
807 3542 937 3621 questus
968 3533 1044 3617 quid
1068 3534 1129 3597 sibi
1152 3537 1186 3597 in
1208 3535 1327 3599 iudicio
1352 3535 1389 3599 de
1413 3534 1504 3619 Lupo
1527 3534 1606 3599 velit
1628 3536 1705 3599 satis
1728 3532 1887 3619 probabili

703 3646 882 3708 coniectura
912 3644 1035 3724 assequi
1065 3641 1147 3704 mihi
1178 3641 1296 3706 videor.
1329 3642 1457 3726 Lupus,
1491 3647 1528 3705 ut
1559 3647 1629 3727 post
1656 3661 1731 3706 eum
1753 3639 1886 3718 Verres,

703 3755 758 3815 ant
792 3751 825 3813 in
860 3749 1024 3833 provincie
1059 3747 1169 3811 fanum
1199 3747 1358 3832 Apollinis
1388 3747 1579 3832 spoliaverat
1610 3755 1665 3811 aut
1696 3746 1758 3811 alio
1790 3745 1887 3811 modo

702 3856 786 3920 hunc
816 3854 911 3918 deum
934 3853 1083 3929 laeserat;
1108 3874 1191 3918 nunc
1215 3859 1376 3918 accusator
1399 3852 1455 3918 1111
1477 3856 1511 3918 11
1535 3874 1609 3917 eum
1633 3856 1772 3940 assurgit
1797 3861 1830 3919 et
1850 3856 1885 3918 in

702 3962 788 4026 hunc
820 3960 952 4025 modum
975 3958 1146 4023 declamat:
1173 3966 1244 4036 „sat
1266 3961 1348 4024 mihi
1372 3959 1637 4025 contumeliarum
1659 3964 1724 4025 iam
1748 3966 1798 4025 est
1819 3981 1887 4046 per·

701 4068 884 4145 ferendum,
924 4069 1031 4150 ipsum
1064 4087 1196 4143 nomen,
1237 4088 1300 4150 quo
1335 4066 1495 4153 designari
1528 4065 1629 4144 soleo,
1664 4073 1885 4151 contemptum

702 4173 878 4261 significat,
918 4193 1002 4235 nunc
1024 4171 1083 4235 hoc
1106 4174 1204 4236 etiam
1227 4172 1379 4237 accedit.''
1403 4172 1572 4237 Eiusmodi
1595 4172 1680 4237 locos
1702 4175 1885 4258 aptissimos

702 4302 769 4345 esse
800 4279 838 4344 ad
863 4277 1111 4342 misericordiam
1134 4277 1451 4364 indignationemque
1474 4277 1662 4344 movendam
1687 4281 1795 4365 quivis
1818 4300 1886 4365 per-

703 4388 806 4469 spicit.
837 4384 879 4447 Et
909 4386 1036 4447 omnino
1067 4384 1162 4467 probe
1194 4391 1301 4448 tenent
1331 4384 1382 4449 dei
1405 4383 1551 4449 flosculos
1574 4388 1742 4462 oratorios,
1767 4386 1885 4470 quibus

702 4491 736 4552 in
755 4490 821 4554 foro
839 4492 888 4552 uti
901 4494 1090 4554 consuerunt
1103 4489 1247 4554 Romani.
1262 4490 1359 4555 Velut
1371 4490 1429 4555 hoc
1442 4491 1584 4574 estquod
1598 4490 1728 4555 11111111
1740 4490 1882 4556 Nonius:

749 4593 917 4679 Gangrena
939 4602 987 4659 est
1009 4616 1127 4659 cancer.
1152 4596 1297 4660 Lucilius
1320 4603 1501 4683 satyrarum
1524 4596 1592 4661 Lib.
1616 4596 1649 4661 I:

738 4857 761 4914 1)
788 4856 842 4902 Non
867 4870 915 4902 esse
943 4856 1020 4903 lovem
1049 4859 1109 4906 hunc
1132 4863 1196 4907 recte
1217 4859 1302 4907 statuit
1327 4859 1465 4907 Muellerus.
1490 4859 1581 4906 Nostro
1604 4859 1665 4908 libro
1688 4861 1884 4911 111111111110

704 4936 830 4983 Rubriano
847 4941 950 4984 servatos
968 4938 1070 5001 assignat
1088 4941 1159 4989 11111
1177 4940 1270 4996 noum
1290 4942 1327 4989 vix
1345 4939 1442 4989 dubium
1460 4941 1517 5004 quin
1536 4947 1598 4989 recte
