5125 6150
691 847 757 910 342
878 926 881 930 Ι
1218 864 1361 912 ricinus.

689 1032 752 1093 reri
784 1030 910 1106 dornos,
939 1029 1074 1114 plurimi
1097 1031 1274 1093 amicorum
1299 1035 1398 1107 tecta,
1423 1034 1455 1094 et
1478 1035 1516 1094 ut
1538 1033 1652 1115 cuique
1675 1029 1885 1095 humillimus

688 1133 786 1199 cliens
808 1136 946 1200 incertas
969 1133 1107 1199 latebras
1131 1133 1326 1219 petierunt”.

734 1240 901 1306 Adiectivo
921 1241 1051 1304 incertae
1070 1262 1132 1305 non
1149 1239 1316 1304 clientium
1335 1240 1561 1319 habitationes,
1580 1244 1703 1305 uttam
1723 1242 1883 1320 humiles,

690 1354 820 1431 tamque
854 1349 887 1409 in
923 1345 1030 1431 aliquo
1060 1346 1149 1410 urbis
1179 1344 1299 1432 angulo
1328 1346 1523 1424 reconditae,
1555 1353 1592 1411 ut
1622 1347 1709 1412 haud
1740 1347 1836 1415 facile
1866 1370 1885 1414 a

687 1453 949 1537 persequentibus
980 1453 1185 1537 praetorianis
1219 1453 1357 1516 inveniri
1386 1454 1527 1537 possint,
1560 1452 1797 1531 describuntur,
1829 1454 1883 1519 sed

686 1559 831 1621 iudicium
865 1561 967 1642 ipsius
1000 1557 1122 1634 Taciti,
1158 1558 1250 1622 triste
1283 1563 1378 1642 atque
1415 1579 1578 1635 severum,
1611 1579 1647 1623 eo
1678 1562 1880 1637 continetur;

688 1665 747 1728 hoc
772 1666 859 1728 enim
882 1663 977 1728 dicit:
1004 1665 1051 1741 „ai
1075 1684 1125 1728 res
1147 1665 1180 1726 in
1205 1683 1370 1727 summum
1395 1663 1507 1728 fuisset
1530 1663 1666 1728 adducta
1689 1663 1882 1743 discrimen,

687 1769 847 1854 prodituri
869 1774 1019 1855 patronos
1043 1789 1116 1833 suos
1138 1766 1187 1832 illi
1211 1767 1342 1832 clientes
1365 1767 1488 1832 erant’'.

731 1874 775 1937 H.
807 1872 863 1951 Ill,
895 1873 938 1939 23
970 1880 1003 1938 et
1030 1873 1084 1938 25.
1116 1872 1267 1961 Nondum
1292 1875 1369 1937 satis
1394 1880 1538 1938 accurate
1562 1873 1732 1960 lucideque
1756 1875 1884 1940 damon-

685 1985 825 2045 stratum
848 2000 915 2045 esee
937 1981 1049 2065 opinor
1071 1980 1147 2064 quid
1171 1985 1254 2045 esset
1276 1982 1322 2058 (in
1347 1982 1526 2045 narratione
1549 1979 1587 2045 de
1611 1979 1734 2066 proelio
1753 1979 1885 2048 Oromo-

686 2088 790 2166 nansi)
813 2087 991 2167 apparatae
1013 2091 1046 2150 at
1069 2084 1146 2170 quid
1170 2085 1253 2147 timec
1275 2085 1352 2148 cicc.
1373 2083 1465 2150 (terte
1483 2087 1517 2149 in
1536 2106 1641 2151 errore
1659 2087 1714 2151 hic
1734 2092 1883 2154 versatus

685 2197 733 2256 est
763 2191 975 2277 Nipperdeius
1006 2194 1124 2276 quique
1155 2213 1181 2256 c.
1206 2189 1249 2254 25
1281 2189 1414 2255 eandem
1438 2211 1535 2275 quam
1557 2190 1614 2256 ille
1638 2191 1883 2259 distinctionem

599 2327 601 2330 ·
686 2298 847 2383 praebent.
872 2296 924 2362 Sic
947 2300 1033 2362 enim
1056 2298 1102 2361 ibi
1125 2297 1240 2361 edunt:
1268 2295 1389 2374 „laxati
1408 2295 1532 2362 ordines
1552 2302 1608 2377 (sc.
1617 2296 1883 2381 Vitellianorum)

686 2404 939 2487 abrumpuntur;
972 2423 1028 2466 nec
1056 2403 1186 2467 restitui
1209 2403 1341 2486 quivere
1362 2401 1611 2488 impedientibus
1635 2404 1799 2470 vehiculis
1824 2411 1885 2470 tor-

686 2511 867 2592 mentisque
891 2529 946 2594 per
968 2506 1108 2572 limitem
1131 2510 1212 2571 viae.
1233 2506 1437 2593 Spargentur
1456 2507 1659 2573 festinatione
1678 2511 1886 2576 consectandi

685 2613 856 2680 victores'’.
888 2615 931 2677 At
955 2615 1000 2678 sic
1024 2613 1108 2676 timec
1131 2612 1307 2677 elucidem
1331 2612 1368 2676 fit
1390 2612 1474 2697 quod
1497 2636 1586 2694 appar
1609 2614 1694 2691 viae,
1720 2617 1884 2701 siquidem

686 2743 712 2785 c.
734 2718 777 2784 23
797 2719 955 2804 legimus:
976 2716 1162 2795 „Vitelliani
1175 2720 1380 2782 tormentain
1392 2737 1546 2803 aggerem
1558 2721 1630 2784 viae
1642 2720 1883 2788 contulerant’'.

685 2828 729 2890 At
758 2828 828 2911 ipsa
858 2825 1014 2888 sermonis
1043 2822 1137 2887 latini
1159 2822 1281 2888 indoles
1305 2823 1410 2887 obstat
1432 2825 1604 2908 quominus
1628 2826 1792 2892 vocabula
1818 2836 1884 2894 tam

685 2931 823 3006 diversa,
843 2950 940 3014 quam
953 2936 1028 2994 sunt
1041 2928 1125 2991 timec
1136 2933 1169 2994 et
1181 2951 1278 3009 appar,
1291 2947 1436 3011 unquam
1448 2927 1533 2993 idem
1547 2929 1749 3015 significent,
1763 2955 1884 3019 neque,

684 3038 711 3102 si
732 3041 839 3101 temen
858 3036 1019 3100 sumimus
1038 3034 1160 3100 tactum
1184 3034 1236 3099 hic
1259 3033 1434 3118 essequod
1457 3032 1525 3099 fieri
1548 3055 1610 3100 non
1634 3039 1758 3121 possit,
1784 3042 1885 3106 totius

684 3144 872 3207 narrationis
892 3144 936 3206 sio
957 3143 1037 3206 ratio
1059 3147 1189 3206 constat.
1214 3142 1258 3204 At
1280 3142 1474 3224 transposita
1497 3141 1703 3207 distinctione
1729 3146 1836 3211 simul
1855 3153 1885 3211 et

685 3250 898 3312 narrationem
916 3248 1129 3312 nanciscimur
1148 3245 1225 3310 bene
1246 3244 1466 3310 decurrentem
1487 3245 1518 3310 a
1538 3249 1708 3333 utriusque
1733 3250 1885 3317 vocabuli

686 3353 770 3415 timec
801 3358 944 3433 stuppea
969 3352 1234 3437 significationem
1257 3372 1319 3414 nou
1343 3349 1448 3415 solum
1471 3357 1580 3436 aptam
1604 3351 1659 3416 sed
1682 3375 1768 3439 quae
1792 3360 1885 3422 unice

685 3460 828 3541 ipsorum
848 3460 1015 3523 conveniat
1034 3464 1176 3523 naturae.
1196 3455 1248 3521 Sic
1268 3457 1354 3520 enim
1375 3478 1400 3519 c.
1414 3455 1721 3542 2510g0ndumest:
1746 3462 1885 3537 „Laxati

685 3562 810 3627 ordines
830 3564 1078 3647 abrumpuntur;
1100 3582 1157 3625 nec
1176 3562 1304 3625 restitui
1317 3563 1447 3645 quivere
1459 3562 1710 3648 impedientibus
1724 3567 1886 3632 vehiculis

684 3669 927 3751 tormentisque.
959 3669 1020 3732 Per
1050 3666 1189 3731 limitem
1212 3668 1283 3730 viae
1308 3672 1504 3752 sparguntur
1528 3668 1736 3736 festinatione
1761 3693 1886 3738 consec-

685 3773 773 3838 tandi
796 3772 964 3836 victoras”.
988 3773 1080 3836 Nunc
1104 3795 1193 3852 appar
1217 3772 1284 3833 ciac
1303 3770 1339 3833 fit
1358 3773 1428 3854 ipsa
1445 3774 1516 3848 via,
1537 3777 1617 3857 quae
1636 3777 1823 3843 rectissime
1843 3782 1886 3843 sic

685 3877 874 3964 appellatur,
899 3880 1049 3963 quoniam
1073 3880 1144 3953 via,
1169 3880 1202 3940 in
1226 3875 1360 3961 planitie
1381 3881 1560 3955 exstructa,
1579 3900 1691 3944 revera
1712 3906 1808 3963 appel·
1828 3892 1885 3950 est.

684 3985 726 4048 Et
758 3983 842 4047 timec
871 3983 938 4046 uice
969 3983 1140 4047 adiacentis
1165 3984 1235 4065 agri
1258 4001 1371 4066 margo
1396 3981 1528 4065 quidem
1552 3989 1615 4059 est,
1641 4006 1749 4070 neque
1774 3995 1886 4055 tamen

685 4092 782 4154 nimis
813 4094 989 4174 angustus,
1015 4089 1165 4171 quoniam
1190 4108 1246 4171 per
1270 4108 1346 4154 eum
1369 4074 1553 4168 sparguntur
1576 4088 1725 4155 Flaviani
1750 4094 1884 4160 milites.

686 4196 729 4259 Et
759 4194 836 4278 quid
867 4195 989 4258 factum
1019 4190 1187 4257 narratur?
1218 4192 1289 4257 Non
1321 4191 1426 4257 solum
1458 4193 1623 4259 Vitelliani
1653 4197 1785 4264 ordines
1810 4223 1885 4267 suos

685 4302 853 4366 restituere
884 4298 1083 4364 obstantibus
1114 4296 1271 4362 vehiculis
1302 4300 1531 4383 tormentisque
1561 4321 1626 4364 non
1648 4312 1807 4386 possunt,
1834 4307 1885 4372 sed

684 4405 793 4472 eadem
828 4404 884 4468 illa
920 4402 1081 4468 obstacula
1117 4404 1287 4487 quominus
1322 4402 1469 4468 Flaviani
1502 4407 1634 4490 propius
1666 4410 1823 4476 accedant
1855 4419 1885 4477 et

684 4532 798 4576 manus
828 4531 903 4575 oum
934 4512 974 4574 iis
1005 4515 1169 4574 conserant
1201 4508 1398 4594 impediunt:
1430 4510 1465 4573 hi
1496 4531 1573 4596 ergo
1602 4511 1640 4577 de
1664 4515 1740 4580 viae
1764 4538 1883 4604 aggere

685 4617 875 4692 decurrunt,
902 4636 958 4700 per
980 4615 1177 4679 adiacentem
1201 4636 1352 4700 campum
1377 4614 1514 4680 volitant
1537 4622 1570 4681 et
1593 4616 1656 4683 alio
1680 4618 1755 4687 loco
1780 4624 1883 4690 denuc

686 4736 835 4801 aggerem
868 4722 941 4785 viae
968 4719 1200 4797 conscendunt,
1225 4720 1298 4796 scd,
1322 4726 1359 4785 ut
1383 4720 1435 4798 fit,
1461 4722 1539 4786 dum
1562 4745 1657 4789 nemo
1681 4748 1882 4815 quemquam

684 4822 937 4890 commilitonem
961 4829 1033 4888 ante
1057 4844 1089 4887 se
1114 4828 1246 4909 patitur,
1272 4846 1334 4890 non
1357 4827 1448 4890 iuxta
1472 4830 1560 4892 viam
1584 4839 1722 4896 currunt
1746 4835 1803 4899 sed
1827 4858 1881 4922 per

685 4915 823 4990 limitem
846 4928 941 4994 illum
964 4934 1169 5014 sparguntur.
