5125 6150
799 854 873 930 ,424
1179 869 1220 916 ιιι
1243 871 1473 918 nmeroemnrs
1493 870 1631 919 esurum

808 1038 943 1099 siazusis
966 1034 1148 1118 Praxagora
1171 1035 1339 1098 civitatem
1363 1055 1419 1118 pro
1442 1034 1575 1099 arbitrio
1598 1040 1798 1101 constituens
1817 1040 1936 1114 „eoru”
1953 1042 1994 1104 ait

809 1142 863 1218 „in
889 1139 1027 1203 decuriae
1049 1139 1126 1202 cives
1150 1139 1337 1217 dotalium,
1365 1140 1466 1224 itaque
1489 1142 1597 1205 exinde
1619 1141 1718 1226 quinia
1740 1144 1815 1207 sciet
1837 1145 1994 1224 λαχὸνέν

807 1247 897 1324 dacia
921 1247 1091 1325 γράμματι
1116 1244 1263 1310 temnet&

852 1352 962 1416 Nostri
992 1350 1055 1415 loci
1087 1351 1184 1415 verba
1212 1352 1259 1414 ita
1291 1357 1367 1415 sunt
1394 1351 1584 1416 ordinanda:
1609 1353 1684 1416 ἀλλ’
1709 1354 1740 1416 ἕν
1761 1355 1805 1432 τῷ
1826 1353 1993 1434 γράμματι

809 1456 926 1534 ἔπινες,
958 1457 992 1520 in
1022 1456 1125 1519 lettera
1157 1464 1209 1518 tua
1240 1493 1283 1504 -
1315 1459 1336 1521 i.
1359 1477 1385 1521 e.
1417 1460 1452 1520 in
1484 1457 1637 1523 tribunali
1670 1465 1726 1524 tuo
1758 1497 1802 1509 -
1834 1462 1931 1524 didere
1953 1484 1995 1524 oo

809 1564 907 1639 ledae,
933 1562 984 1627 vel
1010 1562 1182 1638 conabaris,
1203 1562 1255 1626 vel
1274 1565 1371 1627 etiam
1391 1564 1520 1641 colebas,
1540 1565 1575 1627 od
1592 1569 1739 1645 λαχοῦσαι
1759 1568 1827 1631 sive
1848 1565 1993 1645 ιἰιιλιιτος,

808 1669 865 1732 etei
888 1676 967 1732 corte
990 1691 1048 1731 νιονι
1071 1690 1147 1731 essee
1169 1668 1344 1749 deeiqnato,
1368 1668 1496 1755 legibus
1518 1672 1623 1755 igitur
1644 1673 1768 1736 invitis.

854 1775 947 1839 Absit
976 1776 1079 1860 igitur
1108 1781 1146 1837 ut
1176 1773 1272 1838 fidem
1297 1774 1472 1839 habeamus
1494 1776 1723 1859 interpretibus
1746 1780 1995 1843 asseverantibus

809 1879 918 1959 ,valet
946 1881 979 1943 οὐ
1004 1882 1138 1959 λαχοῦο’
1163 1877 1263 1949 ἔπινες
1286 1883 1308 1943 1.
1334 1901 1363 1964 q.
1387 1881 1440 1945 οὐκ
1464 1879 1583 1960 ἔλαχες
1607 1878 1684 1946 ὥστε
1709 1883 1827 1947 τίνειν”
1854 1921 1897 1932 -
1920 1905 1995 1969 quae

807 2007 846 2050 ne
869 1988 946 2051 satis
968 1984 1100 2069 quidem
1122 1984 1296 2071 intellego,
1321 1988 1384 2050 nisi
1408 1985 1492 2070 qnod
1516 1987 1716 2068 improbitatis
1738 1989 1850 2053 οιιίιιειν
1873 2011 1910 2055 ea
1930 1990 1995 2055 nul·

807 2091 877 2156 lum
900 2092 1015 2156 habere
1039 2091 1246 2155 manifestum
1270 2097 1329 2155 est.

852 2196 1047 2262 Simillirnus
1071 2200 1103 2260 in
1128 2197 1309 2283 Lysistrata
1332 2196 1439 2261 fabula
1463 2204 1512 2262 est
1534 2201 1638 2277 iocus;
1663 2199 1719 2264 ubi
1741 2199 1931 2286 Myrrhine:

988 2303 1062 2366 ε’ῖιτε
1085 2303 1203 2382 τρῶτνιν
1226 2306 1272 2378 μ’,
1298 2298 1320 2364 ὦ
1344 2310 1508 2380 γυναῖκες,
1532 2303 1659 2375 dandam

806 2414 876 2475 sive
907 2413 1097 2495 participem
1129 2409 1197 2473 fieri
1221 2414 1279 2473 τῶν
1303 2407 1460 2488 οφιιγΙιιν,
1487 2447 1526 2457 -
1552 2415 1628 2473 sunt
1650 2418 1759 2475 autem
1782 2411 1825 2475 rai
1850 2410 1994 2491 σφάγιον,

807 2538 863 2602 per
886 2536 966 2601 qnae
989 2514 1057 2579 illic
1080 2514 1117 2578 fit
1139 2514 1382 2591 iusiurandum,
1407 2538 1511 2578 urceus
1534 2516 1599 2578 cirri
1615 2517 1886 2598 praestantissimi.
1910 2518 1995 2583 Tunc

805 2620 972 2688 Calonica:

986 2727 1034 2801 μοὶ
1057 2729 1112 2800 τὴν
1135 2725 1329 2806 Ἀφροδίτην,
1353 2726 1406 2789 οὖιι
1431 2724 1499 2788 ἐάν
1522 2750 1568 2802 γε
1591 2729 1642 2801 μὴ
1666 2728 1813 2809 λάχῃς.

852 2833 954 2913 Quam
978 2839 1087 2897 autem
1111 2832 1150 2896 ab
1173 2830 1299 2896 anicula
1323 2834 1528 2896 commissam
1548 2853 1616 2897 esse
1636 2832 1781 2897 fraudem
1801 2831 1995 2921 Chrcmylns

804 2941 961 3024 suspicari
992 2959 1024 3003 se
1054 2937 1177 3002 ludicre
1208 2937 1319 3024 fingit,
1347 2957 1418 3002 eam
1442 2958 1460 3002 a
1484 2940 1569 3002 veris
1592 2938 1753 3003 iudicibus
1775 2941 1809 3002 in
1834 2942 1921 3005 veris
1945 2944 1994 3005 tri·

804 3045 975 3112 bunalibus
994 3044 1080 3109 haud
1100 3047 1146 3108 ita
1165 3065 1235 3109 raro
1254 3047 1462 3109 commissam
1481 3064 1549 3109 esse
1568 3045 1629 3109 nisi
1650 3047 1828 3124 sumimus,
1849 3049 1994 3111 acumine

804 3160 890 3217 caret
921 3155 1021 3216 iocus.
1053 3151 1114 3214 Res
1142 3148 1270 3234 publica
1294 3152 1355 3213 nisi
1379 3148 1499 3214 multos
1524 3150 1686 3215 habuisset
1709 3152 1941 3237 sycophantas,
1963 3155 1993 3216 in

805 3280 897 3323 scena
922 3255 1028 3321 nullos
1051 3256 1241 3322 ostendisset
1264 3258 1424 3321 comicus:
1453 3255 1634 3321 heliastrias
1658 3294 1700 3305 —-
1724 3263 1763 3320 ut
1785 3278 1847 3343 ego
1871 3280 1994 3343 quoque

804 3386 886 3429 nova
917 3362 1071 3429 vocabula
1095 3362 1236 3448 fingendi
1258 3363 1405 3427 licentiae
1428 3362 1615 3447 indulgeam
1641 3400 1680 3410 —
1707 3362 1889 3429 heliastrias
1913 3363 1994 3429 mala

805 3470 916 3535 fraude
947 3469 1025 3534 illuc
1056 3491 1117 3554 quo
1147 3468 1200 3535 lex
1231 3490 1294 3532 non
1325 3472 1442 3532 sineret
1473 3472 1647 3553 irrepentes
1680 3471 1912 3553 Aristophanes
1935 3492 1992 3535 non

803 3576 945 3640 finxisset
967 3579 995 3638 si
1015 3573 1120 3639 nullos
1140 3573 1291 3637 heliastae
1311 3574 1344 3637 id
1364 3573 1424 3637 sibi
1444 3579 1607 3637 sumentes
1627 3576 1790 3638 novissent
1809 3575 1991 3641 tribunalia.

803 3682 914 3765 ltaque
934 3681 1095 3744 interdum
1116 3679 1252 3760 ἐδίκαζον
1271 3678 1424 3744 heliastae
1444 3681 1476 3743 od
1497 3680 1663 3760 λαχόντες,
1684 3686 1765 3745 teste
1784 3688 1894 3746 nostro
1911 3681 1990 3759 loco;

803 3789 892 3874 leges
911 3787 979 3851 fieri
998 3786 1030 3850 id
1051 3788 1219 3861 vetabant,
1240 3808 1278 3851 ne
1299 3786 1366 3850 fieri
1386 3786 1418 3849 id
1438 3793 1544 3870 posset
1563 3785 1673 3851 sedulo
1693 3788 1862 3864 cavebant,
1885 3788 1940 3853 sed
1953 3824 1991 3837 ·-

803 3895 898 3959 fiebat
922 3900 1040 3958 tamen.

849 3999 959 4083 ltaque
990 3998 1131 4062 multum
1156 3998 1208 4062 hic
1231 3998 1319 4063 locus
1345 3997 1450 4063 valere
1474 3999 1556 4062 mihi
1581 3999 1708 4063 videtur
1730 3999 1769 4063 ad
1792 4004 1879 4064 recte
1903 4002 1992 4065 inter·

805 4104 974 4191 pretandos
1006 4126 1053 4169 vs.
1085 4103 1171 4167 1166
1192 4125 1249 4188 sq.,
1281 4104 1338 4167 ubi
1369 4102 1461 4169 Cario
1493 4104 1691 4168 Mercurium
1723 4106 1991 4184 clarundonam

804 4212 928 4275 ridens:
962 4210 1037 4272 utile
1068 4218 1111 4272 eet
1135 4211 1275 4293 profecto
1301 4210 1402 4272 inullis
1421 4211 1554 4291 pandere
1576 4211 1814 4292 copacmiaidae,·
1840 4214 1898 4276 hac
1920 4214 1991 4277 caia

803 4341 835 4379 rc
857 4317 964 4378 victam
987 4314 1043 4377 iate
1065 4314 1123 4377 citi
1147 4316 1279 4379 incenit:

983 4422 1036 4484 οὐκ
1061 4419 1127 4490 ε’τδς
1153 4418 1292 4492 ι’ἔτοιντες
1317 4421 1341 4484 cl
1366 4417 1539 4501 δικάζοντες
1564 4421 1651 4494 danda

983 4524 1164 4589 σπεύδουσιν
1189 4527 1218 4589 ἕν
1242 4534 1368 4596 πολλοῖς
1394 4524 1576 4604 γεγράφθαι
1601 4526 1797 4605 γράμμοιτιν.

805 4634 874 4713 Quo
906 4632 974 4697 loco
1005 4635 1139 4696 tertium
1156 4632 1178 4710 ¹)
1210 4634 1380 4716 respicitur
1403 4653 1485 4695 nova
1508 4630 1564 4695 illa
1586 4630 1638 4695 lex
1659 4632 1845 4711 iudiciaria,
1870 4634 1910 4699 de
1934 4655 1989 4719 qua

802 4760 877 4803 mox
910 4738 1066 4823 quaedam
1096 4744 1191 4802 erunt
1222 4737 1424 4803 observanda.
1457 4736 1653 4801 Adverbium
1685 4743 1793 4801 autem
1818 4739 1909 4814 θοιμᾶ
1924 4742 1989 4826 fre

809 4892 825 4899 —
848 4893 983 4900 —.--——-

838 4982 863 5041 l)
880 4983 916 5032 Ct.
935 5000 967 5032 ιι.
986 4982 1078 5045 2ttsq.
1095 4986 1120 5029 et
1136 4997 1207 5045 quern
1224 4982 1294 5029 modo
1312 4981 1414 5029 vidimus
1431 4995 1465 5026 νι.
1482 4978 1540 5029 972.
