5125 6150
691 805 758 894 278
1126 826 1169 872 nu
1191 827 1300 873 aaran
1322 826 1435 875 urana

689 991 1182 1077 666611166666,6666ο661116
1213 991 1296 1056 nihil
1326 992 1390 1056 fuit
1418 992 1502 1077 quod
1533 999 1590 1057 aut
1618 995 1799 1078 sapientius
1831 997 1890 1057 aut

688 1097 880 1183 reipublicae
906 1099 1121 1184 Pergamenae
1146 1101 1250 1182 magis
1273 1097 1411 1163 salutare
1435 1119 1502 1162 6666
1525 1105 1640 1183 666661.

734 1205 820 1269 Livii
853 1205 891 1269 de
916 1204 975 1269 hac
998 1207 1147 1269 societate
1172 1204 1283 1280 verba,
1308 1204 1443 1288 6666616
1466 1202 1524 1268 1116
1547 1203 1694 1289 6161666
1718 1204 1889 1281 Romana,

686 1314 789 1376 secuti
820 1309 966 1375 nonnulli
997 1313 1167 1394 scriptores
1198 1309 1290 1375 hodie
1315 1331 1439 1394 quoque
1463 1331 1502 1374 ex
1527 1323 1644 1375 eventu
1668 1331 1778 1375 severe
1804 1310 1890 1375 iudi-

686 1423 758 1483 cant
790 1418 828 1483 de
859 1415 965 1481 Attali
993 1416 1143 1482 consiliis.
1169 1416 1277 1502 Magis
1301 1420 1340 1480 iis
1364 1416 1536 1501 placuisset
1562 1422 1666 1495 Σωτὴρ
1689 1416 1747 1482 1116
1771 1424 1890 1483 contra

685 1523 905 1588 Romanorum
930 1525 1015 1587 vires
1038 1525 1175 1587 invictas
1197 1526 1336 1608 patriam
1356 1523 1395 1587 61
1416 1529 1552 1589 mortem
1572 1545 1672 1610 usque
1691 1523 1888 1602 defendens,

686 1651 783 1715 quam
803 1651 859 1694 rex
878 1631 997 1693 sensim
1017 1631 1050 1692 in
1070 1627 1252 1692 clientelam
1272 1629 1450 1693 Romanam
1469 1629 1627 1715 delapsus.
1652 1629 1757 1708 Itane,
1778 1629 1891 1715 delap

686 1733 761 1800 sus?
783 1773 821 1786 -
843 1737 985 1819 Aequius
1008 1734 1166 1798 iudicium
1191 1733 1228 1799 de
1255 1733 1364 1799 Attalo
1389 1735 1508 1799 ferebat
1530 1735 1700 1823 Polybius,
1726 1756 1766 1800 ex
1793 1738 1890 1800 cuiue

686 1842 821 1906 historia
839 1841 898 1906 hoc
918 1839 1032 1904 saltem
1052 1844 1190 1917 constat,
1211 1842 1244 1903 in
1266 1840 1483 1904 Romanorum
1501 1845 1678 1906 amicitiam
1690 1862 1767 1906 eum
1781 1862 1890 1926 neque

686 1946 827 2012 socordia
850 1944 1003 2030 illapsum
1026 1966 1093 2010 6666
1116 1966 1218 2030 66666
1238 1948 1420 2010 temeritate
1439 1946 1609 2023 decidisse,
1630 1946 1684 2011 sed
1704 1953 1795 2012 certo
1818 1968 1890 2012 con-

684 2052 755 2117 silio
777 2051 947 2116 inductum
971 2071 1042 2115 earn
1065 2053 1269 2135 quaesivisse.
1295 2050 1486 2116 Societatem
1509 2057 1618 2116 autem
1638 2052 1717 2117 dum
1738 2055 1887 2137 quaerit,

686 2156 797 2223 sedulo
827 2157 915 2221 dedit
939 2178 1067 2242 operam
1091 2195 1134 2204 -
1158 2178 1220 2242 quo
1244 2159 1277 2220 in
1301 2157 1408 2222 labore
1432 2161 1558 2222 naviter
1581 2164 1707 2244 praesto
1730 2160 1760 2223 61
1786 2159 1889 2223 fuisse

686 2265 838 2330 videntur
858 2267 966 2349 quiin
987 2263 1061 2328 6616
1081 2263 1278 2348 Pergamena
1300 2266 1541 2347 antiquissimae
1562 2267 1653 2349 regni
1672 2264 1832 2328 historiae
1844 2267 1890 2328 in·

687 2369 913 2456 vestigandae,
947 2373 1014 2434 6166
1046 2370 1290 2455 excogitandae,
1315 2369 1541 2434 incumbebant
1565 2406 1606 2418 —
1632 2377 1669 2434 ut
1692 2371 1889 2435 arctioribus

686 2476 824 2542 vinculis
855 2476 991 2541 Romam
1023 2496 1098 2540 cum
1123 2476 1282 2561 Pergamo
1306 2478 1513 2561 coniungeret
1536 2496 1632 2561 quarn
1657 2496 1738 2560 6666
1761 2482 1889 2540 contra·

686 2584 809 2649 huntur
840 2604 878 2647 er
910 2581 988 2646 belli
1011 2582 1147 2666 quadam
1171 2585 1367 2647 necessitate.
1392 2581 1712 2668 Oonsanguinitatcrn
1736 2582 1889 2668 666116

687 2709 856 2754 manorum
877 2690 990 2773 proavi
1010 2709 1084 2752 cum
1105 2688 1379 2773 Pergamenorum
1400 2690 1545 2774 patribus
1558 2691 1718 2754 coniuncti
1730 2690 1887 2767 fuissent,

687 2794 801 2859 multis
832 2794 1022 2877 disertisque
1053 2796 1247 2858 testimoniis
1271 2794 1487 2860 demonstrare
1511 2797 1674 2860 certabant
1695 2797 1887 2879 scriptores,

686 2909 718 2968 61
738 2901 868 2965 forsitan
889 2907 1010 2984 poetae.
1031 2899 1205 2976 Novimus,
1229 2908 1424 2985 quantopere
1442 2900 1499 2966 illa
1512 2909 1614 2966 661616
1626 2900 1775 2965 adamata
1788 2902 1887 2966 166611

685 3028 722 3073 66
745 3009 827 3070 ratio
851 3006 1054 3092 excogitandi
1073 3006 1259 3081 historiam,
1281 3027 1299 3069 a
1318 3027 1381 3092 666
1400 3028 1500 3092 66666
1522 3006 1694 3072 Alexandri
1714 3010 1886 3093 scriptores

686 3134 788 3197 neque
814 3113 963 3176 Antiochi
988 3113 1188 3177 abstinebant
1211 3151 1250 3160 -
1273 3116 1350 3197 quin
1374 3135 1446 3178 mor
1472 3135 1512 3178 ne
1534 3113 1645 3179 Iudaei
1667 3114 1805 3198 quidem
1829 3114 1886 3179 Pa·

686 3219 893 3284 laestinenses
907 3217 942 3297 1).

732 3322 918 3388 Aeneadum
948 3325 1097 3388 historias
1122 3327 1268 3389 inventas
1293 3346 1360 3389 esse
1383 3346 1400 3388 a
1424 3326 1631 3409 scriptoribus
1655 3325 1884 3410 Pergamenis,

688 3453 749 3515 quo
774 3434 892 3495 arctius
916 3430 1082 3494 vinculum
1107 3433 1315 3516 coniungeret
1333 3438 1464 3515 gent-em
1483 3430 1663 3496 Romanam
1682 3453 1758 3496 cum
1779 3430 1887 3497 Troia·

688 3540 755 3612 nis,
781 3557 1027 3621 communesque
1051 3540 1161 3620 proavi
1186 3543 1291 3601 essent
1313 3537 1433 3601 Romae
1457 3542 1490 3601 61
1512 3538 1687 3622 Pergamo,
1712 3537 1813 3602 hodie
1833 3541 1886 3602 vix

688 3649 793 3708 exstat
826 3645 881 3726 qui
912 3649 1018 3729 neget.
1056 3642 1181 3707 Diserte
1214 3643 1251 3707 de
1282 3642 1340 3707 hac
1371 3665 1404 3707 re
1429 3642 1696 3708 Wilamowitaius
1720 3646 1790 3707 iam
1814 3657 1886 3708 ante

687 3770 785 3814 annos
817 3748 890 3833 plus
922 3750 1042 3833 viginti
1071 3752 1118 3813 ita
1141 3748 1307 3813 iudicavit:
1334 3748 1398 3823 „Es
1422 3749 1555 3813 braucht
1579 3748 1664 3813 wohl
1688 3771 1750 3812 nur
1774 3771 1887 3836 ausgo

688 3854 843 3940 sprochen
868 3876 905 3917 zu
930 3854 1073 3929 werden,
1096 3854 1165 3918 dass
1184 3858 1217 3917 in
1236 3856 1417 3940 Pergamon
1437 3854 1621 3919 wesentlich
1642 3856 1691 3918 die
1712 3855 1886 3921 1116616616

690 3963 888 4044 Aeneaseage
913 3957 1124 4042 ausgestaltet
1147 3958 1211 4022 ist”
1236 3961 1352 4040 (Antip.
1374 3983 1401 4024 v.
1426 3962 1547 4045 [166661.
1573 3984 1603 4045 p.
1627 3960 1713 4042 161).
1739 3959 1805 4025 Sed
1824 3983 1885 4026 non

690 4066 795 4131 solum
816 4072 986 4151 poetarum
1005 4068 1146 4129 inventis
1165 4069 1303 4151 priscam
1317 4067 1530 4132 Romanorum
1545 4068 1714 4133 historiam
1724 4067 1886 4133 illustrari

690 4177 784 4238 iussit
803 4172 949 4247 Attalus,
970 4169 1061 4236 cultu
1081 4191 1206 4255 quoque
1227 4175 1428 4236 sanctissimo
1441 4175 1517 4237 haec
1529 4176 1660 4238 inventa
1672 4174 1883 4251 corroborari,

689 4282 865 4345 amicitiam
890 4281 1138 4361 societatemque
1158 4276 1337 4342 Romanam
1357 4282 1424 4341 suis
1444 4280 1568 4362 sibique
1588 4278 1727 4354 firmari,
1747 4277 1885 4343 Romam

688 4408 706 4451 a
731 4386 889 4470 Pergamo
909 4405 997 4448 sacra
1015 4382 1170 4469 religione
1190 4390 1222 4448 et
1241 4382 1375 4449 salutari
1396 4384 1507 4449 donari
1526 4383 1641 4449 voluit.
1662 4384 1732 4448 Hoc
1752 4384 1885 4450 consilio

684 4492 718 4558 id
743 4494 812 4579 egit
837 4497 874 4554 ut
897 4489 1012 4555 Matris
1036 4511 1171 4576 magnae
1193 4489 1300 4555 cultus
1324 4490 1475 4556 solemnis
1501 4490 1621 4557 Romae
1645 4493 1883 4558 institueretur.

724 4784 748 4842 l)
765 4783 893 4831 laconicae
908 4781 1024 4845 epistulae
1038 4779 1191 4842 ἀντίγραφον
1206 4778 1357 4828 asservabant
1373 4780 1507 4829 Maccabaei
1517 4782 1606 4843 (Maec.
1616 4780 1636 4829 I.
1648 4781 1687 4830 la.
1698 4783 1755 4843 20):
1773 4784 1884 4846 ’Oratim

688 4865 809 4923 βασιλεὺς
833 4866 997 4924 Σπαρτιατῶν
1022 4862 1091 4925 Ὀνίᾳ
1115 4864 1173 4921 16ρεῖ
1194 4860 1300 4924 μεγάλῳ
1325 4862 1429 4923 χαίρειν.
1453 4860 1534 4922 εὑρέθη
1559 4860 1582 4910 ἐν
1606 4866 1690 4927 γραφῇ
1712 4867 1772 4926 περί
1786 4884 1817 4917 τε
1834 4873 1882 4917 τᾶν

686 4949 848 5004 Σπαρτιατῶν
865 4946 906 4993 καὶ
927 4942 1049 5001 ’laudatore
1066 4943 1105 4993 lira
1123 4942 1184 4992 eicis
1202 4942 1316 5006 ἀδελφοὶ,
1334 4941 1376 4990 nai
1393 4941 1432 4991 dri
1450 4943 1512 4993 61616
1531 4942 1557 5011 ἐξ
1575 4947 1700 5010 Ἀβραάμ.
