5125 6150
1113 846 1254 895 neurus.
1707 826 1771 892 115

581 1012 774 1087 traheretur,
800 1011 979 1075 violentum
1004 1016 1034 1074 et
1059 1012 1219 1076 infensum
1243 1015 1348 1076 ratus:
1374 1011 1427 1077 sed
1451 1034 1489 1077 ex
1513 1015 1686 1077 coniuratis
1706 1032 1776 1076 con·

582 1118 659 1183 silia
690 1139 763 1182 oum
793 1116 922 1182 Vestino
953 1139 1014 1182 non
1044 1120 1238 1182 miscuerant
1262 1118 1393 1203 quidam
1417 1121 1555 1183 vetustis
1578 1121 1612 1181 in
1635 1138 1708 1182 cum
1734 1119 1775 1182 si·

582 1223 793 1299 multatibus,
819 1223 943 1309 plures,
966 1226 1040 1308 quia
1060 1226 1267 1309 praecipitem
1286 1229 1318 1289 et
1337 1225 1554 1289 insociabilem
1575 1225 1771 1290 metuebant.

583 1329 737 1397 Ceterum
767 1329 885 1395 Neroni
916 1328 1026 1395 odium
1057 1330 1208 1394 adversus
1230 1329 1399 1395 Vestinum
1422 1356 1457 1394 ec
1481 1333 1588 1395 ictimc
1610 1331 1773 1396 sedulitate

583 1442 747 1522 coeperat,
768 1436 846 1500 dum
867 1438 917 1501 hic
937 1439 1102 1523 ignaviam
1122 1439 1276 1522 principis
1296 1440 1423 1523 penitus
1443 1442 1608 1525 cognitam
1620 1438 1772 1523 despicit,

580 1543 637 1609 ille
652 1543 803 1628 ferocium
822 1544 910 1607 amici
929 1546 1063 1620 metuit,
1085 1563 1176 1628 saepe
1196 1544 1313 1626 ceperis
1322 1545 1454 1629 facetiis
1473 1546 1593 1621 illaesus,
1614 1565 1695 1630 quae
1715 1544 1770 1607 ubi

580 1650 726 1716 multum
750 1672 788 1715 er
811 1672 886 1715 vero
910 1655 1050 1727 traxere,
1074 1670 1179 1714 acrem
1202 1653 1253 1714 sni
1277 1654 1467 1716 memoriam
1492 1650 1686 1736 relinquunt.

628 1759 657 1821 A
682 1760 914 1833 coniuratione,
939 1778 1018 1841 quae
1041 1755 1160 1821 Neroni
1183 1777 1293 1822 revera
1315 1757 1396 1822 facta
1420 1768 1486 1834 est,
1512 1763 1710 1822 transeamus
1729 1754 1769 1820 ad

578 1864 731 1940 insidias,
753 1885 829 1948 quas
849 1863 975 1927 Tiberio
995 1872 1131 1927 structas
1151 1866 1307 1927 mentitus
1327 1869 1375 1927 est
1393 1865 1549 1948 pessimus
1570 1861 1768 1927 mortalium.

580 1970 630 2036 De
650 1969 770 2034 Firmic
790 1968 869 2036 (lato
890 1969 1020 2033 Libonis
1040 1968 1135 2034 Drusi
1155 1967 1383 2034 calumniatore
1403 1970 1558 2055 quaedam
1577 1972 1612 2034 in
1627 1968 1770 2034 medium

581 2077 753 2163 proferam.
778 2076 840 2141 Res
865 2097 883 2139 a
905 2074 1015 2140 Tacito
1040 2078 1085 2140 sic
1108 2081 1255 2140 narratur
1278 2077 1374 2155 (Anu.
1398 2076 1439 2154 Π,
1465 2075 1537 2158 27);

628 2183 770 2247 Firmius
802 2181 901 2250 (latus
926 2188 1061 2258 senator,
1087 2202 1125 2246 er
1148 2184 1263 2247 intima
1286 2182 1415 2247 Libonis
1439 2185 1597 2261 amicitia,
1621 2184 1772 2247 iuvenem

581 2288 804 2375 improvidum
840 2296 872 2353 et
906 2287 1032 2352 facilem
1066 2289 1231 2364 inanibus,
1263 2289 1302 2353 ad
1335 2287 1566 2355 Chaldaeorum
1597 2291 1769 2375 promissa,

583 2417 756 2483 magorum
792 2416 895 2472 sacra,
931 2397 1129 2459 somniorum
1161 2397 1259 2459 etiarn
1290 2397 1478 2481 interpretes
1509 2395 1657 2480 impulit,
1693 2394 1770 2458 dum

584 2523 741 2591 proavum
774 2501 983 2586 Pompeium,
1015 2504 1149 2565 amitam
1181 2500 1397 2579 Scriboniam,
1423 2523 1502 2588 quae
1526 2502 1684 2587 quondam
1708 2503 1770 2565 Au-

581 2611 673 2696 gusti
703 2611 839 2673 coniunx
862 2608 981 2684 fuerat,
1006 2607 1208 2671 consobrinos
1232 2605 1397 2686 Caesares,
1422 2609 1550 2693 plenam
1573 2606 1779 2694 imaginihus

584 2716 715 2781 domum
740 2720 895 2791 ostentat,
920 2714 1128 2798 hortaturque
1152 2713 1191 2778 ad
1214 2712 1330 2805 luxqm
1354 2721 1386 2779 ct
1408 2735 1460 2780 aes
1481 2714 1640 2790 alienum,
1665 2716 1769 2780 socius

582 2821 756 2887 libidinum
781 2828 813 2886 et
837 2823 1078 2897 necessitatum,
1104 2841 1166 2904 quo
1190 2818 1337 2906 pluribus
1360 2820 1485 2885 indiciis
1508 2820 1666 2908 inligaret.

630 2927 665 2992 Si
693 2928 771 2993 Libo
802 2927 933 2992 liberius
963 2925 1146 3011 lentiusque
1177 2929 1260 2991 vivit
1292 2933 1325 2992 et
1355 2948 1407 2992 aes
1430 2926 1569 2992 alienum
1594 2925 1770 3000 contrahit,

587 3032 692 3120 palam
722 3033 759 3099 fit
790 3054 863 3099 eum
895 3054 1022 3097 summa
1045 3053 1189 3118 quaeque
1213 3053 1339 3117 sperare
1363 3038 1395 3099 et
1418 3040 1616 3120 exspectare,
1642 3035 1772 3119 eiusque

585 3144 671 3205 vitae
691 3138 788 3208 Catus
812 3160 938 3205 consors
961 3161 1034 3204 curn
1058 3139 1111 3216 fit,
1136 3139 1239 3204 multa
1261 3143 1294 3204 in
1318 3140 1473 3205 Libonem
1498 3147 1602 3225 potest
1621 3138 1771 3226 colligere

583 3247 709 3311 indicia.
741 3246 810 3311 Hoc
841 3245 879 3309 ad
907 3244 1156 3331 intelligendum
1190 3266 1252 3310 non
1282 3249 1329 3311 ita
1360 3252 1409 3311 est·
1439 3246 1575 3311 difficile.
1606 3246 1715 3332 Magis
1738 3248 1771 3309 in

583 3351 746 3418 vocabulis
772 3353 868 3416 socius
892 3352 1098 3415 necessitatem
1121 3353 1300 3417 haeremus.
1325 3351 1408 3418 Nam
1431 3356 1458 3417 si
1482 3374 1559 3418 voce
1582 3354 1771 3416 necessitates

583 3458 759 3545 significari
778 3462 937 3522 sumimus
957 3458 1002 3521 rei
1013 3457 1192 3543 familiaris
1211 3465 1365 3540 egestatem
1385 3466 1473 3545 etque
1492 3459 1639 3543 inopium,
1659 3480 1771 3545 rogare

582 3567 687 3630 subit:
724 3586 925 3651 ,unquamne
949 3568 1119 3650 quisquam
1141 3566 1175 3628 in
1200 3584 1271 3629 aere
1295 3564 1398 3630 alieno
1421 3565 1634 3631 contrahendo
1658 3586 1691 3630 se
1713 3564 1770 3630 alii

585 3674 640 3737 dat
670 3676 837 3749 comitem,
869 3673 964 3757 idque
992 3672 1063 3737 ideo
1088 3678 1124 3735 ut
1146 3671 1236 3736 illius
1260 3679 1428 3759 cognoscat
1452 3673 1583 3738 consilia
1606 3670 1769 3739 secreta?”

584 3779 665 3844 Tam
696 3779 832 3844 absurda
862 3800 898 3844 ea
929 3801 977 3843 res
1008 3778 1136 3842 videtur
1166 3785 1205 3842 ut
1234 3799 1409 3864 propensus
1435 3779 1492 3844 fias
1516 3779 1555 3845 ad
1577 3780 1769 3846 credendum

586 3887 791 3950 necessitatum
820 3887 866 3950 ita
896 3888 996 3971 accipi
1026 3885 1138 3949 debere
1169 3892 1206 3949 ut
1228 3885 1315 3950 idem
1339 3887 1383 3950 sit
1405 3886 1489 3971 quod
1510 3888 1769 3952 necessitudinum.

585 3991 648 4056 Sed
671 3995 716 4056 ita
739 4012 851 4056 vocem
873 3990 964 4055 illam
987 3992 1189 4076 interpretari
1214 3996 1245 4055 te
1265 3998 1354 4055 vetat
1373 3996 1558 4079 perspicuus
1580 3991 1771 4078 „parallelis

586 4097 680 4162 mus”
713 4101 768 4183 qui
796 4100 898 4162 estin
922 4098 1044 4162 verbis:
1069 4097 1208 4160 hortatur
1231 4098 1273 4160 cd
1294 4097 1396 4161 lucem
1420 4106 1449 4162 et
1471 4123 1521 4163 cce
1541 4099 1671 4165 alienum

583 4206 680 4269 socies
699 4204 858 4267 libidinem
879 4211 907 4267 et
926 4204 1139 4267 necessitatem.
1160 4203 1288 4289 Ergone
1307 4206 1403 4269 sociem
1422 4205 1517 4292 paulo
1533 4205 1665 4271 liberius
1676 4208 1773 4270 inter·

584 4319 749 4398 pretemur
772 4318 809 4375 ut
833 4308 931 4376 (latus
955 4332 1017 4375 non
1042 4310 1166 4375 dicatur
1189 4318 1221 4375 et
1240 4313 1309 4397 ipse
1329 4331 1381 4377 aes
1400 4315 1592 4378 contraxisse
1612 4310 1773 4389 alienum,

585 4418 639 4483 sed
659 4418 797 4483 adfuisse
818 4417 1057 4495 tantummodo,
1079 4438 1153 4482 cum
1173 4416 1276 4483 denuo
1290 4422 1458 4504 pecuniam
1470 4424 1619 4484 mutuam
1632 4423 1772 4484 sumeret

584 4525 664 4590 Libo
694 4531 726 4589 et
756 4545 848 4588 suam
878 4526 1105 4609 interposuisse
1138 4522 1254 4589 fidem?
1285 4524 1421 4590 Difficile
1445 4530 1493 4589 est
1517 4524 1691 4611 quidquam
1714 4544 1770 4608 pro

583 4638 669 4697 certo
705 4630 876 4707 affirmare,
912 4633 986 4716 quia
1020 4637 1086 4695 tota
1120 4634 1259 4696 narratio
1291 4634 1346 4696 vir
1376 4630 1477 4696 ullam
1508 4632 1602 4696 habet
1633 4632 1770 4716 speciem

584 4741 661 4804 veri.
694 4740 757 4802 Ain
786 4736 883 4803 verul
912 4737 1153 4802 Adolescentem
1184 4736 1223 4803 de
1252 4737 1377 4802 insidiis
1401 4737 1526 4803 Tiberio
1550 4737 1709 4803 struendis
1733 4758 1772 4803 ne

585 4849 780 4933 cogitantem
799 4845 929 4930 quidem
950 4842 1048 4911 Catus
1067 4843 1234 4929 impulerit
1252 4850 1291 4909 ut
1310 4866 1347 4910 ea
1361 4851 1500 4930 speraret
1515 4850 1773 4931 exspectaretque

587 4973 669 5039 quae
699 4955 762 5038 ipsi
791 4952 916 5018 funesta
940 4957 1029 5016 erant
1052 4951 1176 5030 future,
1201 4950 1303 5036 adque
1327 4971 1378 5017 eas
1400 4954 1536 5038 ineptias
1558 4974 1633 5019 eum
1656 4955 1698 5018 sit
1722 4951 1773 5018 ad·
