5125 6150
735 846 801 909 406
1104 861 1146 906 nn
1171 861 1399 908 smeroraaum
1422 863 1559 910 rnuruu.

737 1028 1008 1110 „investigarent‚
1033 1025 1150 1108 quibus
1173 1030 1206 1088 et
1229 1029 1357 1109 tempus
1380 1031 1467 1090 actae
1491 1025 1617 1091 fabulae
1641 1032 1674 1091 et
1696 1026 1928 1094 dissimilitudo

737 1132 866 1214 „[faciei
890 1129 956 1212 val]
979 1151 1108 1195 morum
1131 1131 1170 1195 ab
1194 1130 1406 1215 Aristophane
1430 1137 1539 1196 notata
1563 1133 1780 1198 conveniret''.

782 1235 851 1316 Quo
870 1236 1005 1300 tendunt
1026 1237 1124 1299 etiam
1144 1236 1240 1300 verba
1259 1235 1389 1301 scholii:
1413 1236 1486 1314 „xci
1508 1237 1538 1298 tv
1557 1246 1595 1316 τῇ
1614 1237 1724 1302 Ἰλιάδι
1736 1238 1928 1319 σαφέστερον

738 1338 836 1419 »οἶδεν
869 1341 885 1414 i
918 1342 1001 1405 sarci
1035 1340 1203 1417 Albanos&
1240 1362 1321 1426 quae
1356 1341 1425 1406 loco
1457 1341 1561 1408 alieno
1592 1341 1684 1408 illata
1714 1365 1783 1409 esse
1815 1348 1927 1410 statuit

735 1448 881 1524 Dindorf,
912 1447 1151 1533 Hemsterhuys
1182 1453 1291 1512 autem
1322 1449 1518 1533 ingeniosius
1549 1454 1582 1512 et
1610 1447 1715 1514 lenius
1739 1471 1838 1534 quam
1862 1472 1927 1536 pro

735 1553 875 1619 habilius
896 1575 953 1636 pro
978 1561 1036 1631 „sq
1061 1552 1193 1617 'lardtr''
1217 1553 1374 1617 scribebat
1399 1552 1611 1634 ,,Γνρυτιὶδν”.
1635 1553 1796 1639 Equidem
1819 1577 1926 1621 vereor

736 1664 773 1725 ut
803 1662 836 1724 in
867 1661 1032 1745 integrum
1057 1660 1186 1723 restitui
1208 1661 1332 1743 possint
1355 1660 1452 1723 verba
1474 1661 1655 1725 miserrime
1679 1668 1849 1746 corrupta,
1874 1661 1926 1727 sed

739 1787 801 1852 qua
824 1766 863 1830 de
886 1787 919 1829 re
942 1770 1059 1851 agatur
1081 1767 1259 1851 perspicere
1283 1765 1364 1829 mihi
1387 1764 1506 1831 videor.
1532 1764 1619 1830 Olim
1642 1768 1719 1832 huic
1744 1770 1855 1833 versui
1877 1767 1926 1833 ad·

735 1876 891 1956 scriptum
921 1873 1001 1935 fuit:
1032 1872 1142 1947 „ctiam
1165 1871 1200 1934 νἰν
1224 1871 1327 1934 Iliade
1350 1874 1476 1956 saepius
1499 1871 1714 1959 homonymos
1737 1876 1825 1938 viros
1848 1895 1927 1939 com·

738 1981 948 2056 „memorari,
970 1999 1068 2062 quam
1086 1999 1152 2042 rem
1173 1978 1212 2041 ab
1234 1977 1416 2042 Aristarcho
1437 1985 1574 2042 accurate
1594 1983 1926 2066 essepervestigatam

737 2093 831 2164 „tecte
857 2084 1019 2167 Didymo'’.
1052 2085 1263 2149 Meminimus
1287 2087 1375 2148 enim
1399 2086 1536 2169 priscam
1559 2085 1653 2150 illam
1676 2090 1926 2152 controversiam

735 2191 773 2256 de
804 2189 998 2277 Pylaemene
1023 2196 1252 2274 postmortem
1277 2189 1344 2254 tilio
1369 2193 1519 2274 exequias
1542 2194 1649 2269 eunti,
1675 2212 1771 2277 quam
1797 2193 1927 2271 ἀπορίαν

735 2299 918 2362 coniectura
940 2295 1085 2361 solvebat
1106 2294 1304 2373 Zenodotus,
1329 2296 1556 2382 homonymiae
1580 2318 1639 2381 ope
1665 2298 1882 2363 Aristarchus.

780 2402 924 2487 Denique
943 2400 1222 2466 commemoranda
1240 2406 1290 2465 est
1301 2421 1398 2486 sagax
1412 2402 1567 2486 quaedam
1580 2402 1765 2489 Kappeynii
1777 2407 1925 2489 suspicio.

711 2507 796 2589 ,Qui
831 2506 955 2573 collatis
984 2507 1090 2572 verbis
1125 2506 1368 2571 Demosthenis:
1405 2506 1506 2584 „olim
1537 2508 1728 2593 proditionis
1759 2509 1926 2575 damnatos

736 2615 857 2691 „fuisse
886 2612 1057 2700 Ergoclem
1088 2613 1284 2699 Dionysium
1316 2612 1428 2690 alios’',
1460 2613 1698 2698 Xenophontis:
1731 2636 1836 2692 „anno
1861 2613 1925 2681 481

735 2720 949 2806 „Dionysium
975 2718 1133 2804 quendam
1156 2726 1187 2783 et
1210 2717 1450 2804 Thrasybulum
1475 2718 1694 2805 Collytensem
1714 2720 1809 2786 classi
1829 2723 1926 2787 Athe

737 2828 920 2904 „niensium
952 2824 1158 2910 praefuisse'’‚
1191 2822 1305 2889 scholii
1329 2827 1447 2889 nostri:
1474 2826 1626 2901 „fortasse
1650 2829 1827 2913 perstringi
1852 2827 1926 2893 Dio·

736 2934 887 3017 „nysium
907 2932 1037 2995 fratrem
1057 2929 1252 3016 Thrasybuli
1272 2928 1501 3015 Oollytensis'',
1521 2931 1707 3016 perhibebat
1718 2931 1817 2997 illum
1829 2955 1925 3019 quem

733 3037 913 3122 Xenophon
944 3043 1175 3103 commemorat
1206 3035 1398 3121 Dionysium
1430 3035 1578 3123 Ergoclis
1602 3059 1696 3104 causa
1718 3038 1924 3124 implicatum

732 3145 830 3208 181888
861 3152 893 3208 et
923 3151 1030 3209 nostro
1062 3143 1130 3209 loco
1162 3146 1276 3208 notari.
1313 3142 1461 3227 Speciosa
1493 3146 1632 3229 profecto
1664 3151 1924 3231 argumentatio:

732 3249 829 3315 fallax
862 3257 979 3314 tamen.
1014 3250 1057 3314 Dt
1084 3248 1278 3335 Thrasybuli
1310 3249 1441 3332 quidem
1473 3247 1669 3336 Collytensis
1701 3272 1840 3331 nomen,
1865 3255 1925 3318 viri

731 3355 838 3420 multo
872 3358 980 3419 minus
1015 3355 1091 3419 olari
1127 3375 1222 3438 quam
1255 3353 1336 3419 alter
1367 3355 1470 3419 fuerat
1500 3354 1743 3442 Thrasybulus„
1773 3359 1832 3421 vix
1865 3360 1925 3423 hnc

732 3463 818 3525 facit.
855 3461 916 3527 Oui
948 3463 1079 3527 fratrem
1109 3461 1208 3525 fuisse
1239 3459 1450 3545 Dionysium,
1483 3460 1516 3524 id
1548 3460 1585 3526 de
1613 3483 1671 3526 suo
1695 3464 1808 3546 opinor
1834 3464 1926 3528 finxit

731 3570 963 3653 grammaticus
987 3569 1151 3642 recentior,
1182 3569 1237 3650 qui
1267 3586 1431 3650 perperam
1463 3565 1672 3631 arbitraretur
1702 3568 1777 3631 duos
1800 3571 1925 3651 fratres

732 3695 816 3737 nunc
847 3694 865 3737 a
893 3675 1012 3737 comico
1043 3676 1127 3736 inter
1157 3693 1189 3736 se
1217 3673 1409 3756 comparari,
1435 3672 1662 3756 Paupertatem
1687 3675 1775 3737 enim
1800 3674 1925 3740 Mendi-

733 3782 839 3843 citatis
867 3799 1006 3842 sororem
1038 3778 1133 3842 modo
1166 3799 1232 3841 esse
1263 3777 1399 3853 dictam,
1426 3814 1465 3824 -
1490 3775 1566 3842 licet
1597 3798 1634 3842 aa
1663 3776 1762 3842 huius
1794 3779 1862 3846 loci
1885 3786 1924 3846 sit

733 3888 814 3950 ratio
847 3890 883 3948 ut
913 3886 1042 3948 omnino
1074 3883 1129 3947 fiat
1159 3883 1315 3947 absurdus
1345 3885 1373 3946 81
1403 3904 1514 3947 revera
1543 3883 1678 3947 fratrum
1712 3883 1848 3969 aliquod
1872 3908 1924 3973 par

732 3993 977 4055 commemorari
999 4010 1175 4053 sumamus.
1198 3989 1309 4054 Restat
1334 4010 1449 4053 nomen
1476 3988 1633 4074 Dionysii.
1657 3991 1759 4074 Atqui
1778 3994 1808 4056 18
1830 4015 1923 4079 quem

732 4097 858 4161 volebat
889 4096 1063 4182 Kappeyne
1096 4102 1221 4180 praetor
1251 4096 1314 4159 fuit
1345 4116 1426 4159 anno
1462 4093 1537 4171 487,
1568 4096 1676 4179 itaque
1699 4105 1830 4163 constat
1853 4121 1922 4166 eum

733 4224 794 4266 non
830 4203 957 4266 biennio
991 4208 1064 4266 ante
1095 4200 1193 4265 simul
1224 4222 1299 4266 cnm
1330 4199 1467 4285 hirgocle
1498 4200 1596 4264 fuisse
1629 4200 1842 4282 damnatum,
1875 4204 1923 4270 sed

732 4308 898 4394 postmodo
929 4311 1118 4372 intentatam
1149 4310 1269 4372 siesse
1293 4305 1386 4370 litem
1411 4327 1508 4390 quam
1532 4305 1764 4373 Demosthenes
1789 4331 1923 4376 comme

733 4420 855 4489 morat,
880 4415 1038 4478 comicum
1064 4414 1167 4498 igitur
1190 4419 1298 4477 nostro
1321 4410 1389 4476 loco
1414 4414 1568 4496 respicere
1592 4431 1661 4475 eam
1686 4434 1750 4476 non
1771 4420 1920 4499 potuisse.

777 4627 829 4693 Vs.
857 4626 921 4692 593
946 4630 979 4690 in
1004 4628 1109 4692 verbis
1133 4626 1352 4711 Paupertatis:

957 4732 992 4795 ri
1017 4733 1079 4810 γὰρ
1104 4733 1278 4809 ἀντιλέγειν
1304 4733 1426 4807 τιλμῖιν
1449 4728 1532 4804 ὑμᾶς
1558 4732 1640 4793 ...l

738 4860 799 4902 non
817 4843 894 4903 satis
906 4841 1061 4924 perspicio
1075 4837 1151 4921 quid
1163 4839 1223 4902 sibi
1237 4836 1316 4902 velit
1328 4833 1485 4921 particula
1497 4834 1569 4911 γάρ,
1583 4856 1644 4899 888
1657 4838 1746 4901 enirn
1759 4841 1920 4908 cohaerent

734 4943 810 5007 haec
834 4966 906 5008 cum
931 4948 970 5008 118
995 4964 1075 5028 quae
1099 4943 1299 5008 antecedunt.
1330 4942 1529 5026 Quapropter
1553 4944 1696 5026 suspicor
1720 4966 1838 5012 verum
1862 4967 1918 5014 essa

679 5283 847 5361 A
