5125 6150
769 872 771 877 ’
800 857 864 922 190
1322 879 1462 925 reorros.

798 1041 984 1117 βουλόμεναι
1010 1044 1140 1120 ἀνελεῖν,
1165 1044 1329 1121 ἐφείσαντο
1355 1045 1385 1108 δὲ
1410 1047 1504 1108 αὐτοῦ
1528 1053 1642 1120 πρῶτον
1665 1048 1720 1119 μὲν
1743 1047 1794 1110 διὰ
1817 1047 1875 1117 τὰς
1900 1046 1986 1110 Μοθ-

797 1172 873 1224 σας,
898 1147 1008 1214 ἔπειτα
1032 1150 1062 1214 δὲ
1086 1149 1343 1226 βεβαιοσαμθνον
1367 1150 1476 1225 μηκέτι
1502 1154 1602 1223 αὐτοῖς
1627 1159 1726 1223 κακῶς
1750 1155 1824 1230 ἐρεῖν

799 1277 863 1319 non
894 1255 947 1320 vel
977 1256 1083 1321 ridens
1113 1255 1165 1321 vel
1196 1257 1456 1343 indignabundus
1478 1257 1642 1323 misellum
1665 1262 1916 1344 grammaticum
1940 1260 1987 1324 fa·

799 1381 918 1426 cessere
936 1363 1044 1439 iubet,
1065 1365 1119 1447 qui
1141 1362 1223 1447 quod
1242 1364 1342 1428 facete
1360 1366 1484 1428 iocatus
1503 1371 1551 1429 est
1570 1366 1797 1450 Aristophanes
1815 1373 1987 1450 tamquam

800 1489 868 1533 rem
894 1490 973 1554 quae
999 1490 1109 1534 revera
1133 1472 1274 1534 evenerit
1297 1467 1419 1534 tradat?

843 1574 962 1640 Verum
991 1578 1154 1640 cautiorne
1185 1582 1217 1640 et
1239 1576 1425 1661 prudentior
1448 1578 1481 1640 in
1505 1577 1698 1663 proferendis
1722 1580 1763 1641 iis
1787 1599 1866 1663 quae
1891 1578 1987 1644 lando

800 1680 924 1746 audivit
955 1680 1085 1745 Tacitus
1115 1703 1182 1746 esse
1213 1678 1314 1746 solet?
1346 1680 1449 1746 Immo
1481 1704 1555 1748 vero
1586 1687 1619 1747 in
1643 1704 1763 1748 errores
1785 1684 1898 1748 incidit
1921 1706 1987 1750 non

798 1792 905 1853 minus
924 1790 1074 1877 ineptos,
1087 1808 1181 1874 quam
1202 1787 1257 1851 ille
1276 1796 1324 1852 est
1344 1810 1439 1873 quem
1460 1811 1498 1853 ex
1513 1789 1675 1874 Euripidis
1687 1791 1759 1854 Vita
1772 1790 1877 1855 attuli.
1899 1790 1987 1869 Quid

797 1894 880 1980 quod
905 1917 1032 1977 prorsus
1054 1896 1151 1958 codem
1173 1897 1255 1957 modo
1279 1915 1406 1979 peceare
1429 1899 1546 1980 potuit.
1572 1893 1663 1961 Oerte
1685 1897 1775 1959 semel
1796 1897 1829 1961 id
1853 1900 1882 1962 ei
1907 1900 1986 1962 acci-

795 2000 878 2065 disse
897 2003 962 2064 iam
981 2022 1038 2086 pro
1058 2008 1143 2066 certo
1163 2005 1294 2065 constet.
1315 2000 1386 2066 Hoc
1406 2005 1461 2086 qui
1480 2009 1587 2088 negat,
1607 2024 1681 2067 eum
1701 2004 1787 2088 sugit
1799 2003 1986 2067 doctissima

798 2107 971 2192 quaedam,
1012 2109 1286 2193 ingeniosissima,
1323 2108 1362 2171 ad
1396 2107 1569 2194 legendum
1603 2109 1833 2173 iucundissime
1865 2109 1987 2175 Naberi

797 2216 899 2278 nostri
923 2214 1098 2298 disputatio
1120 2215 1163 2276 in
1177 2212 1406 2300 Mnemosyncs
1430 2214 1494 2279 vol.
1520 2214 1563 2279 20
1588 2217 1637 2294 (A.
1661 2213 1760 2294 1892)
1782 2239 1813 2300 p.
1836 2215 1902 2279 410
1915 2238 1984 2301 sqq.

800 2320 1045 2385 demonstrantis
1065 2301 1270 2404 quaeeunque
1291 2319 1329 2384 de
1350 2319 1422 2384 Silii
1439 2320 1691 2405 Messalinaeque
1708 2323 1830 2405 nuptiis
1843 2342 1861 2385 a
1874 2320 1987 2386 Tacito

799 2426 970 2491 traduntur
991 2427 1086 2509 facto
1108 2446 1174 2490 esse
1197 2446 1361 2510 nunquam
1385 2425 1438 2490 sed
1462 2433 1530 2489 oete
1552 2430 1585 2490 in
1609 2447 1700 2491 soene
1723 2427 1877 2511 quedam,
1903 2427 1987 2492 Mes

799 2532 899 2598 salina
922 2534 955 2595 iu
978 2532 1079 2596 hortis
1103 2534 1168 2596 suis
1192 2532 1409 2616 spectaculum
1434 2532 1545 2597 edente
1568 2553 1630 2617 quo
1654 2531 1786 2610 Bacchi,
1811 2532 1986 2611 Ariadnes,

801 2639 952 2716 Penthei,
992 2638 1188 2703 Baccharum
1228 2638 1372 2723 partibus
1413 2641 1477 2703 viri
1517 2638 1730 2724 mulieresque
1772 2639 1988 2724 fungerentur

798 2745 930 2811 nobiles.

844 2851 891 2916 De
923 2856 991 2915 toto
1023 2857 1131 2915 autem
1162 2853 1293 2936 navigio
1322 2853 1385 2915 isto
1416 2851 1535 2916 nefario
1566 2850 1654 2915 idem
1685 2850 1892 2916 statuendum
1917 2873 1986 2917 esse

799 2960 923 3022 invitus
959 2962 1096 3022 testatur
1130 2956 1191 3023 Dio
1225 2956 1354 3024 Cassius
1384 2957 1600 3043 (Xiphilinus)
1630 2958 1666 3024 L.
1696 2957 1772 3023 LXI
1803 2980 1829 3023 c.
1864 2957 1906 3021 59
1940 2963 1987 3023 ita

798 3084 946 3130 narrans:

846 3172 910 3235 ἐπεὶ
944 3171 975 3234 δὲ
1006 3172 1039 3233 ἐν
1070 3175 1122 3234 τοῦ
1154 3175 1326 3249 προφανοῦς
1358 3171 1463 3235 ὤκνουν
1489 3174 1526 3249 (ii
1550 3174 1604 3256 qui
1627 3171 1743 3237 Neroni
1767 3175 1881 3236 matris
1905 3176 1986 3238 occi·

801 3278 919 3343 dendae
952 3277 1100 3341 dederant
1129 3277 1312 3357 consilium)
1343 3280 1377 3342 τθ
1409 3275 1493 3358 ἔργον
1526 3278 1577 3341 καὶ
1608 3279 1712 3358 κρύφα
1737 3279 1786 3343 διὰ
1811 3280 1986 3357 Φαρμάκων

800 3386 853 3448 cdx
881 3380 966 3463 εἶχον
989 3385 1085 3455 αὐτὴν
1110 3385 1228 3448 οῖνελεῖν
1253 3385 1374 3464 (πάντα
1398 3384 1461 3461 γαρ
1487 3385 1582 3458 dasian
1607 3386 1739 3465 ἰσχυρῶς
1764 3386 1987 3468 ἐφυλάσσετο),

802 3496 875 3555 ναῦν
906 3490 1017 3561 ῖδθνσεο
1050 3495 1079 3553 ἐν
1110 3492 1152 3570 τῷ
1183 3489 1296 3569 θεάτρῳ
1328 3490 1525 3566 διαλυομένην
1557 3515 1590 3553 τε
1616 3493 1710 3566 αὐτὴν
1734 3492 1785 3569 ἐφ’
1811 3493 1905 3561 αὐτῆς
1932 3492 1987 3555 καί

801 3622 869 3662 τινα
894 3598 979 3675 θνρθα
1003 3597 1151 3674 ἀφιεῖσαν
1173 3598 1225 3660 καὶ
1245 3599 1468 3671 συνισταμένην
1487 3593 1527 3661 αὖ
1547 3598 1643 3661 πάλιν
1662 3596 1739 3662 ὥστε
1760 3597 1812 3661 καῖ
1834 3598 1986 3676 ἐρρῶσθαι,

800 3704 944 3776 τοιαύτην
968 3704 1071 3780 ἑτέραν
1095 3704 1219 3781 ταχέως
1243 3704 1507 3781 ἕναυσνγθσανσο.

845 3812 905 3887 At,
930 3831 947 3874 o
973 3810 1067 3887 bone,
1091 3832 1153 3875 non
1177 3810 1312 3885 Neroni,
1338 3811 1520 3895 Poppaeae,
1546 3809 1680 3875 Senecae
1699 3812 1822 3896 navigii
1842 3811 1988 3875 struendi

800 3916 970 3983 consilium
991 3916 1125 3981 subiecit
1148 3915 1235 3980 istud
1258 3916 1492 4001 spectaculum,
1517 3917 1570 3981 sed
1596 3917 1692 3979 Taciti
1716 3938 1752 3980 ex
1778 3937 1814 3980 eo
1838 3924 1912 3981 nata
1939 3924 1988 3982 est

799 4026 955 4099 narratio,
981 4021 1032 4085 vel
1051 4025 1157 4107 potius
1181 4021 1359 4086 rumusculi
1382 4022 1456 4087 inde
1480 4025 1542 4086 orti
1566 4029 1641 4086 sunt
1661 4021 1845 4106 populares,
1869 4024 1987 4106 quibus

798 4151 908 4194 aurem
941 4130 1087 4214 praebuit
1118 4127 1257 4193 Tacitus.
1289 4128 1439 4213 Suspicor
1470 4136 1577 4193 autem
1610 4136 1698 4206 (nam
1729 4132 1800 4214 quis
1831 4132 1863 4191 iu
1896 4137 1987 4195 tanta

798 4258 906 4301 rerum
938 4237 1175 4321 perturbatione
1205 4257 1260 4321 pro
1292 4241 1377 4299 certo
1408 4235 1583 4319 quidquam
1614 4232 1768 4312 statuetl)
1801 4234 1988 4319 Vespasiani

799 4345 862 4409 fere
885 4350 1027 4428 tempore
1049 4346 1082 4407 in
1107 4364 1198 4407 scena
1222 4350 1325 4406 actem
1349 4363 1415 4406 esee
1438 4343 1476 4406 de
1500 4350 1602 4406 morte
1626 4343 1822 4427 Agrippinae
1844 4342 1988 4408 fabulam

799 4472 837 4515 en
861 4471 897 4515 eo
920 4470 1035 4535 genere
1059 4449 1143 4534 quod
1164 4449 1310 4513 hodierni
1331 4448 1473 4513 homines
1495 4447 1731 4525 „melodrama”
1753 4448 1932 4534 appellant,
1955 4454 1988 4514 in

800 4578 862 4641 qua
892 4561 924 4620 et
955 4558 1123 4641 navigium
1163 4555 1366 4619 exhiberetur
1394 4554 1443 4618 illi
1468 4554 1574 4618 simile
1599 4554 1682 4638 quod
1707 4562 1798 4619 antea
1820 4558 1853 4618 in
1878 4555 1989 4640 aliquo

800 4664 1035 4748 amphitheatro
1059 4667 1238 4745 spectatum
1267 4662 1385 4736 fuerat,
1418 4660 1508 4725 illam
1537 4667 1644 4725 autem
1672 4660 1813 4725 fabulam
1841 4666 1990 4729 tunicato

802 4769 926 4853 popello
945 4776 1108 4853 tantopere
1125 4768 1280 4854 placuisse
1293 4771 1456 4853 mentique
1469 4771 1536 4832 eius
1547 4767 1719 4832 inhaesisse
1731 4776 1768 4831 ut
1781 4771 1889 4853 opinio
1902 4774 1990 4835 nasci

800 4880 906 4959 posset
930 4897 1038 4941 revera
1056 4875 1114 4939 hoe
1133 4875 1226 4939 modo
1245 4875 1402 4941 Neronem
1424 4880 1560 4939 matrem
1579 4895 1670 4938 suam
1690 4874 1728 4939 de
1748 4873 1852 4939 medio
1873 4875 1990 4942 tollere

802 5002 869 5045 esse
898 4989 1057 5047 conatum.
1089 4981 1206 5046 bovem
1239 5002 1306 5048 esse
1336 4984 1548 5067 suspicionem
1577 4984 1604 5045 si
1628 4984 1699 5066 quis
1722 4981 1901 5058 contendit,
1926 5005 1988 5048 non
