5125 6150
687 802 730 866 44
1150 818 1402 867 anrsroruasna

734 985 787 1052 Vs.
813 985 889 1052 551.
1045 982 1145 1050 ‘lxm'
1168 982 1249 1060 όνιιξ
1271 987 1421 1065 Πόσειδον,
1445 981 1465 1068 ᾧ

1043 1095 1248 1172 χαλκόκροτον
1272 1090 1372 1157 ῗττυν
1395 1095 1509 1166 κτύπος

1044 1200 1096 1265 nei
1121 1200 1331 1278 χρεμετισμός
1354 1200 1474 1265 sotem

1044 1306 1096 1371 sai
1121 1308 1325 1380 κυανέμβολοι
1351 1308 1414 1370 teat

1043 1415 1282 1491 μιτόοΦόροι
1308 1417 1433 1493 τριήρεις

1041 1520 1204 1597 μειρακίων
1227 1521 1252 1584 ό·
1276 1518 1402 1592 ἇμιλιιιι
1425 1536 1508 1595 λοιμ-

1043 1627 1230 1704 τρυνομὲνοιν
1255 1628 1285 1689 όν
1308 1624 1443 1703 ἅρμοιτιν

1042 1736 1094 1798 sai
1119 1734 1542 1814 βαρυδαιμονούντων,

1044 1843 1122 1921 δεῦρ’
1147 1842 1208 1906 ἔλθ’
1233 1841 1275 1909 εἷς
1299 1843 1400 1921 χορόν,
1426 1842 1489 1905 ιιτὲ.

684 1948 896 2015 Probabiliter
913 1947 1064 2033 explicari
1083 1970 1145 2013 non
1165 1970 1257 2033 posse
1276 1949 1450 2025 μισθοφόροι
1470 1969 1546 2013 vere
1565 1948 1755 2014 oontendens
1768 1948 1871 2015 editor

683 2057 832 2141 proponit
863 2055 1046 2131 τονιοτόροι.
1079 2054 1126 2119 De
1149 2055 1260 2120 eodem
1286 2055 1427 2141 epitheto
1450 2057 1595 2140 cogitans
1618 2055 1780 2139 quondam
1801 2057 1870 2139 ipse

683 2164 717 2226 in
752 2161 942 2247 exemplaris
976 2183 1039 2247 quo
1072 2165 1123 2226 uti
1158 2161 1298 2227 solebam
1332 2164 1478 2248 margine
1513 2162 1663 2227 adnotavi
1702 2160 1869 2239 „Fortasse

685 2268 942 2347 λιμνοτόροι,
973 2267 1085 2333 fiotum
1116 2268 1155 2333 ed
1184 2267 1370 2353 exemplum
1402 2267 1565 2334 Homerici
1596 2267 1743 2334 vocabuli
1765 2292 1870 2333 τοντο-

685 2376 788 2453 πόρος,
824 2374 908 2460 quod
942 2395 961 2439 s
990 2375 1108 2440 tradita
1137 2374 1271 2439 leotione
1302 2379 1387 2439 iusto
1417 2374 1547 2460 longius
1578 2373 1708 2439 distat.'’
1739 2373 1869 2461 Optime

685 2502 761 2547 mox
790 2481 876 2546 idem
900 2481 1068 2546 manifeste
1091 2488 1277 2567 corruptum
1301 2480 1377 2546 dicit
1400 2480 1808 2559 &aestuosissimum
1832 2481 1869 2546 ab

684 2590 773 2654 omni
802 2590 871 2653 iooo
903 2588 955 2665 (of.
979 2587 1091 2664 schol.)
1122 2586 1377 2672 pulcherrimum
1407 2587 1466 2652 hoo
1495 2608 1621 2652 carmen
1645 2586 1789 2653 alienum
1812 2596 1868 2653 est.

685 2692 851 2779 Temporis
868 2701 1087 2769 momentum,
1108 2694 1161 2758 sed
1181 2715 1243 2759 non
1262 2697 1324 2758 nisi
1343 2700 1560 2771 momentum,
1581 2696 1722 2780 eogitari
1739 2694 1870 2760 sortasse

685 2808 812 2886 poetam
843 2799 882 2864 ad
905 2799 1088 2885 exemplum
1112 2802 1180 2865 noti
1205 2800 1351 2866 vocabuli
1374 2800 1589 2877 βοόότιιοντος
1614 2821 1732 2866 novam
1757 2822 1868 2868 vooem

685 2905 860 2992 fingentem
883 2906 1005 2971 dedisse
1028 2905 1457 2984 βοόυδοιμονοόντοιν,
1480 2909 1502 2972 i.
1516 2928 1543 2972 e.
1563 2907 1645 2972 τόνυ
1665 2907 1871 2982 εὐδαιμονούν-

684 3013 967 3091 των--τιιουοόοιμ
992 3014 1067 3097 quio
1090 3011 1267 3078 ditissimos
1290 3016 1374 3079 aives
1397 3033 1494 3099 equos
1517 3012 1634 3079 aluisse
1653 3019 1795 3088 constat,
1817 3014 1868 3081 sed

684 3125 850 3205 propterea
881 3118 966 3204 quod
997 3122 1151 3184 sermonis
1181 3122 1263 3184 retio
1294 3119 1327 3184 id
1350 3128 1458 3185 vetare
1480 3120 1619 3198 videtur,
1643 3120 1747 3185 multo
1772 3120 1869 3186 altius

683 3225 801 3291 vulnus
832 3226 883 3290 hio
912 3224 956 3290 ali
986 3225 1085 3290 habeo
1116 3247 1315 3311 persuasum.
1348 3224 1555 3293 Comminisoi
1585 3226 1706 3313 aliquid
1729 3231 1868 3313 possim:

685 3331 778 3398 velut

1045 3435 1097 3500 κοιὶ
1122 3436 1189 3512 περὶ
1214 3437 1301 3515 τέρμ’
1327 3437 1459 3502 ἑλόντων

686 3543 740 3609 sed
763 3564 837 3608 oum
861 3545 979 3628 exigue
1002 3543 1236 3628 probabilitatis
1260 3547 1372 3630 specie.
1397 3543 1534 3625 Quaerat
1557 3542 1655 3609 alius!
1681 3581 1720 3595 -
1746 3544 1801 3610 Vs.
1825 3567 1869 3631 sq.

686 3650 824 3715 notanda
846 3648 966 3716 looutio
990 3651 1033 3722 εἰς
1056 3648 1155 3730 χορόν,
1179 3653 1212 3715 in
1235 3671 1298 3735 qua
1320 3673 1359 3716 ex
1382 3672 1443 3716 usu
1467 3653 1708 3738 praepositionis
1729 3659 1869 3737 apparot,

685 3777 772 3822 more
807 3756 966 3821 homerico
1001 3756 1090 3836 χορός
1122 3778 1186 3821 non
1216 3758 1349 3823 chorum
1382 3758 1435 3822 hie
1465 3757 1654 3843 significare,
1685 3758 1738 3822 sed
1762 3758 1868 3825 locum

683 3862 740 3928 ubi
763 3861 909 3940 saltetur,
933 3864 988 3937 τδρν
1011 3863 1192 3943 όρχνὶοτροιν.

728 4076 781 4143 Vs.
806 4076 881 4143 581.
1040 4073 1061 4140 ὦ
1085 4081 1231 4155 πολιοῦχε
1257 4077 1409 4155 Ποιλλός,
1434 4073 1455 4141 ὦ

1041 4188 1095 4254 τῆς
1121 4182 1287 4260 ἱιριοτιίτιρς
1310 4183 1393 4248 οὶτιι·

1043 4294 1100 4353 τῶν
1124 4290 1250 4369 πολέμῳ
1273 4312 1308 4353 τε
1333 4288 1387 4354 ιιιιό
1410 4312 1513 4363 τοιιρ·

1042 4402 1137 4467 τοῖς
1160 4395 1287 4473 δυνάμει
1310 4397 1336 4461 ό’
1360 4393 1541 4476 ὑπερφερού-

1043 4524 1097 4576 σης
1122 4499 1272 4577 μεδέουοοι
1295 4500 1417 4582 χόριος,

1043 4607 1120 4685 δεῦρ’
1144 4608 1258 4687 ἀφικοῦ
1283 4607 1348 4672 xri.

683 4709 829 4776 Latuisse
853 4712 981 4778 videtur
1004 4713 1160 4779 editorem
1182 4735 1234 4778 me
1257 4712 1449 4778 iamdudum
1472 4714 1654 4780 haerentem
1674 4716 1708 4779 in
1728 4723 1870 4790 ποιητοῖς

682 4823 715 4882 et
745 4822 929 4883 monentem
958 4841 1016 4906 pro
1047 4841 1083 4885 eo
1114 4820 1284 4885 desiderari
1317 4822 1496 4898 notionem,
1529 4819 1632 4906 qualis
1662 4826 1711 4885 est
1733 4827 1869 4895 τοιοῦτος

684 4925 752 4991 sive
775 4925 947 5005 χρήματα,
970 4926 1152 4992 dubitanter
1174 4928 1375 5012 proposuisse
1399 4924 1447 4991 τό
1454 4948 1589 5007 ροιοιν,
1614 4929 1636 4992 i.
1649 4948 1677 4992 s.
1701 4927 1867 5009 προσόδοις.
