5125 6150
710 800 777 866 320
1043 822 1210 870 moneris
1231 821 1550 872 nmomassnm

755 983 771 1048 1
794 984 837 1049 39
866 1007 897 1069 p.
922 984 976 1050 98.
1007 985 1146 1052 Cobetns
1176 987 1289 1051 multis
1317 985 1396 1051 locis
1418 986 1555 1052 ostendit
1575 1008 1633 1072 pro
1653 988 1880 1072 praepoeitione

709 1092 777 1168 περὶ
807 1092 1023 1177 reponendum
1054 1115 1121 1158 esse
1151 1093 1225 1172 ύτὲρ
1247 1101 1280 1158 et
1303 1100 1416 1159 notum
1439 1102 1561 1159 aeteae
1583 1092 1710 1158 romlns
1732 1099 1880 1178 perpetuo

707 1197 806 1263 solere
829 1199 988 1263 oonfnndi.
1013 1197 1075 1263 Sed
1098 1205 1258 1283 praeterea
1282 1199 1446 1263 sciendum
1468 1208 1533 1276 est,
1556 1199 1640 1284 qnod
1656 1210 1879 1285 argumentum

708 1301 864 1382 Oobetns,
897 1308 925 1369 si
955 1306 1034 1370 bene
1066 1309 1216 1379 memini,
1247 1328 1308 1370 non
1341 1309 1470 1391 attigit,
1500 1304 1692 1392 Dionysium
1712 1307 1882 1371 sexoenties

707 1415 970 1496 praepositionem
1006 1413 1079 1490 ύτέρ
1114 1433 1284 1496 usurpare,
1320 1413 1377 1476 nbi
1413 1411 1518 1476 multo
1548 1415 1648 1477 satius
1675 1412 1787 1476 fnisset
1816 1410 1881 1489 περὶ

708 1540 832 1603 ponere.
865 1520 969 1583 Panoe
998 1520 1154 1603 quaedum
1184 1518 1332 1603 exempla
1362 1518 1452 1583 dabo.
1489 1518 1537 1583 lio
1566 1519 1636 1584 loeo
1665 1540 1760 1604 quem
1788 1538 1883 1603 supra

706 1625 902 1690 indicabam:
932 1629 991 1689 τῶν
1024 1627 1119 1705 ὑπὲρ
1141 1631 1195 1691 τοῦ
1218 1626 1362 1701 beluosus
1384 1627 1568 1703 λεγομένην.
1591 1624 1633 1690 Vl
1655 1624 1699 1690 92
1720 1647 1751 1710 p.
1777 1625 1881 1689 1254:

708 1733 804 1811 ὑπὲρ
834 1728 869 1796 ού
899 1732 1039 1809 πρότερον
1060 1732 1149 1813 ἔφην.
1174 1732 1243 1796 VII.
1269 1733 1313 1797 40
1335 1754 1367 1816 p.
1394 1731 1498 1796 1399:
1520 1733 1564 1795 τὸ
1586 1734 1764 1809 uirum
1786 1732 1884 1808 ύτὲρ

706 1835 743 1902 ὧν
774 1839 911 1916 λέξομεν,
942 1860 1138 1925 quamquam
1167 1839 1325 1924 praecedit
1349 1840 1415 1917 περὶ
1438 1839 1623 1911 τηλικούτων
1645 1839 1747 1916 λέγειν
1769 1844 1803 1902 11
1825 1835 1885 1901 Vn

708 1943 751 2008 39
774 1966 806 2028 p.
832 1944 936 2009 1398:
968 1948 1034 2022 περὶ
1067 1943 1104 2009 ὧν
1134 1945 1252 2020 ηἰονοιν
1276 1945 1414 2009 ἐκέλευον
1437 1944 1551 2021 λέγειν.
1574 1945 1633 2010 vll
1656 1946 1697 2008 41
1722 1968 1753 2030 p.
1776 1942 1883 2009 14001

708 2052 800 2129 ὑπὲρ
824 2047 862 2114 ὧν
884 2053 1017 2128 λέγομεν
1040 2060 1073 2117 11
1092 2074 1166 2116 mox
1187 2052 1253 2129 περὶ
1275 2047 1313 2114 ὧν
1331 2053 1384 2115 ούνι
1403 2053 1462 2115 εἶσὶ
1481 2052 1575 2125 νύμοο.
1597 2051 1655 2116 Vll
1673 2050 1717 2115 46
1733 2073 1764 2135 p.
1779 2048 1882 2114 14131

708 2158 803 2234 ύτὲρ
838 2153 875 2220 ύν
906 2159 1111 2222 ἐνεκαλοῦντο.
1142 2157 1268 2222 11147
1300 2180 1331 2242 p.
1357 2157 1462 2222 14161
1493 2160 1589 2244 Appii
1620 2155 1746 2223 Claudii
1775 2157 1882 2231 γνύμη

706 2268 755 2328 est
784 2263 878 2341 ὑπὲρ
908 2271 968 2328 τῶν
998 2268 1070 2341 πρὸς
1097 2266 1149 2328 τὸν
1179 2265 1273 2339 δῆμον
1304 2265 1481 2330 διαλύσεων.
1513 2265 1545 2328 Χ
1571 2266 1610 2329 11
1634 2287 1666 2349 p.
1689 2263 1795 2328 20101
1829 2265 1884 2336 τὶν

573 2428 576 2433 .
706 2370 801 2447 ύτὲρ
824 2377 882 2433 τῶν
905 2371 1096 2446 μηνυομένων
1118 2371 1251 2451 ζήτησιν.
1287 2371 1335 2435 Ex
1360 2373 1476 2457 quibus
1498 2370 1670 2456 exemplis,
1693 2392 1773 2456 quae
1795 2368 1884 2434 nullo

525 5203 640 5373 ἱ

705 2479 834 2562 negotio
865 2480 977 2562 augeri
1001 2486 1149 2562 possunt,
1174 2480 1233 2543 hoo
1256 2499 1381 2563 quoqne
1405 2487 1535 2562 apparet
1556 2479 1642 2541 huno
1663 2478 1797 2541 abusum
1822 2497 1882 2540 non

706 2604 772 2647 esse
796 2584 1003 2668 repetendum
1027 2585 1066 2648 ab
1089 2586 1217 2649 horrore
1239 2585 1363 2660 hiatus,
1388 2605 1482 2669 quem
1506 2584 1680 2669 Dionysius
1701 2604 1760 2648 non
1786 2585 1885 2646 nimie

705 2687 814 2752 sedulo
836 2691 952 2753 vitavit
970 2693 1067 2754 etiam
1088 2689 1254 2754 Benselero
1272 2690 1387 2754 iudice.
1408 2689 1492 2767 Alia,
1509 2689 1592 2776 qnod
1603 2692 1884 2766 minimemirnm,

705 2795 889 2880 corrigenda
921 2803 1012 2872 sunt;
1045 2795 1146 2861 veluti
1170 2796 1197 2856 V
1221 2796 1263 2860 65
1287 2819 1318 2881 p.
1346 2795 1432 2860 1002
1456 2796 1608 2871 πολέμους
1631 2794 1770 2882 appellat
1792 2794 1882 2872 τερὶ

705 2905 762 2970 τῆς
798 2901 964 2976 ἡγεμονίας
974 2951 982 2978 ,
1017 2902 1102 2985 qnod
1138 2902 1261 2966 dietum
1296 2905 1437 2986 oportuit
1473 2901 1580 2979 ύτέρ.
1614 2899 1732 2968 Contra
1762 2900 1804 2964 Vl
1838 2899 1881 2964 75

705 3029 736 3093 p.
773 3006 875 3070 12131
920 3008 1013 3084 ὑπὲρ
1052 3008 1296 3087 ἑνδροοτσδιομοῦ
1331 3008 1382 3071 καὶ
1418 3015 1629 3089 κατασκαφῆς
1662 3014 1721 3070 τῶν
1754 3007 1881 3085 adaeus,

703 3121 843 3199 praestat
873 3116 972 3192 τερύ.
1000 3113 1115 3179 Itidem
1139 3115 1383 3180 considerandus
1405 3115 1495 3180 locus
1517 3123 1566 3180 est
1589 3114 1633 3179 VI
1656 3114 1699 3179 40
1721 3139 1753 3201 p.
1779 3114 1881 3179 1130:

702 3217 716 3284 ὃ
750 3220 781 3284 δέ
812 3244 863 3296 μοι
894 3222 1010 3285 δοκεῖτε
1045 3222 1109 3284 ἐπὶ
1145 3222 1268 3285 πάντων
1300 3222 1490 3299 ὑποπτεύειν,
1522 3224 1604 3285 τοῦτ’
1634 3223 1667 3285 ού
1697 3220 1818 3292 δικαίως
1846 3220 1883 3283 ἂν

703 3325 904 3390 ύτοπτεύοιτε
939 3328 990 3389 κού
1028 3328 1115 3404 περὶ
1151 3330 1235 3403 ἐμοῦ.
1272 3327 1332 3392 Sed
1363 3332 1396 3391 in
1429 3328 1546 3392 talibus
1577 3326 1799 3412 componendis
1829 3328 1880 3390 vix

705 3432 819 3497 devoro
843 3434 994 3498 taedium.

749 3649 764 3714 Ι
786 3650 827 3715 39
851 3673 881 3736 p.
904 3651 962 3716 98:
989 3653 1159 3723 κελευσθεὶς
1178 3654 1247 3717 σὺν
1268 3660 1333 3723 τοῖς
1352 3651 1456 3723 ύύλοις
1477 3653 1528 3717 aa}
1550 3654 1609 3724 τὰς
1625 3653 1701 3730 βοῦς
1712 3651 1881 3716 insideat.

704 3755 819 3823 Itidem
844 3761 1008 3823 minutum
1032 3767 1080 3824 est
1103 3760 1289 3824 rescribere:
1314 3760 1329 3821 ἕ
1336 3784 1351 3821 ν
1374 3766 1448 3829 τοῖς.

748 3959 763 4024 I
790 3962 832 4027 40
855 3985 885 4048 p.
914 3963 986 4028 102.
1013 3964 1147 4028 Arcades
1170 3985 1242 4028 oum
1262 3963 1410 4028 Evandro
1430 3966 1572 4028 omnium
1595 3964 1691 4047 primi
1712 3961 1882 4027 Herculem

705 4066 786 4134 Caco
818 4070 983 4134 interfecto
1017 4070 1111 4134 deum
1146 4072 1161 4133 ε’
1169 4069 1208 4133 νύ
1215 4092 1347 4146 μιοαν.
1384 4069 1452 4133 Hoc
1482 4073 1510 4133 si
1539 4069 1698 4145 focerunt,
1722 4083 1884 4143 errarunt,

702 4194 777 4237 nam
800 4174 884 4259 quod
906 4175 1027 4261 legitur
1049 4197 1119 4259 sup.
1145 4197 1216 4261 pag.
1243 4176 1415 4251 διαμείψας
1439 4174 1568 4239 demum
1593 4175 1644 4245 τὴν
1669 4176 1774 4247 θνητὴν
1793 4176 1885 4255 φύσιν

703 4281 896 4345 immortalis
920 4282 1047 4345 iuturus
1070 4288 1138 4346 erat
1161 4287 1288 4367 propter
1311 4285 1476 4347 virtutem.
1507 4280 1617 4364 Itaque
1638 4285 1744 4346 verius
1765 4281 1888 4346 iudico:

704 4386 931 4463 ὠνόμασαν.

747 4600 762 4664 I
791 4602 834 4665 42
864 4626 895 4688 p.
928 4601 1000 4667 108.
1037 4602 1175 4669 Offendit
1208 4609 1243 4669 in
1278 4605 1373 4670 ltalia
1406 4604 1561 4671 Hercules
1597 4602 1716 4670 annm
1753 4605 1890 4682 ἐρυμνοῖς

698 4708 820 4787 χωρίοις
840 4709 1158 4788 ἕτικούημενον,
1181 4711 1236 4776 sed
1257 4714 1407 4795 quoniam
1428 4711 1529 4778 Cacus
1549 4732 1673 4796 semper
1691 4712 1721 4773 in
1737 4709 1890 4795 spelunea

701 4814 858 4880 habitasse
882 4818 1027 4893 traditur,
1052 4815 1154 4881 malo:
1180 4819 1471 4896 ἐγκαθήμενον.
