5125 6150
677 1398 753 1486 DE
782 1396 957 1486 VERSU
987 1395 1210 1495 QUODAM
1239 1395 1391 1485 FURII
1421 1395 1692 1485 BIBAGULI.

1130 1617 1254 1659 somesln

1022 1785 1052 1852 J.
1076 1785 1105 1852 J.
1130 1781 1359 1849 HARTMAN.

1098 2084 1286 2130 —ono—

634 2342 683 2409 De
706 2341 830 2408 Orbilio
853 2342 939 2429 apud
961 2341 1153 2409 Suetonium
1176 2344 1227 2422 (de
1253 2342 1289 2407 V.
1315 2342 1339 2408 Ι.
1366 2365 1396 2428 p.
1424 2340 1488 2410 107
1502 2343 1542 2424 R)
1565 2349 1597 2408 et
1621 2342 1683 2408 alia
1705 2342 1786 2429 legi-

590 2470 665 2513 mus
690 2455 722 2513 et
745 2449 840 2513 haee:

640 2554 729 2618 Viuit
756 2576 849 2636 prope
879 2556 922 2618 od
952 2554 1138 2618 centesimum
1168 2555 1279 2619 aetatis
1311 2578 1431 2632 orreum,
1457 2554 1567 2618 emisso
1584 2553 1705 2636 pridem
1727 2576 1782 2616 ene-

591 2661 704 2738 Νῆα,
729 2666 762 2723 ut
785 2682 887 2723 uersus
911 2659 1053 2722 Bibaeebi
1076 2662 1176 2723 docet:

824 2765 957 2828 Orbilius
979 2765 1099 2829 ubinam
1122 2773 1181 2845 est,
1207 2765 1365 2830 literarum
1388 2766 1522 2830 obhvio?

590 2871 651 2950 Qui
667 2894 670 2899 ’
686 2870 777 2935 loeus
811 2870 894 2934 mihi
929 2871 1059 2954 quidem
1090 2892 1281 2957 permagnos
1313 2875 1398 2957 parit
1428 2872 1601 2937 molestias.
1633 2871 1782 2935 Primum

590 2998 692 3062 nsque
724 2975 878 3041 Horatius
906 2997 1009 3061 nequo
1033 2975 1195 3041 Domitius
1221 2977 1347 3042 Marsus
1367 2980 1545 3042 tristissimi
1567 2976 1658 3041 illius
1681 2977 1785 3041 morbi

590 3084 713 3148 faciunt
749 3084 963 3158 mentionem,
995 3081 1050 3147 ssd
1082 3082 1119 3147 de
1150 3083 1281 3169 plagoso
1311 3087 1467 3169 magistro
1498 3084 1670 3149 scribentes
1694 3081 1783 3147 nullo

590 3189 742 3253 videntur
770 3187 1009 3251 misericordiae
1041 3208 1136 3252 sensu
1167 3192 1274 3274 tangi,
1300 3191 1392 3253 ouius
1416 3196 1523 3253 tamen
1547 3195 1692 3274 expertes
1716 3208 1783 3252 esse

589 3298 644 3360 rix
669 3300 862 3378 potuerunt,
886 3296 914 3356 si
938 3314 1013 3358 aum
1038 3299 1105 3358 tam
1130 3294 1185 3358 diu
1208 3294 1264 3360 illo
1283 3294 1481 3367 laborantem
1501 3294 1672 3379 vidissent..
1693 3293 1784 3359 Uter-

588 3420 649 3484 que
673 3401 762 3463 enim
785 3397 909 3482 aliquot
927 3405 1001 3482 post
1021 3397 1183 3472 Orbilium
1201 3402 1292 3464 annis
1313 3401 1400 3465 diem
1419 3403 1564 3466 obierunt
1584 3420 1781 3485 supremum.

588 3503 651 3568 Sed
683 3503 744 3567 hoo
774 3502 879 3567 levius
911 3504 1014 3568 videri
1044 3506 1163 3587 possit,
1189 3525 1263 3569 oum
1289 3504 1390 3569 Marsi
1413 3511 1480 3570 tam
1504 3507 1595 3591 pauci
1622 3507 1784 3590 supersint

587 3607 760 3684 versiculi,
794 3615 826 3672 et
850 3610 978 3673 omnino
1002 3608 1084 3673 illud
1106 3609 1191 3693 quod
1216 3631 1277 3687 „ex
1301 3610 1449 3676 silentio'’
1474 3611 1592 3676 dieitur
1615 3632 1783 3697 argumen-

588 3723 662 3779 tum
694 3735 810 3799 parum
839 3715 955 3779 babeat
985 3715 1141 3799 ponderis.
1167 3715 1342 3800 Aliquanto
1363 3720 1498 3802 gravius
1521 3716 1603 3781 illud
1627 3723 1675 3783 est
1698 3716 1782 3802 quod

588 3822 746 3905 temporis
776 3821 867 3884 nobis
898 3819 988 3885 affert
1016 3823 1108 3885 ratio.
1140 3821 1261 3886 Dodem
1292 3824 1377 3886 onim
1400 3821 1553 3888 Suetonio
1577 3827 1704 3887 auetors
1729 3822 1785 3885 Or-

589 3925 711 3990 bilius:

627 4032 794 4115 professus
815 4030 870 4094 diu
893 4031 927 4093 in
945 4031 1055 4113 patrie
1078 4030 1281 4111 (Beneventi)
1306 4033 1546 4117 quinquepeeieuo
1570 4035 1681 4096 demum
1706 4054 1784 4095 oneo

589 4138 716 4200 Romam
736 4135 855 4199 cenwle
881 4136 1020 4200 Cicerone
1043 4137 1177 4201 transiit.

587 4243 694 4308 Natus
725 4262 803 4327 ergo
833 4248 882 4306 est
913 4262 940 4306 a.
968 4240 1043 4318 113,
1077 4248 1225 4307 mortuus
1249 4243 1334 4308 haud
1358 4243 1464 4308 multo
1488 4249 1561 4307 ante
1584 4262 1704 4306 annum
1732 4238 1784 4306 13.

588 4347 751 4433 Magistro
786 4368 823 4410 so
856 4346 1010 4411 Horatius
1046 4368 1123 4412 usus
1156 4354 1204 4413 sat
1235 4349 1300 4414 fera
1329 4370 1431 4433 usque
1464 4348 1503 4412 ad
1527 4368 1647 4411 annum
1672 4344 1732 4423 50;
1758 4347 1786 4409 is

587 4460 717 4529 autam,
750 4458 788 4514 ut
818 4453 939 4537 opinor,
964 4473 1066 4535 neque
1090 4452 1258 4517 literarum
1282 4475 1385 4538 nsque
1411 4474 1553 4518 errorum
1577 4472 1596 4515 a
1619 4450 1786 4535 discipulis

588 4559 835 4624 commissorum
857 4559 1083 4622 immemorem
1108 4579 1182 4623 euru
1206 4565 1356 4642 expertus
1380 4565 1437 4622 est.
1461 4558 1504 4621 ut
1523 4559 1651 4621 omnino
1670 4556 1785 4620 multis

587 4663 720 4729 demum
746 4663 837 4724 annis
859 4669 969 4745 postea
991 4665 1121 4727 morbus
1143 4662 1201 4728 ills
1225 4682 1319 4727 nauus
1343 4671 1408 4739 est,
1432 4661 1590 4745 siquidem

636 4767 696 4830 inm
713 4788 862 4848 perrenae
878 4789 1044 4849 pauperem
1067 4790 1098 4831 re
1121 4774 1149 4831 et
1171 4767 1309 4831 habitere
1327 4769 1379 4831 sub
1401 4767 1510 4847 tepolis
1530 4769 1654 4851 quodum
1672 4765 1785 4848 scripto

589 4875 711 4952 saleim
733 4871 851 4951 (Suet.)
