5125 6150
701 784 744 848 52
1045 803 1087 849 us
1111 802 1316 889 puuussosrs
1338 800 1528 848 russeum.

699 966 835 1031 insertur
850 966 883 1047 ¹).
914 968 999 1032 Nam
1029 967 1105 1052 quid
1129 968 1233 1031 obstat
1256 968 1427 1050 quominus
1451 964 1485 1039 ἐξ
1508 965 1582 1033 aisis
1605 967 1802 1049 aeeipiamus
1826 986 1885 1049 pro

699 1072 755 1149 ἔξω
786 1072 879 1150 eilde,
911 1080 948 1138 ut
979 1077 1045 1138 iam
1076 1071 1174 1138 multi
1197 1072 1356 1149 fecerunt,
1379 1075 1462 1136 inter
1485 1092 1565 1156 quos
1586 1070 1736 1148 Nitaseh,
1760 1072 1885 1136 Ameis·

699 1178 815 1244 Henze.
841 1178 907 1246 Cur
928 1180 977 1243 iic
999 1179 1073 1244 talis
1096 1178 1325 1264 interpretandi
1347 1182 1430 1243 ratio
1451 1184 1585 1241 contorta
1607 1175 1786 1262 appellatur
1808 1198 1884 1241 eum

698 1284 762 1350 tale
785 1286 861 1371 quid
883 1307 945 1351 nou
969 1286 1078 1350 audiat
1103 1285 1220 1353 3130:

877 1393 963 1458 edroi
988 1394 1045 1468 μὲν
1069 1391 1214 1471 ἐχώμεθα
1238 1390 1392 1466 δηιοτῆτος
1413 1391 1419 1475 Ι
1440 1390 1480 1454 ἐκ
1504 1386 1682 1468 desios?

698 1496 863 1584 Significat
885 1501 972 1563 euim
994 1499 1046 1563 hie
1069 1519 1198 1564 versus:
1227 1501 1289 1582 ipsi
1312 1519 1330 1562 a
1353 1497 1525 1583 pugnaudo
1548 1496 1764 1561 abstineamus
1787 1500 1883 1580 atque

698 1623 862 1668 versemur
895 1613 985 1669 extra
1019 1625 1107 1669 arma
1141 1608 1164 1668 i.
1184 1626 1211 1669 e.
1246 1602 1333 1669 laten
1364 1607 1414 1688 wij
1447 1624 1503 1667 ons
1532 1603 1681 1688 benegen
1709 1601 1812 1664 baites
1833 1602 1883 1665 set

696 1710 893 1795 etrijdqeuoel
910 1738 950 1764 =
968 1711 1081 1797 teruijl
1101 1715 1149 1797 uij
1171 1712 1280 1777 buiteu
1301 1711 1357 1775 het
1376 1707 1588 1796 strijdgewoel
1605 1709 1683 1793 σι’]ἰι;
1708 1708 1882 1794 eodemque

697 1815 793 1880 modo
812 1817 909 1881 verba
928 1816 1055 1886 θείιισσε
1075 1816 1107 1881 δέ
1127 1840 1172 1880 σοι
1192 1816 1227 1891 ἐξ
1246 1817 1321 1887 oilie
1343 1817 1427 1894 αὐτῷ
1447 1815 1608 1879 sassones
1626 1821 1701 1878 sunt
1713 1814 1879 1880 vertenda:

697 1942 782 1986 mors
813 1923 873 1987 tibi
904 1925 965 2007 ipsi
995 1925 1102 1988 veniet
1134 1944 1208 1988 eum
1239 1931 1330 1987 extra
1359 1942 1445 1987 mare
1476 1923 1609 1987 versaris
1631 1952 1670 1976 =
1695 1918 1810 2004 terwijl
1840 1940 1880 2006 ge

696 2029 796 2092 buton
819 2030 856 2092 de
878 2052 926 2092 see
948 2029 1000 2114 elit
1012 2031 1047 2113 ²).

741 2134 833 2214 Quod
862 2135 901 2198 ad
931 2156 1078 2212 sensum,
1110 2134 1188 2221 quid
1209 2134 1419 2201 verisimilius
1441 2155 1538 2219 quam
1561 2131 1716 2197 Tiresiam
1739 2131 1879 2197 voluisse

698 2245 745 2319 „si
776 2242 961 2327 Neptunum
993 2248 1185 2326 perpetuum
1208 2242 1428 2307 adversarium
1451 2239 1611 2304 sacrifieiis
1636 2237 1791 2323 placaris,
1814 2238 1878 2301 eet

696 2348 756 2410 ιιιιιι
786 2371 802 2410 e
835 2348 911 2410 muri
941 2348 1109 2430 perieulum
1141 2349 1200 2412 tibi
1232 2359 1340 2433 postea
1370 2350 1431 2413 erit
1461 2342 1680 2409 timenduml‘’
1716 2343 1774 2409 Sin
1804 2365 1878 2410 vero

695 2452 910 2539 intelligimus
928 2476 944 2515 e
962 2454 1038 2516 mori
1058 2452 1144 2517 l'lixi
1165 2464 1303 2518 mortem
1322 2474 1389 2518 esse
1409 2460 1588 2528 venturum,
1609 2453 1713 2535 primo
1734 2453 1879 2536 syntaxis

695 2559 871 2636 offenditur,
894 2581 968 2624 oum
991 2558 1079 2624 loeus
1102 2562 1169 2644 ipse
1192 2558 1422 2625 vocabulorum
1446 2557 1480 2634 ἐξ
1503 2556 1577 2621 εἱλόι
1599 2558 1780 2641 positorum
1796 2558 1878 2621 inter

694 2687 738 2729 σιι
769 2670 802 2729 at
831 2667 914 2743 αὐτῷ
945 2664 1062 2729 iudicet
1094 2685 1131 2729 ea
1161 2688 1219 2728 ιισιι
1250 2686 1324 2728 oum
1353 2664 1450 2728 verbo
1474 2663 1633 2726 ἐλεύσεται
1657 2660 1712 2726 sed
1734 2682 1809 2725 oum
1832 2684 1876 2725 σοι

693 2772 777 2850 αὐτῷ
798 2791 865 2835 esse
884 2771 1118 2856 coniungenda;
1140 2770 1252 2836 deinde
1271 2770 1412 2835 Homero
1431 2768 1613 2834 obtruditur
1626 2767 1721 2832 diotio
1733 2767 1875 2854 pytbiea,

640 2936 650 2957 ,
695 2896 774 2960 quae
809 2897 937 2960 prorsus
972 2897 990 2940 a
1023 2874 1136 2960 lingua
1169 2879 1239 2940 eius
1268 2879 1378 2939 nativa
1409 2881 1456 2941 est
1485 2872 1606 2950 aliena,
1637 2893 1712 2936 uam
1735 2893 1875 2938 cernon

610 2990 616 3003 “
694 2980 865 3046 addidisset
895 2982 970 3065 quid
998 2980 1079 3045 illud
1109 2981 1289 3067 perieulum
1311 2982 1408 3056 foret;
1434 2984 1528 3045 tertio
1551 3000 1663 3065 parum
1687 2984 1761 3063 apte
1784 2977 1874 3043 Ulixi

692 3091 893 3173 promittitur
917 3088 993 3151 leuis
1014 3111 1106 3164 auore,
1130 3099 1242 3173 quarto
1265 3083 1502 3173 ineptissimum
1524 3087 1561 3150 tit
1584 3086 1773 3151 sacrificium
1793 3085 1876 3171 Nep-

692 3200 769 3258 tuno
804 3193 957 3259 oblatum.
995 3195 1118 3271 Immo,
1153 3216 1281 3280 prorsus
1318 3209 1424 3259 mente
1458 3199 1569 3279 captus
1602 3192 1714 3257 fuisset
1749 3194 1875 3278 sapiens

691 3299 844 3377 liresias,
869 3304 896 3365 si
918 3303 964 3365 ita
987 3307 1070 3365 esset
1091 3300 1234 3365 locutus:
1261 3304 1310 3378 „si
1334 3301 1461 3365 tandem
1486 3298 1655 3385 aliquando
1675 3300 1773 3362 maris
1791 3301 1874 3384 peri·

691 3404 763 3470 eula
785 3406 950 3493 effugeris,
973 3409 1092 3471 iterum
1118 3408 1177 3471 tibi
1200 3411 1260 3471 erit
1282 3406 1484 3493 vagandum,
1509 3406 1606 3471 donee
1629 3408 1662 3469 in
1685 3404 1792 3470 loeum
1816 3406 1874 3471 ubi

691 3511 858 3597 Neptunus
881 3511 982 3577 adhue
1006 3519 1054 3577 eet
1076 3516 1224 3598 ignotus,
1249 3512 1375 3577 cultum
1398 3517 1465 3578 eius
1485 3512 1708 3576 introduxeris.
1733 3510 1873 3590 Quodsi

690 3619 799 3683 feceris
822 3624 854 3682 et
881 3639 968 3683 sacra
992 3619 1050 3683 deo
1075 3618 1225 3703 placando
1250 3620 1363 3684 idonea
1385 3622 1415 3684 ei
1438 3618 1592 3684 obtuleris
1616 3664 1714 3682 .....
1738 3617 1874 3683 nefanda

690 3745 776 3789 mors
798 3746 837 3789 ex
862 3727 930 3809 ipso
953 3728 1035 3788 mari
1060 3725 1118 3789 tibi
1143 3729 1203 3789 erit
1227 3725 1469 3810 exspectanda.'’

735 3828 957 3896 Certissimum
985 3832 1088 3914 igitur
1110 3831 1207 3895 habeo
1230 3830 1408 3896 Homerum
1432 3831 1470 3894 de
1493 3836 1595 3894 morte
1618 3828 1759 3893 violenta
1780 3826 1873 3894 Ulixi

689 3957 707 4000 a
737 3935 802 4000 tilio
835 3935 941 4012 illata,
977 3936 1092 4000 nedum
1125 3937 1163 4001 de
1194 3938 1280 4002 radio
1313 3940 1397 4002 raiae
1428 3940 1623 4021 pastinacas,
1656 3937 1785 4000 omuino
1808 3958 1871 4001 non

687 4045 851 4129 cogitasse.
884 4040 972 4105 Tune
1003 4042 1133 4106 demum
1156 4042 1369 4127 intelligimus
1393 4047 1538 4128 quietum
1562 4062 1747 4126 responsum
1772 4042 1871 4108 Pene

686 4147 773 4234 lopes
803 4146 919 4226 osso,
952 4168 1031 4231 quae
1062 4159 1228 4233 postquam
1260 4148 1371 4212 Ulixes
1403 4147 1540 4213 'l'iresiae
1564 4135 1699 4212 dictaei
1722 4147 1869 4226 rettulit,

686 4257 827 4319 suaviter
850 4253 1010 4318 observat:

720 4514 745 4576 l)
765 4513 819 4560 Nou
834 4518 913 4560 tamen
931 4513 1062 4576 urgendum
1080 4518 1137 4577 puto
1155 4513 1198 4561 hoe
1216 4513 1326 4570 rerbum;
1344 4514 1401 4562 deus
1418 4512 1483 4561 enim
1498 4516 1599 4561 mortem
1612 4513 1723 4561 immittit
1736 4515 1868 4564 seeundum

686 4597 816 4644 Homerum
843 4601 867 4642 et
893 4596 920 4641 de
947 4597 991 4643 boo
1016 4599 1070 4643 aetu
1097 4595 1177 4642 divino
1202 4592 1292 4657 ’ἔπεφνε
1317 4596 1364 4643 dici
1387 4599 1472 4660 potest.
1496 4595 1535 4643 Sic
1557 4611 1609 4658 eg.
1632 4595 1718 4659 Apollo
1741 4605 1766 4643 et
1787 4595 1868 4646 Diana

684 4679 786 4739 ϊσεφισν
804 4677 929 4734 mortales,
944 4677 1053 4741 quemvis
1071 4677 1094 4725 id
1111 4676 1269 4739 ἀγανοῖσι
1288 4677 1392 4739 βέλεσσι
1410 4679 1477 4726 fleret
1495 4677 1554 4739 (vid.
1574 4684 1599 4724 Ω
1610 4677 1677 4738 605).

717 4760 743 4820 2)
760 4759 797 4808 Gi.
813 4759 1001 4818 annotationem,
1018 4775 1069 4808 meo
1083 4760 1177 4823 quidem
1194 4760 1289 4817 iudicio,
1300 4761 1379 4809 minus
1388 4765 1476 4808 rectem
1486 4760 1510 4807 in
1521 4759 1624 4808 editione
1634 4759 1662 4807 V.
1672 4760 1698 4808 L.
1708 4762 1731 4807 et
1743 4760 1778 4809 M.
1789 4761 1813 4809 d.
1823 4763 1851 4810 C.

718 4839 860 4889 Vocabulum
879 4836 947 4901 αὐτῷ
964 4856 1006 4888 cur
1022 4842 1121 4889 tentarit
1140 4842 1314 4889 Herwerdenus
1330 4857 1377 4890 nou
1395 4842 1476 4898 videm
1494 4856 1577 4890 sensns
1595 4845 1643 4889 est:
1662 4856 1741 4890 amors
1757 4839 1803 4891 tibi
1822 4843 1869 4905 ipsi

682 4927 748 4970 extra
767 4937 829 4970 mare
846 4921 955 4970 adveniet
975 4926 1000 4970 ut
1018 4921 1075 4970 olim
1092 4921 1217 4971 comitibus
1234 4923 1258 4970 iu
1276 4923 1337 4972 mari
1355 4921 1475 4971 advenit.''
