5125 6150
1152 810 1403 859 nmsrormnm.
1825 792 1867 859 37

687 998 781 1041 mum
813 979 882 1041 eius
910 976 1105 1041 elementum
1137 980 1210 1048 ναῦς
1240 986 1347 1041 mente
1377 979 1475 1062 repeti
1506 977 1588 1041 mihi
1618 998 1707 1062 posse
1730 976 1866 1043 videtur.

689 1084 798 1170 Magis
821 1084 903 1148 mihi
928 1082 1030 1169 placet
1054 1086 1138 1168 prior
1162 1086 1342 1149 coniectura
1364 1083 1526 1168 libensque
1549 1086 1594 1148 sic
1618 1086 1814 1168 scripserim:

910 1193 942 1254 τί
966 1194 1038 1267 πρὸς
1064 1193 1143 1268 θεῶν,
1167 1191 1313 1270 ἄνθρωπε,
1338 1192 1531 1269 ναύφαρκτον
1555 1190 1687 1266 βλέπεις
1696 1211 1704 1268 ;

734 1404 787 1469 Vs.
814 1403 887 1470 127.
913 1404 1013 1468 τοιοσδί
1041 1405 1187 1486 ξενίζειν]
1209 1405 1314 1469 ούδίνα
1339 1410 1407 1469 τοτ’
1432 1403 1516 1485 ίσχει
1541 1408 1623 1480 θύρα.

685 1513 739 1576 Sic
770 1511 947 1577 rLeenwen
978 1513 1015 1576 de
1047 1533 1104 1577 sna
1134 1515 1323 1589 coniectura,
1353 1516 1414 1576 nisi
1445 1512 1528 1598 quod
1559 1513 1658 1577 τοισδί
1684 1513 1769 1578 dedit
1793 1536 1866 1579 cum

686 1618 848 1683 Brunckio
871 1640 927 1704 pro
951 1619 1076 1683 traditis
1099 1621 1131 1682 in
1156 1618 1338 1684 Ravennate
1362 1618 1467 1683 τούσδε
1485 1616 1608 1697 ξενίζειν
1628 1619 1761 1684 οὐδέποτ’
1782 1623 1865 1700 ἴσχει

685 1727 777 1803 θύρα,
814 1728 1030 1789 continuatam
1063 1724 1230 1789 lectionem
1266 1734 1372 1789 vetare
1408 1734 1523 1810 putans
1552 1724 1675 1805 ξενίζειν
1707 1728 1865 1810 positum,

684 1833 741 1895 ubi
765 1829 928 1909 ξενίζεσθαι
951 1831 1002 1895 vel
1023 1836 1064 1903 μὴ
1087 1830 1252 1910 ξενίζεσθαι
1272 1834 1315 1895 sit
1335 1834 1557 1896 necessarium.
1582 1832 1737 1919 Negatio,
1757 1833 1865 1911 credo,

685 1958 784 2023 aeque
815 1945 898 2002 recte
930 1940 1132 2001 omitteretur
1161 1958 1196 2001 ac
1228 1939 1346 2021 passim
1377 1940 1539 2002 omittitur
1569 1942 1640 2022 post
1670 1940 1803 2016 κωκύειν,
1835 1944 1867 2003 et

684 2042 810 2123 ξενίζειν
840 2048 923 2108 recte
947 2065 979 2107 se
1004 2043 1116 2119 habet,
1141 2045 1167 2106 si
1192 2043 1352 2107 obiectum
1377 2045 1464 2107 verbi
1489 2042 1571 2122 ίσχει
1596 2046 1772 2129 cogitamus
1796 2044 1865 2114 τοὺς

685 2150 854 2230 ξενίζοντας
865 2198 873 2228 ,
898 2173 959 2214 non
983 2149 1052 2220 τοὺς
1076 2145 1296 2227 ξενιζομένους,
1321 2155 1359 2213 ut
1378 2152 1420 2213 sit
1443 2153 1614 2215 sententia:
1635 2153 1762 2214 ianuam
1783 2150 1867 2215 clau·

685 2278 755 2321 sam
777 2256 930 2340 impedire
955 2258 1125 2339 quominus
1145 2262 1296 2341 prytaneo
1314 2254 1437 2342 legatos
1457 2259 1624 2340 excipiant.
1648 2256 1867 2321 Nihilominus

686 2362 867 2428 Leeuwenii
889 2368 920 2427 et
939 2364 1154 2446 interpunctio
1175 2365 1207 2425 et
1226 2361 1349 2446 reliqna
1367 2364 1516 2427 correctio
1537 2366 1613 2427 satis
1633 2361 1712 2427 mihi
1732 2363 1866 2447 placent,

686 2468 741 2533 sed
773 2468 940 2553 scrupulus
977 2469 1058 2531 mihi
1093 2476 1190 2531 restat
1224 2467 1262 2532 de
1298 2470 1414 2532 omisso
1450 2468 1603 2545 articulo,
1634 2490 1707 2533 cnm
1739 2475 1866 2555 propter

685 2577 871 2640 universum
895 2577 962 2638 eins
985 2577 1017 2638 in
1041 2574 1225 2658 quotidiano
1248 2595 1392 2638 sermono
1416 2596 1509 2639 usum
1532 2583 1602 2639 tum
1622 2573 1705 2658 quod
1724 2575 1866 2660 plerique

684 2682 805 2748 codices
837 2682 986 2746 exhibent
1018 2681 1158 2746 ediderant
1188 2683 1221 2758 γ’
1246 2679 1313 2760 ίσχ’
1338 2682 1355 2755 ἦ
1380 2684 1469 2761 θύρα,
1503 2680 1598 2745 schol.
1623 2682 1758 2745 οὐδέποτ’
1782 2680 1865 2761 ίσχει

687 2794 704 2863 ἡ
736 2790 826 2865 θύρα,
851 2787 940 2852 Suid.
965 2786 1100 2851 οὐδέποτ’
1126 2785 1209 2866 ίσχει
1233 2791 1266 2864 γ’
1294 2784 1310 2859 ἦ
1332 2788 1421 2864 θύρα,
1446 2794 1478 2851 et
1500 2785 1666 2872 Eupolidis
1690 2786 1865 2852 versiculus

685 2895 769 2979 apud
800 2892 1002 2958 scholiastam
1035 2898 1124 2957 sonat
1154 2895 1188 2964 νίν
1219 2892 1269 2955 τὸν
1301 2892 1430 2957 Ποσειδῶ
1462 2894 1597 2957 οὐδέποτ’
1628 2891 1710 2971 ίσχει
1743 2896 1760 2967 τί
1793 2896 1864 2970 θύρα

686 3001 817 3078 (Porson
849 2999 990 3064 οὐδέποτέ
1022 3001 1054 3076 ρ’
1079 2996 1167 3078 ι’σχεν
1200 3002 1216 3073 ἡ
1249 3000 1339 3078 θύρα,
1370 2998 1516 3087 Elmsley
1541 3000 1699 3064 κούδίτοτὲ
1724 3002 1756 3077 γ’
1781 3000 1864 3081 ίσχει

688 3109 779 3184 θύρα,
803 3107 980 3173 vLeeuwen
1006 3105 1163 3171 κούδέποτ’
1187 3103 1275 3185 ἴσχεν
1302 3108 1318 3180 ἡ
1344 3108 1438 3182 θύρα).

730 3214 797 3279 Iam
832 3216 859 3277 si
894 3212 1027 3278 articulo
1058 3234 1137 3297 opus
1168 3222 1233 3289 est,
1264 3221 1302 3276 ut
1334 3234 1406 3278 sane
1439 3213 1574 3288 videtur,
1607 3235 1663 3279 nec
1695 3216 1864 3300 quisquam

685 3321 777 3386 facile
806 3319 954 3384 admittet
986 3322 1087 3384 cresin
1119 3317 1203 3397 ίσχει
1236 3321 1252 3394 »i
1284 3318 1374 3399 θύρα,
1398 3340 1514 3404 quaero
1538 3340 1641 3385 annon
1664 3324 1770 3406 potius
1793 3324 1866 3386 scri·

683 3427 826 3492 bendum
848 3429 890 3491 sit

910 3530 1011 3596 τουσδὶ
1035 3528 1181 3609 ξενίζειν]
1203 3531 1340 3595 οὐδέποτ’
1364 3526 1453 3610 ίσχεν
1479 3534 1496 3607 οἱ
1520 3531 1617 3612 θύραί

685 3662 841 3724 numquam
865 3638 945 3719 (scil.
971 3637 1084 3714 adhuc)
1108 3638 1283 3720 impediebat
1308 3638 1419 3700 ιὀνοιοοί

732 3745 769 3809 In
802 3745 890 3831 quali
920 3766 1014 3809 versu
1047 3743 1192 3808 deficiens
1224 3744 1382 3808 obiectum
1415 3743 1506 3809 facile
1536 3765 1574 3809 ex
1608 3747 1676 3830 ipsa
1710 3749 1866 3810 sententia

686 3851 829 3937 suppleri
853 3857 968 3936 potest.

731 4063 782 4130 Vs.
810 4064 884 4128 195.
1428 4061 1449 4129 ὦ
1474 4063 1641 4131 Διονύσιοι]

909 4166 1003 4236 αύται
1027 4173 1083 4250 μίν
1105 4170 1201 4254 ἕζοντ’
1221 4170 1398 4252 ἀμβροσίας
1422 4172 1474 4237 καί
1500 4171 1639 4252 νέκταρος

909 4279 973 4342 καί
998 4281 1050 4355 μίν
1076 4280 1284 4359 ἐπιτηρεῖν
1307 4279 1379 4344 σιτί’
1406 4279 1521 4358 ἡμερῶν
1544 4284 1639 4357 τριῶν,

908 4387 966 4449 κοίν
990 4386 1032 4463 τῷ
1056 4384 1191 4460 στύματι
1216 4386 1341 4463 λέγουσι
1368 4384 1475 4462 ,βαῖν’
1500 4381 1566 4448 ύττοι
1591 4383 1736 4456 ε’θίιιειρ”.

685 4492 799 4558 Editor
824 4512 917 4557 versu
941 4489 1003 4556 197
1027 4512 1100 4554 curn
1125 4489 1254 4554 Reislrio
1278 4492 1471 4575 transposito
1493 4495 1566 4574 post
1590 4495 1772 4574 sequentem
1797 4510 1865 4554 con-

682 4602 759 4664 iecit
779 4600 831 4664 κού
851 4599 895 4674 μίν
916 4597 1086 4677 ε’σιταχθῇς
1109 4598 1216 4660 τοίοισι
1236 4596 1350 4662 leniter
1368 4618 1425 4661 nec
1444 4595 1560 4660 melius
1579 4617 1674 4681 qnam
1692 4595 1863 4674 Hamalrer,

682 4709 738 4792 qui
759 4704 829 4770 coll.
851 4727 898 4770 vs.
920 4702 985 4769 548
1006 4702 1057 4766 καί
1077 4702 1187 4780 μνκθτι
1208 4702 1312 4780 μέτρει
1335 4701 1534 4766 scribendum
1554 4704 1728 4787 proposuit.

727 4812 885 4877 Audacias
905 4814 932 4875 si
947 4809 1036 4874 locus
1055 4817 1153 4887 esset,
1173 4831 1301 4875 versum
1321 4830 1379 4874 sno
1392 4808 1459 4874 loco
1472 4830 1600 4874 servans
1612 4810 1779 4876 scriberem
1792 4833 1823 4876 v.
1836 4831 1861 4877 c.

908 4916 1237 4998 <κοίττοστρὲφονται>
1261 4917 1334 4982 σιτί’
1358 4916 1473 4995 ἡμερῶν
1496 4921 1590 4994 τριῶν.
