5125 6150
688 806 731 869 40
1151 820 1403 869 anianensium.

685 991 755 1052 sivo
786 987 870 1072 quod
900 985 1038 1073 Blaydes
1068 989 1232 1071 proposuit
1256 983 1516 1065 ε’ξθύραυσεν,
1539 991 1609 1054 sive
1631 987 1715 1074 quod
1737 988 1871 1055 Brunck

687 1092 727 1169 ἐξ
735 1090 833 1171 ήραξ
841 1118 896 1171 εν,
936 1113 1009 1157 nam
1044 1102 1162 1157 certam
1198 1092 1451 1157 emendationem
1481 1095 1599 1159 frustra
1628 1098 1872 1180 circumspicio,

687 1201 741 1267 sed
767 1199 915 1276 ἐξέσεισεν
939 1221 1052 1265 verum
1076 1221 1144 1265 esse
1168 1220 1230 1264 non
1253 1221 1344 1285 posse
1367 1200 1466 1265 habeo
1488 1203 1778 1286 persuasissimum.

732 1403 784 1468 Vs.
812 1402 908 1468 1219.
933 1403 1091 1467 Lamacho
1114 1403 1232 1467 dicanti

910 1511 1051 1589 εἰλιγγιῶ
1076 1514 1156 1590 κούρα
1180 1509 1251 1587 λθθιρ
1275 1507 1514 1587 πεπληγμένος,

1269 1616 1320 1679 καὶ
1344 1614 1511 1681 σκοτοδινιῶ

686 1721 884 1808 Dicaeopolis
907 1723 1103 1787 subsannans
1125 1721 1294 1807 respondet

908 1831 996 1906 κοὶγύι
1020 1827 1175 1892 καθεύδειν
1199 1827 1357 1905 βούλομαι
1382 1828 1434 1892 καὶ
1459 1826 1592 1902 στύομαι

1323 1936 1375 1999 καὶ
1399 1934 1586 2012 σκοτοβινιῶ.

683 2041 788 2107 Nimis
811 2045 949 2127 suspicio
973 2042 1196 2127 Aristophanis
1220 2045 1387 2128 ingenium
1412 2063 1508 2127 quam
1528 2051 1565 2106 ut
1584 2043 1772 2128 persuadere
1787 2047 1869 2111 mihi

684 2153 803 2235 possim
838 2157 984 2234 poetam,
1020 2153 1074 2233 qui
1109 2148 1232 2234 reliqua
1265 2152 1373 2214 omnia
1407 2152 1441 2212 in
1471 2149 1529 2213 hac
1561 2170 1653 2215 scena
1681 2158 1771 2216 tanta
1801 2160 1869 2218 arte

684 2258 883 2334 tractaverit,
908 2256 960 2320 hic
983 2254 1049 2320 solo
1073 2254 1146 2320 lusu
1169 2258 1204 2318 in
1228 2256 1333 2320 verbis
1356 2255 1523 2319 σκοτοδινιῶ
1547 2264 1580 2321 et
1602 2257 1778 2333 σκοτοβινιῶ
1798 2281 1869 2323 con-

683 2367 809 2426 tentum
840 2382 907 2426 esse
937 2364 1072 2446 potuise.
1106 2360 1236 2425 Accedit
1268 2361 1352 2446 quod
1382 2383 1430 2426 vs.
1459 2361 1546 2426 1220
1569 2362 1777 2448 depravatum
1802 2387 1869 2430 esso

683 2471 791 2554 arguit
829 2466 983 2532 καθεύδειν
1021 2470 1127 2552 inepta
1166 2470 1311 2552 positum
1351 2489 1408 2552 pro
1450 2472 1624 2534 necessario
1664 2470 1724 2535 hac
1765 2473 1799 2535 in
1835 2493 1868 2536 re

684 2574 913 2651 συγκαθεύδειν,
944 2595 1001 2658 pro
1032 2594 1095 2658 quo
1126 2573 1276 2638 συνεύδειν
1307 2576 1417 2658 reponi
1439 2577 1520 2639 vitat
1544 2574 1640 2640 dictio
1663 2580 1795 2642 comica.
1819 2578 1868 2642 Ab

684 2681 794 2747 eadem
826 2681 1009 2747 abhorreret
1033 2679 1179 2765 quidem,
1211 2679 1264 2744 sed
1288 2686 1417 2765 propter
1437 2679 1594 2745 ludicram
1618 2682 1789 2747 verborum
1813 2682 1869 2748 La·

686 2787 792 2852 machi
823 2788 1034 2852 detortionem
1065 2789 1159 2863 satis,
1190 2788 1223 2849 ni
1253 2784 1354 2862 fallor,
1378 2793 1591 2863 excusaretur,
1615 2790 1642 2852 si
1665 2809 1695 2852 v.
1720 2810 1746 2854 c.
1772 2814 1870 2867 παρα-

684 2893 846 2972 τραγῳδῶν
870 2895 1063 2977 scripsisset:

909 2998 970 3076 ἐγὼ
994 2998 1025 3063 δὲ
1049 2997 1122 3076 κέαρ
1146 2999 1179 3074 γ’
1203 2994 1255 3078 ἔρῳ
1278 2997 1500 3074 πεπληγμένος
1524 2998 1604 3079 (soil.
1629 3001 1796 3082 εἰλιγγιῶ),

1245 3104 1298 3169 καὶ
1323 3104 1507 3182 σκοτοβινιῶ.

731 3216 774 3278 At
804 3216 881 3299 quin
913 3211 1046 3286 στύομαι
1071 3214 1249 3298 genuinum
1273 3214 1331 3288 sit,
1357 3212 1491 3276 dubium
1514 3234 1577 3277 non
1599 3212 1737 3291 videtur,
1760 3217 1868 3300 itaque

685 3321 743 3385 tali
763 3323 855 3385 venia
874 3322 1008 3383 minime
1028 3338 1171 3404 egemus.
1190 3315 1294 3381 Lubet
1312 3320 1416 3403 igitur
1434 3317 1560 3382 ariolari
1580 3321 1626 3397 (in
1645 3318 1763 3384 talibus
1783 3323 1867 3386 anim

686 3429 838 3512 praestari
862 3425 945 3491 nihil
967 3446 1024 3510 pro
1047 3430 1131 3489 certo
1155 3429 1288 3508 potest):

908 3531 1031 3609 κᾶγωγ’
1056 3529 1202 3609 <ἔρωσι>
1227 3529 1360 3607 στύομαι
1387 3532 1681 3610 (πεπληγμένος),

1412 3636 1463 3701 καὶ
1488 3636 1684 3716 σκοτοβινιῶ,

688 3751 809 3810 veteres
833 3744 961 3809 lacunas
984 3743 1154 3809 infeliciter
1176 3741 1318 3828 expletas
1341 3763 1408 3807 esse
1431 3746 1613 3828 suspicanti.

1131 4119 1170 4184 ΙΙ.
1204 4123 1253 4185 An
1276 4120 1424 4197 Eoumna.

731 4301 783 4368 Vs.
808 4301 861 4369 89.
886 4299 1015 4378 ἄληθες,
1040 4298 1142 4381 ούτος;
1168 4306 1616 4384 κρουνοχυτρολήραιον
1639 4303 1675 4373 εἷ.

685 4410 863 4475 vLeeuwen
898 4408 956 4485 „In
989 4409 1131 4494 epitheto
1162 4409 1346 4475 ioculariter
1369 4410 1440 4476 ficto
1464 4412 1540 4496 quid
1563 4413 1624 4478 sibi
1648 4414 1728 4479 velit
1751 4421 1868 4497 κρουνοῦ

683 4537 798 4580 nomen
821 4521 967 4601 apertum
992 4519 1056 4592 est,
1087 4514 1141 4580 sad
1165 4522 1283 4596 χυτρῶν
1309 4519 1376 4582 εἰσιν
1401 4516 1535 4583 ollarum
1560 4523 1681 4585 mentio
1705 4544 1767 4587 non
1792 4526 1869 4588 satis

685 4621 881 4707 perspicua”.

730 4726 766 4790 In
798 4748 859 4812 qua
884 4729 1044 4793 mentione
1068 4734 1100 4792 et
1121 4729 1189 4812 ipse
1213 4729 1345 4793 haerens
1370 4728 1448 4794 olim
1472 4735 1582 4796 monui
1606 4732 1737 4799 fortasse
1760 4734 1868 4801 demta

684 4853 747 4897 una
775 4831 884 4898 littera
914 4834 1116 4899 scribendum
1147 4855 1214 4899 esse
1245 4837 1568 4916 κρουνοχυτυλιὶραιιν,
1601 4844 1638 4903 ut
1670 4840 1867 4921 κρουνύχυτον

683 4938 890 5028 intellegatur
913 4962 929 5004 c
944 4942 1033 5028 sonte
1055 4963 1188 5018 ινεαιιοκο,
1212 4943 1234 5005 i.
1259 4963 1286 5007 a.
1311 4938 1395 5022 ὕδωρ.
