5125 6150
1038 1435 1358 1524 ΤΑΟΙΤΕΑ.

1143 1671 1267 1712 8οΒΙΡ81Τ

994 1857 1023 1922 J.
1055 1857 1083 1923 J.
1119 1855 1411 1922 HARTMAN.

944 2024 1180 2102 (Continuantur
1211 2047 1226 2086 e
1252 2047 1327 2106 paq.
1362 2021 1451 2103 347.)

1088 2326 1302 2370 *888*

1179 2584 1219 2649 X.

649 2790 717 2854 Iam
749 2791 783 2852 in
814 2787 1012 2873 praecedenti
1045 2790 1147 2873 capite
1179 2808 1281 2852 unum
1313 2794 1346 2853 et
1367 2787 1506 2853 alterum
1528 2790 1666 2853 tractavi
1687 2787 1795 2852 locum

602 2899 655 2977 (A.
680 2894 734 2972 IV,
760 2895 818 2971 48;
844 2893 886 2959 H.
911 2893 968 2970 111,
993 2893 1036 2957 23
1061 2900 1093 2958 et
1118 2893 1184 2973 25),
1210 2895 1266 2958 ubi
1292 2894 1331 2959 ad
1351 2895 1567 2959 *obtinendum
1590 2915 1704 2959 sanum
1728 2915 1795 2959 sen·

603 3023 696 3077 sum,
728 3002 784 3086 qui
815 2998 935 3063 latebat
965 3001 1081 3076 etiam,
1112 3002 1189 3063 satis
1213 3007 1281 3064 erat
1306 2998 1369 3064 alia
1393 3003 1442 3064 uti
1466 3000 1678 3066 distinctione.
1703 2999 1796 3063 Nunc

604 3106 767 3193 paulisper
796 3109 830 3169 in
854 3105 965 3171 eodem
988 3127 1104 3191 genere
1127 3107 1318 3183 subsistam,
1343 3113 1375 3172 et
1394 3107 1633 3192 transponendis
1656 3106 1795 3192 virgulis

603 3213 716 3277 aliisve
748 3211 1006 3275 distinctionibus
1037 3210 1144 3277 lucem
1176 3212 1285 3277 afferre
1317 3214 1452 3277 conabor
1473 3212 1551 3277 locis
1575 3211 1628 3277 vel
1651 3213 1794 3277 obscuris

604 3319 657 3385 vel
680 3340 774 3383 sensu
797 3320 909 3395 cassis;
930 3317 1119 3403 plerumque
1139 3326 1246 3383 tamen
1265 3318 1331 3383 leni
1350 3319 1407 3383 hac
1428 3319 1585 3384 medicina
1604 3340 1664 3383 non
1685 3320 1795 3404 gravis

603 3425 721 3510 aliquis
745 3423 877 3490 tolletur
900 3425 1045 3501 morbus,
1066 3424 1120 3490 sed
1139 3423 1287 3489 Taciteus
1307 3427 1495 3489 restituetur
1514 3423 1600 3489 color
1619 3423 1796 3509 solitusque

605 3531 751 3596 rfaciteae
775 3532 861 3594 vocis
884 3551 990 3594 sonus.

652 3639 735 3701 Ann.
760 3636 818 3713 XI,
845 3635 897 3700 15.
922 3636 1074 3716 Queritur
1097 3634 1252 3702 Claudius
1273 3634 1358 3721 quod
1378 3635 1565 3721 negligatur
1585 3657 1635 3701 ars
1654 3637 1798 3722 haruspi-

606 3746 694 3819 cina,
718 3762 799 3826 quae
822 3762 914 3827 saepe
938 3742 1131 3826 reipublicae
1156 3746 1319 3826 tantopere
1343 3743 1517 3827 profuerit:

655 3847 718 3926 „Et
748 3847 831 3912 laeta
861 3847 991 3932 quidem
1021 3850 1055 3911 in
1085 3867 1233 3931 praesens
1256 3849 1380 3924 omnia,
1405 3848 1460 3913 sed
1483 3850 1677 3933 benignitati
1701 3846 1797 3912 deum

605 3956 746 4041 gratiam
781 3953 996 4029 referendam,
1032 3973 1071 4016 ne
1106 3955 1188 4017 ritus
1222 3973 1386 4017 sacrorum
1420 3956 1505 4017 inter
1536 3953 1689 4038 ambigua
1718 3951 1798 4017 culti

606 4080 663 4144 per
686 4078 835 4144 prospera
858 4056 1152 4122 oblitterarentur’'.

651 4163 854 4228 Structorem
894 4163 1065 4227 verborum
1100 4162 1276 4228 admodum
1314 4163 1504 4247 impeditam
1540 4166 1585 4228 sic
1620 4162 1795 4248 supplendo

605 4268 744 4353 explicat
775 4267 1003 4354 Nipperdeius:
1042 4270 1202 4353 „gratiam
1232 4268 1429 4333 referendam
1462 4268 1690 4353 (impediendo)
1723 4270 1796 4333 ne”.

605 4374 668 4439 Sed
688 4376 760 4458 quis
780 4394 921 4459 unquam
940 4374 1098 4440 eiusmodi
1117 4374 1239 4459 aliquid
1261 4377 1385 4439 omittit
1406 4380 1437 4440 et
1457 4377 1598 4439 acumini
1618 4375 1797 4461 legentium

605 4480 836 4545 inveniendum
861 4478 1034 4564 relinquit?
1058 4479 1140 4558 Quid
1164 4480 1249 4565 quod
1274 4502 1313 4545 ne
1338 4480 1562 4565 supplemento
1587 4481 1717 4566 quidem
1740 4479 1799 4545 illo

606 4588 748 4650 nascitur
779 4585 900 4670 aliquid
930 4585 1014 4670 quod
1044 4606 1173 4651 sensum
1196 4587 1344 4669 praebeat
1369 4586 1443 4650 huic
1466 4586 1536 4651 loco
1560 4587 1721 4652 idoneum.
1746 4585 1799 4652 Sic

605 4694 693 4756 enim
713 4689 795 4755 illud
817 4694 1059 4755 ratiocinantem
1079 4692 1203 4755 inducit
1224 4689 1418 4757 Claudium:
1441 4713 1546 4768 „nuno
1566 4692 1696 4777 quidem
1715 4692 1800 4758 laeta

607 4801 684 4861 sunt
714 4799 820 4861 omnia
850 4802 920 4875 (nec
953 4796 1157 4881 haruspicina
1187 4798 1277 4861 nobis
1310 4818 1389 4882 opus
1423 4805 1494 4876 est),
1517 4801 1571 4862 sed
1594 4799 1655 4863 diis
1677 4802 1800 4884 gratias

607 4902 783 4967 referamus
813 4902 952 4966 cavendo
981 4923 1020 4966 ne
1045 4903 1247 4986 haruspicina
1272 4902 1507 4969 oblitteretur'’.
1531 4904 1638 4969 Multo
1662 4907 1796 4982 rectius,
