5125 6150
1079 854 1121 899 sn
1145 853 1375 901 emerornenrs
1398 853 1489 900 eras.
1830 835 1873 900 89

682 1019 798 1080 calamo
830 1019 988 1080 nimirum
1019 1017 1129 1080 ciccoto
1160 1016 1283 1081 cicadas
1314 1022 1426 1102 optans
1457 1022 1582 1101 captare
1599 1016 1631 1096 ¹).
1663 1016 1736 1081 Alie
1759 1016 1877 1081 mulier

682 1122 769 1207 apud
800 1121 969 1186 Alexidem
1002 1123 1156 1198 recaderus
1188 1122 1359 1197 λοιλιοτέροι
1391 1121 1604 1201 dicebatur-²),
1637 1128 1669 1187 et
1699 1125 1877 1188 meretricis

683 1227 852 1293 cuiusdam
877 1228 1022 1305 Κερκώπη
1047 1228 1109 1292 fuit
1132 1249 1309 1313 cognomen
1324 1225 1359 1308 ³).

732 1440 821 1520 Quod
845 1446 954 1505 eutem
978 1440 1074 1504 modo
1095 1440 1179 1517 dixi,
1200 1447 1310 1519 κρεκῶν
1329 1442 1440 1504 avium
1461 1443 1658 1505 mentionem
1680 1441 1878 1506 amacilenti

683 1549 784 1612 huius
814 1554 926 1630 poetae
958 1549 1103 1611 irrisione
1134 1566 1202 1610 esse
1225 1546 1381 1625 alienam,
1406 1547 1440 1611 id
1464 1546 1559 1632 paulo
1581 1547 1728 1633 pluribus
1749 1548 1877 1613 videtur

684 1652 953 1739 persequendum.
986 1652 1068 1717 Sunt
1097 1655 1201 1738 igitur
1229 1651 1351 1731 κρέκες,
1376 1673 1454 1738 ques
1477 1662 1539 1724 τοῖς
1565 1654 1716 1733 ῥύγχεσιν
1739 1653 1807 1725 τοὺς
1833 1657 1878 1718 θε-

684 1759 813 1836 peticus
845 1759 943 1828 λίθους
975 1762 1029 1821 τοῦ
1058 1758 1182 1839 τείχους
1215 1759 1340 1822 rusinae
1371 1759 1454 1823 infre
1477 1758 1575 1824 refert
1598 1762 1731 1824 nuntius
1744 1759 1780 1840 ⁴),
1804 1781 1878 1825 aves

684 1864 844 1950 quaedam
874 1863 1049 1948 palustres,
1081 1865 1198 1949 quibus
1222 1871 1325 1930 rostra
1349 1864 1428 1929 dure
1451 1872 1483 1929 et
1506 1871 1675 1950 praeacuta
1697 1887 1754 1951 pro
1777 1866 1876 1938 τύκοις

682 1974 753 2035 sive
778 1968 914 2048 crispiora
940 1972 1104 2048 λιθονρροῖς
1129 1971 1269 2035 fuerunt.
1294 1969 1418 2035 Nomen
1442 1970 1526 2036 unde
1546 1971 1713 2048 duxerint,
1737 1975 1877 2037 otiosum

683 2081 735 2142 est
766 2096 933 2160 quaercrc;
966 2096 1038 2140 nam
1073 2077 1144 2160 quis
1167 2077 1226 2140 hoc
1249 2077 1310 2140 eibi
1335 2082 1460 2154 sumat,
1484 2083 1521 2140 ut
1544 2076 1734 2141 animalium
1758 2077 1880 2162 planta·

683 2203 801 2246 rumve
835 2183 965 2246 nomina
997 2180 1126 2267 singula
1156 2181 1195 2246 ed
1227 2187 1376 2268 etymum
1412 2182 1541 2267 aliquod
1575 2184 1702 2248 referet.
1737 2168 1878 2248 'Minime

683 2294 770 2353 certe
802 2287 935 2352 dubium
970 2287 1097 2352 videtur
1128 2290 1204 2371 quin
1234 2291 1322 2352 inani
1345 2309 1493 2353 sonorum
1518 2288 1731 2355 similitudine
1755 2289 1879 2374 decepti

682 2395 805 2458 fuerint
828 2395 883 2478 qui
904 2414 978 2457 cum
1000 2394 1097 2458 verbo
1118 2393 1230 2469 κρέκειν
1250 2395 1416 2459 cohaerere
1435 2399 1617 2459 statuerunt
1630 2394 1666 2473 ⁵).
1686 2394 1745 2458 Est
1765 2395 1878 2472 κρέκειν

685 2507 801 2574 iecere,
833 2498 888 2562 scd
920 2501 953 2561 in
986 2505 1154 2584 poetarum
1178 2499 1315 2565 dictione
1338 2520 1357 2563 a
1380 2501 1467 2563 radio
1491 2522 1597 2564 canoro
1610 2498 1646 2579 ὓ),
1671 2502 1726 2585 qui
1748 2501 1879 2563 είιιιιιὲιιο

685 2606 860 2690 percurrit,
886 2602 925 2667 ad
944 2604 1079 2667 othurae
1095 2604 1238 2684 pectinem
1259 2610 1414 2689 argutum
1434 2603 1624 2669 translatum
1636 2604 1755 2687 fidibus
1773 2626 1879 2667 οοιιοιο

684 2708 897 2795 significate.
941 2709 1053 2794 Itaque
1092 2717 1213 2788 πτεροῖς
1250 2709 1363 2787 astrei
1399 2711 1551 2775 dicuntur
1585 2710 1670 2795 poni
1703 2710 1808 2773 musici
1842 2712 1877 2774 in

684 2823 812 2880 nostrae
836 2813 961 2879 fabulae
986 2818 1107 2880 cantico
1121 2816 1157 2897 ⁸),
1182 2838 1239 2881 nec
1262 2819 1371 2881 minus
1394 2819 1538 2901 apposite
1561 2817 1675 2880 locucio
1697 2813 1750 2881 vel
1773 2815 1878 2879 cicada

683 2922 719 2985 ἐκ
753 2919 913 2997 πτερύγων
947 2921 1042 2996 μέλος
1079 2921 1192 2999 κρὲιιειν
1228 2923 1346 2988 dicitur
1381 2922 1511 3002 alibi⁰);
1553 2922 1625 2987 dein
1657 2960 1699 2970 -
1731 2921 1878 3007 neglecta

685 3048 766 3113 quae
801 3027 910 3092 subest
942 3028 1085 3114 imagine
1114 3066 1157 3078 -
1188 3029 1325 3095 verbum
1357 3028 1395 3093 de
1426 3031 1556 3114 quovis,
1587 3031 1685 3093 etiam
1715 3027 1754 3093 de
1786 3027 1878 3091 tibiae

683 3139 781 3199 cantu
811 3134 954 3199 adhiberi
977 3141 1127 3221 coeptum
1151 3141 1213 3213 est,
1238 3138 1330 3201 utin
1354 3136 1525 3222 coryphaei
1548 3138 1649 3201 nostri
1673 3134 1712 3200 ad
1735 3133 1878 3198 hirundi-

684 3262 760 3306 nem
784 3241 908 3306 verbis:

1092 3344 1113 3412 ὦ
1137 3347 1315 3426 καλλιβόαν
1338 3347 1474 3427 κρέκοοο’

1047 3454 1142 3521 αὐλὸν
1166 3454 1348 3533 <pityussis
1374 3456 1480 3532 ἠρινοῖς
1495 3453 1544 3533 10).

684 3555 829 3636 Quacum
847 3557 1008 3624 locutione
1031 3598 1074 3608 -
1098 3561 1263 3627 audaciore
1287 3581 1362 3626 sane
1387 3597 1429 3609 -
1453 3560 1587 3626 conferri
1610 3562 1714 3643 potest
1736 3553 1877 3636 Φορμιρξ

683 3663 877 3728 vccabulum
901 3665 939 3729 de
962 3667 1073 3729 avium
1094 3687 1170 3731 voce
1189 3665 1313 3732 dictum
1332 3665 1417 3750 apud
1435 3664 1625 3750 Euripidem
1641 3661 1689 3744 ¹¹).
1713 3662 1775 3728 Sed
1795 3662 1877 3727 nihil

682 3769 762 3833 haec
786 3771 895 3833 omnia
919 3792 990 3835 cum
1017 3792 1111 3836 rauco
1132 3770 1269 3836 clamore
1289 3772 1365 3835 roth
1384 3771 1518 3855 aquatici
1544 3807 1579 3817 -
1601 3769 1654 3834 vel
1672 3789 1876 3855 quaecunque

683 3875 754 3937 evis
789 3872 859 3952 κρέξ
891 3876 930 3940 ab
962 3877 1174 3961 Aristophane
1198 3876 1317 3940 dicitur
1342 3913 1384 3925 ·-
1407 3876 1525 3941 habent
1548 3877 1749 3951 communia,
1774 3894 1876 3958 neque

682 3977 791 4043 ullum
822 4000 859 4044 ex
890 3981 1050 4045 eiusmodi
1079 3980 1158 4046 locis
1189 3986 1417 4067 argumentum
1446 3982 1514 4067 peti
1536 3985 1641 4066 potest
1663 4000 1726 4063 quo
1750 3978 1877 4043 demon-

684 4090 806 4149 stretur
832 4084 989 4163 eraortir
1014 4086 1070 4150 rol
1094 4093 1181 4168 φυλῇ
1202 4089 1279 4152 satis
1299 4087 1414 4152 festive
1433 4085 1568 4152 adscribi
1586 4086 1727 4172 potuisse
1746 4088 1874 4170 poetam

683 4188 827 4274 lyricum
852 4193 905 4254 roi
929 4196 1054 4271 πονηροῦ
1079 4192 1252 4270 κάμμοροι.

719 4417 747 4479 1)
767 4417 889 4483 Aristoph.
909 4418 939 4468 ir.
959 4418 999 4478 ⁵1,
1016 4419 1044 4468 de
1062 4434 1108 4482 qno
1125 4418 1177 4467 loeo
1193 4418 1241 4468 vid.
1257 4416 1348 4467 Zeoher
1364 4418 1448 4467 Herm.
1469 4418 1533 4467 1884
1551 4432 1574 4481 p.
1591 4415 1649 4466 482.

716 4500 746 4561 2)
762 4499 831 4547 Alex.
850 4499 880 4549 ir.
899 4500 937 4548 92.
1139 4502 1167 4562 8)
1186 4499 1315 4548 Philetaer.
1333 4499 1363 4548 ir.
1382 4499 1406 4551 9.
1597 4499 1624 4559 4)
1642 4497 1682 4545 Vr.
1702 4495 1775 4545 1138.

718 4585 745 4637 5)
766 4579 874 4641 ,κρέκιιν
892 4581 955 4630 wohl
972 4586 1052 4631 rueret
1068 4598 1123 4632 rom
1142 4582 1224 4631 Sohrci
1241 4583 1281 4631 dee
1300 4582 1395 4631 Hihcre
1412 4578 1503 4646 (κρίξ)”
1521 4579 1595 4628 Koch.

718 4662 748 4724 6)
765 4660 865 4723 κερκίδα
882 4661 963 4711 ἀοιδόν
983 4667 1008 4712 et
1024 4664 1120 4713 eliunde
1136 4663 1246 4713 novimus
1263 4672 1331 4712 etex
1348 4664 1409 4711 Rau.
1428 4662 1501 4711 lale.

720 4744 746 4804 7)
765 4746 820 4794 Vid.
838 4746 942 4795 'Pelates
960 4748 1022 4811 epod
1040 4746 1125 4795 Athen.
1145 4746 1216 4796 caca.
1615 4744 1642 4802 8)
1661 4739 1693 4790 l'n
1718 4739 1774 4793 'Ild-

719 4826 745 4886 9)
766 4826 795 4874 ln
814 4826 958 4891 Anthologie
975 4828 1009 4876 nic
1026 4827 1127 4891 saepius.
1247 4828 1291 4889 111)
1310 4824 1348 4875 Vs.
1367 4825 1458 4888 682·sp
1577 4823 1621 4888 11)
1638 4823 1694 4873 Eur.
1711 4821 1763 4871 Ion.
1784 4822 1875 4884 litisq.

1716 5055 1731 5107 'l
