5125 6150
689 781 753 847 102
1190 798 1356 846 sonamus.

688 967 821 1030 minime
854 968 973 1030 mirum
1008 969 1074 1029 est:
1110 962 1191 1029 olare
1225 967 1311 1030 enim
1344 962 1427 1028 illud
1462 961 1604 1040 eluebat,
1638 969 1866 1050 poetarumque

688 1073 848 1149 versibus,
868 1073 983 1157 quibus
1002 1070 1198 1148 narrabatur,
1218 1070 1412 1136 celebratum
1424 1077 1500 1136 erat.
1521 1070 1669 1137 Etiamne
1679 1071 1867 1154 splendidam

617 1163 619 1169 ⁵
687 1179 739 1244 hio
762 1179 800 1243 ab
823 1177 927 1243 Ennio
950 1177 1102 1264 appellari
1125 1174 1269 1262 poterat?
1294 1176 1365 1242 Non
1387 1179 1507 1262 opinor.
1708 1161 1710 1166 ³

730 1285 798 1350 Iam
829 1305 935 1350 meem
965 1286 1179 1349 oonieoturem
1209 1283 1385 1368 proferam,
1417 1303 1479 1347 non
1511 1282 1642 1368 quidem
1672 1304 1866 1369 magnopere

684 1395 750 1457 iam
772 1393 956 1457 veritusne
979 1390 1121 1455 deridear
1143 1390 1233 1476 (quid
1256 1392 1342 1454 enim
1366 1389 1448 1453 mihi
1471 1388 1570 1455 velim
1595 1388 1734 1469 dudum,
1759 1388 1866 1466 lector,

686 1501 879 1584 suspicaris),
910 1503 1022 1563 cautus
1045 1502 1151 1562 tamen
1176 1503 1208 1563 et
1229 1499 1495 1582 circumspectus,
1520 1516 1652 1580 eamque
1675 1495 1760 1560 haud
1784 1494 1869 1559 infir-

687 1607 765 1682 mis,
785 1613 823 1669 ut
842 1606 963 1690 opinor,
985 1604 1170 1669 defensurus
1190 1606 1399 1689 argumentis.
1423 1602 1610 1689 lungendum
1630 1604 1715 1667 enim
1734 1603 1870 1667 arbitror

685 1711 851 1795 splendide.
882 1710 1021 1798 Egregie
1050 1711 1108 1775 hoo
1140 1709 1335 1775 adieotivum
1366 1707 1562 1794 Torquatum
1593 1713 1738 1772 nostrum
1762 1706 1867 1785 decet,

685 1817 875 1903 opulentum
898 1818 1060 1883 hominem
1082 1815 1231 1901 lauteque
1254 1817 1435 1892 virentem,
1460 1821 1572 1900 estque
1595 1816 1712 1900 equitis
1734 1813 1869 1879 Romani

685 1925 750 1991 fere
784 1924 971 2011 legitimum
1003 1924 1178 2008 epitheton.
1212 1921 1385 2008 Splendent
1416 1921 1565 1998 divitiae,
1597 1919 1742 2007 splendet
1771 1921 1869 1985 homo

689 2030 793 2107 diues,
817 2051 895 2095 euro
919 2038 951 2094 et
974 2031 1120 2115 pretiosis
1140 2027 1261 2113 lapillis
1285 2033 1449 2113 comptus,
1474 2024 1511 2093 (i.
1534 2026 1591 2103 III,
1617 2026 1647 2105 3,
1671 2024 1732 2091 25:

910 2136 979 2200 Iam
1002 2156 1059 2201 neo
1082 2135 1241 2200 Lacaenae
1264 2133 1410 2219 splendet
1432 2133 1592 2200 adulterae

909 2240 1065 2307 Famosus
1088 2242 1201 2326 hospes

687 2347 756 2421 (ubi
772 2348 914 2433 somoeue
936 2349 1111 2412 rectissime
1134 2346 1304 2412 adhibetur
1327 2346 1444 2412 eodem·
1460 2346 1554 2411 modo
1578 2367 1641 2431 quo
1662 2344 1757 2409 Ennii
1776 2365 1870 2409 versu

688 2475 784 2539 supra
814 2452 927 2532 allato,
965 2453 1139 2538 eodemque
1168 2474 1231 2538 quo
1262 2459 1370 2518 nostro
1403 2474 1498 2518 versu
1534 2451 1695 2535 splendido
1729 2452 1870 2536 positum

688 2580 756 2626 esse
775 2558 934 2625 Miillerus
954 2559 1184 2640 contendebat).
1205 2560 1311 2644 Atque
1331 2565 1402 2624 tum
1422 2580 1563 2644 quoque,
1585 2579 1660 2622 cum
1679 2557 1716 2622 de
1734 2558 1870 2642 pretioso

687 2665 831 2752 opulenti
859 2667 998 2732 hominis
1027 2671 1140 2731 ornatu
1168 2687 1231 2730 non
1253 2668 1424 2752 cogitetur,
1449 2666 1489 2731 ob
1513 2665 1594 2731 soles
1617 2665 1747 2729 divitias
1770 2662 1872 2748 splen-

688 2773 782 2838 didus
804 2771 858 2838 ille
882 2772 1008 2838 dieitur.
1033 2771 1086 2837 Sio
1110 2770 1216 2839 Oarm.
1240 2770 1297 2849 HI,
1324 2771 1376 2849 16,
1390 2770 1450 2836 25:

1315 2877 1361 2942 nil
1383 2880 1580 2963 cupientium

912 2983 1024 3051 Nudus
1046 2990 1148 3049 eastra
1171 2990 1244 3069 peto
1268 2990 1300 3048 et
1323 2984 1488 3070 transhrga
1511 2983 1651 3048 divitum

956 3091 1066 3157 Partes
1089 3090 1234 3175 linquere
1254 3092 1376 3177 gestio,

913 3194 1118 3281 Contemptus
1141 3196 1288 3261 dominus
1311 3195 1504 3281 splendidior
1525 3199 1572 3262 rei

912 3302 1015 3383 Quam
1039 3305 1066 3367 si
1089 3301 1244 3387 quidquid
1267 3310 1335 3367 arat
1357 3305 1497 3388 impiger
1521 3301 1646 3387 Apulus

911 3406 1077 3473 Oooultare
1101 3410 1181 3473 meis
1205 3407 1325 3473 dicerer
1347 3408 1467 3473 horreis

956 3512 1092 3600 Magnas
1115 3516 1198 3578 inter
1221 3534 1296 3598 opes
1319 3516 1421 3599 inops.

689 3619 829 3706 Egregie
858 3619 910 3683 hio
940 3620 953 3682 1
978 3620 1152 3697 αὐτάρκης,
1177 3618 1363 3683 divitiarum
1388 3624 1594 3704 contemptor,
1617 3619 1805 3701 splendidior
1827 3618 1872 3683 di-

689 3728 773 3790 eitur
802 3745 899 3810 quem
928 3726 955 3788 is
988 3727 1042 3810 qui
1075 3724 1206 3789 divitias
1238 3744 1311 3790 suas
1344 3732 1448 3802 amet,
1473 3728 1622 3811 quoniam
1645 3728 1673 3789 is
1694 3726 1870 3807 splendidae

688 3829 790 3916 vulgo
821 3831 948 3907 dieitur,
980 3837 1012 3893 11
1043 3828 1223 3915 philosophi
1251 3830 1421 3896 Horatiani
1452 3834 1557 3897 virtus
1587 3852 1696 3897 revera
1726 3831 1870 3917 splendet

687 3957 764 4001 euro
795 3938 908 4022 magis.
939 3934 1022 4000 Nam
1054 3938 1157 4000 virtus
1189 3938 1216 4001 si
1246 3937 1403 4024 splendere
1433 3937 1551 4002 dieitur
1573 3939 1611 4003 ab
1634 3960 1708 4002 ooro
1730 3941 1870 4002 sumitur

687 4044 891 4127 metaphora,
926 4048 1055 4126 propter
1089 4041 1188 4126 quod,
1225 4045 1292 4107 sine
1327 4044 1528 4129 metaphora,
1565 4044 1681 4109 divites
1715 4044 1869 4126 splendidi

686 4147 896 4234 appellantur.
921 4145 982 4212 Sed
1006 4168 1102 4232 quam
1125 4147 1220 4233 longe
1242 4148 1319 4214 haec
1343 4152 1450 4214 omnia
1474 4171 1528 4215 noe
1553 4150 1712 4215 abducunt
1736 4174 1755 4212 o
1773 4151 1870 4236 eplet-

687 4253 770 4317 didie
801 4252 917 4317 Mdoois
947 4253 1101 4332 arbitriis,
1133 4274 1212 4338 quae
1242 4254 1334 4319 finxit
1362 4255 1537 4334 Miillerus,
1561 4279 1600 4322 ne
1623 4257 1661 4323 de
1684 4260 1725 4321 iis
1748 4256 1870 4342 loquar,

688 4381 767 4445 quae
798 4361 887 4426 nobis
917 4358 1134 4445 Kiesslingius
1164 4359 1325 4426 venditat!
1358 4362 1442 4428 Nam
1473 4366 1500 4426 si
1523 4362 1759 4450 Kiesslingiano
1783 4385 1870 4428 more

687 4472 796 4550 poetas
818 4469 1021 4553 interpretari
1043 4465 1168 4543 licebit,
1193 4467 1323 4551 posthac
1345 4490 1384 4533 ne
1407 4470 1586 4555 Antigonae
1605 4471 1734 4554 quidem
1753 4469 1871 4555 Sopho-

689 4570 772 4636 cleae
796 4574 927 4638 initium
950 4579 1136 4658 corruptum
1160 4579 1272 4658 putore
1295 4574 1342 4638 fas
1366 4576 1435 4639 erit.

732 4675 795 4742 Sed
816 4680 882 4741 iam
906 4683 982 4743 setis
1006 4679 1044 4747 de
1068 4682 1156 4744 vocis
1178 4680 1371 4760 splendidae,
1393 4701 1535 4766 quaeque
1555 4684 1584 4746 ei
1606 4687 1681 4746 sunt
1698 4688 1869 4769 cognatae,

688 4803 758 4846 usu.
794 4782 886 4847 Nune
921 4783 979 4849 hoo
1011 4787 1214 4850 observatum
1246 4784 1362 4863 velim,
1394 4787 1457 4852 fere
1488 4809 1665 4873 numquam
1696 4788 1869 4853 Horatium

689 4896 745 4952 aut
778 4890 941 4956 hominem
974 4890 1035 4955 sibi
1070 4898 1202 4968 notum,
1245 4899 1303 4957 aut
1337 4892 1458 4972 Deum,
1495 4901 1551 4959 aut
1585 4894 1691 4959 looum
1727 4898 1869 4961 vicinum
