5125 6150
683 846 749 911 318
1186 864 1376 911 morosior.

684 1027 800 1100 πυτίας
832 1050 898 1105 μοι
930 1026 1025 1092 δοκῶ
1058 1030 1203 1092 καλοῦσιν
1232 1027 1316 1093 αθτθι
1341 1026 1393 1091 καί
1419 1026 1593 1101 σκιθλκκας.
1616 1026 1763 1090 Aduolat
1787 1025 1893 1090 editor

685 1132 796 1215 ,δοκῶ]
828 1133 912 1198 δοκεῖ
939 1131 1042 1197 Seiler
1071 1135 1140 1197 sine
1168 1135 1254 1197 iusta
1286 1132 1413 1198 causa.'’
1445 1131 1550 1197 Immo
1580 1133 1782 1214 iustissima,
1816 1151 1892 1195 nam

684 1237 760 1305 δοκῶ
790 1241 838 1304 ita
870 1243 998 1303 tentum
1030 1239 1106 1302 ferri
1137 1244 1258 1323 potest,
1291 1241 1318 1303 si
1349 1239 1438 1304 abest
1460 1258 1531 1315 μοιι
1555 1238 1690 1313 πυτίας,
1716 1235 1812 1314 δοκῶ,
1839 1259 1895 1300 κα·

683 1348 788 1410 λοῦσιν
808 1342 908 1420 αὐτά,
932 1346 1040 1428 itaque
1061 1364 1234 1429 pronomen
1254 1346 1429 1409 retinentes
1448 1344 1531 1408 δοκεῖ
1548 1344 1706 1428 corrigere
1728 1344 1891 1428 cogimur.

685 1487 728 1501 ·-
759 1449 841 1534 §18
873 1448 1096 1528 εἀοίσοισαι
1128 1449 1154 1513 δ’
1186 1446 1236 1515 οὖν
1267 1450 1319 1514 καί
1352 1447 1572 1525 άνοιξανθεθσοιι
1603 1451 1676 1520 τοὺς
1704 1447 1893 1526 στομάχους

684 1557 922 1635 ίιιοαιπαλῦμεν
953 1554 1046 1632 μάλα
1078 1561 1229 1627 νεανικῶς.
1262 1553 1463 1622 Coniecturis
1487 1553 1687 1635 θρανίσασοιι,
1713 1554 1892 1646 ἐρείσασαι,

683 1660 820 1742 άρσασαι
854 1660 937 1725 nihil
974 1682 1027 1725 me
1062 1659 1167 1726 iudice
1201 1660 1376 1745 proficitur.
1413 1660 1564 1746 Suspicor
1593 1660 1815 1740 θαίσιισιιι.
1850 1695 1891 1706 -

683 1765 798 1834 Paullo
832 1773 906 1832 ante
938 1763 1018 1850 §17
1050 1766 1277 1852 corrigendum
1308 1763 1353 1829 ἔτι
1384 1765 1487 1843 μέντοι
1520 1757 1542 1830 ά
1573 1771 1646 1850 (pro
1680 1756 1709 1844 θ)
1742 1763 1892 1842 μάλιστα

685 1871 778 1949 ἡδίους
801 1870 977 1951 ἐφάγομεν,
1003 1872 1170 1952 θριθακῑναι
1194 1871 1246 1936 καί
1271 1869 1387 1937 σίλινα.

1140 2259 1181 2305 ΑΒ
1205 2257 1431 2306 PLUTARCHUM.

733 2419 848 2488 Ooriol.
874 2421 917 2486 32
941 2419 1061 2502 (Sint).
1094 2418 1199 2497 „Cum
1230 2421 1393 2487 Homerus
1423 2421 1503 2487 dicit
1526 2423 1567 2499 τῷ
1593 2420 1618 2485 θ’
1642 2418 1692 2501 ἄρ’
1718 2421 1772 2487 ἐπί
1798 2423 1892 2502 φρεσί

688 2513 758 2587 θῆκε
784 2512 856 2589 θεά,
881 2511 1007 2596 aliaque
1029 2513 1063 2575 in
1086 2510 1220 2576 eandem
1241 2515 1451 2590 sententiam,
1476 2511 1620 2598 plerique
1639 2512 1771 2593 (αὐτοῦ)
1792 2537 1894 2577 κατα-

688 2606 845 2682 Φοονοῖισιν
876 2604 914 2673 ὣς
948 2601 1109 2674 άθυνάτοις
1140 2602 1310 2680 πράγμασι
1342 2602 1395 2666 καί
1427 2603 1622 2679 μυθεύμασιν
1653 2602 1809 2674 άπίστοις
1842 2604 1893 2668 τὸν

687 2692 819 2758 ἑκάστου
850 2692 1000 2769 λογισμὸν
1031 2701 1087 2767 τῆς
1119 2692 1318 2771 προαιρέσεως
1341 2690 1472 2758 άπιστον
1496 2690 1738 2763 καθιστάντος.”
1765 2693 1894 2759 Vitiosa

685 2784 763 2848 haec
794 2803 860 2847 esse
891 2780 944 2847 vel
973 2785 1121 2867 repetitio
1145 2782 1289 2856 άπίστσις
1391 2781 1524 2848 άπιστον
1547 2781 1707 2859 declarat,
1735 2791 1771 2848 et
1794 2783 1895 2848 nihili

688 2880 737 2938 est
767 2871 917 2950 λογισμὸς
949 2874 1146 2952 προαιρέσεως
1171 2872 1312 2945 ἄπιστος.
1345 2873 1502 2939 Homines
1524 2876 1578 2937 isti
1603 2875 1745 2938 minime
1769 2874 1894 2938 infirmi

685 2964 745 3028 hoc
775 2967 887 3048 poetae
918 2965 998 3027 vitio
1029 2963 1104 3027 dent
1135 2962 1218 3047 quod
1248 2962 1414 3028 miraculis
1446 2967 1513 3029 suis
1535 2972 1681 3027 mentem
1705 2964 1894 3029 humanam

686 3054 864 3134 (λογισμόν)
883 3060 1046 3138 expertem
1064 3054 1159 3119 faciet
1177 3052 1272 3119 liberi
1292 3054 1417 3119 arbitrii
1437 3053 1676 3136 (προαιρέσεως).
1702 3053 1894 3141 Respondet

685 3144 892 3230 (paulopost)
912 3144 1123 3230 philosophus
1143 3150 1266 3208 noster:
1286 3145 1339 3209 οὐκ
1352 3146 1534 3225 άναιροῡντοι
1547 3148 1692 3210 ποιεῖτον
1707 3146 1787 3224 θεθν,
1802 3147 1894 3211 άλλιὶ

687 3239 827 3300 κινοῦντα
847 3237 902 3308 τὴν
921 3236 1101 3315 προαίρεσιν.
1120 3233 1309 3320 Legendum
1328 3256 1438 3301 censeo
1461 3232 1626 3313 άμσιοον
1652 3241 1848 3318 (expertem).

732 3414 853 3482 Deinde
877 3416 1026 3481 dicuntur
1050 3417 1095 3479 dii
1117 3418 1151 3479 in
1172 3416 1265 3480 rebus
1285 3417 1488 3502 gravioribus
1506 3416 1655 3480 homines
1674 3419 1821 3483 incitare
1843 3418 1894 3483 vel

688 3508 824 3570 retinere
848 3507 964 3584 άρχαῖς
988 3529 1048 3569 τισι
1073 3497 1127 3569 καί
1150 3508 1342 3585 Φαντασίοιις
1368 3506 1420 3568 καί
1446 3507 1602 3577 ἐπινοίαις.
1627 3505 1656 3569 Ε
1680 3509 1894 3591 praecedenti

688 3596 790 3676 άρχῆς
818 3598 900 3661 vitio
925 3604 1038 3659 netum
1058 3596 1144 3660 istud
1168 3597 1319 3674 ἀρχαῖς
1344 3616 1470 3673 censeo,
1491 3601 1586 3680 atque
1606 3598 1739 3677 θχαῑς
1760 3620 1892 3684 repono.

733 3769 813 3841 lbid.
838 3774 891 3840 38.
927 3776 1032 3851 „Fieri
1062 3798 1123 3841 non
1154 3777 1278 3861 potest”
1312 3773 1523 3860 philosophus
1555 3780 1664 3840 noster
1693 3780 1743 3841 eit
1769 3786 1834 3856 „ut
1858 3783 1895 3844 si·

689 3866 870 3932 mulacrum
901 3865 1029 3951 aliquod
1060 3864 1144 3929 clara
1166 3886 1243 3931 voce
1266 3864 1430 3949 loquatur3
1456 3862 1530 3931 ὅπου
1554 3864 1585 3929 δὲ
1611 3867 1698 3941 ἡμᾶς
1728 3870 1746 3943 ἦ
1773 3870 1894 3951 ίστυρία

688 3965 815 4027 πολλοῖς
836 3954 1046 4035 ἀποβιάζεται
1068 3956 1120 4018 καί
1141 3956 1275 4025 πιθανοῖς
1296 3956 1447 4033 μάρτυσιν
1467 3955 1608 4031 άνθμοιον
1625 3956 1773 4030 οιίσθιίσει
1796 3961 1895 4031 πάθος

689 4048 910 4127 ἐγγιγνόμενον
944 4047 985 4124 τῷ
1017 4047 1221 4125 Φανταστικῷ
1253 4053 1309 4117 τῆς
1341 4052 1448 4124 ψυχῆς
1480 4048 1698 4111 συναναπείθει
1727 4050 1764 4114 τὸ
1790 4050 1895 4128 δθξαν,

688 4136 788 4216 ὥσπερ
821 4139 851 4200 ἒν
883 4134 984 4204 ὕπνοις
1016 4134 1136 4212 άκοθειν
1158 4136 1211 4197 οὐκ
1235 4134 1395 4205 άκοθοντες
1420 4135 1471 4198 καί
1496 4134 1627 4210 βλέπειν
1653 4139 1687 4201 οὐ
1715 4139 1894 4213 βλέποντες

688 4227 866 4303 δοκοῦμεν.”
891 4228 996 4290 Arena
1019 4228 1086 4289 sine
1109 4222 1209 4289 calce!
1233 4224 1379 4288 Fortasse
1402 4227 1447 4289 sic
1466 4223 1553 4289 Plut.
1574 4227 1724 4311 scripsit:
1748 4226 1829 4295 θπου
1843 4279 1851 4295 .
1867 4278 1895 4295 ..

688 4316 853 4397 μάρτυσιν,
886 4312 1022 4391 ὅμοιον
1047 4316 1182 4388 αίσθθσει
1207 4313 1303 4385 πάθος
1328 4315 1547 4391 ε’γγιγνθμενον
1571 4338 1601 4378 τ.
1622 4322 1662 4396 Φ.
1685 4340 1717 4382 τ.
1740 4327 1780 4399 ψ.
1808 4346 1896 4385 cooa-

691 4408 866 4473 νασείθειν
890 4405 924 4472 τί
948 4412 1061 4481 σῶμα
1084 4402 1240 4481 δθξειεν
1260 4401 1322 4466 οἶκε
1343 4406 1370 4466 si
1389 4403 1523 4468 historia
1542 4425 1599 4489 per
1617 4409 1723 4472 testes
1742 4412 1897 4495 probatos

689 4519 746 4563 nos
770 4500 857 4584 cogit
880 4494 1049 4574 (eiusmodi
1073 4492 1227 4559 miracula
1248 4513 1359 4557 revera
1383 4493 1466 4558 facta
1488 4514 1554 4559 esse
1578 4496 1737 4578 credere),
1765 4504 1814 4566 sic
1838 4502 1897 4566 for·

688 4595 772 4651 tasse
807 4608 876 4651 rem
911 4585 1067 4669 explicare
1099 4587 1258 4668 possimus
1288 4579 1413 4657 (δθξειεν
1445 4582 1496 4664 ks)
1527 4589 1565 4647 ut
1596 4584 1712 4669 aliqua
1745 4612 1818 4668 res,
1851 4595 1896 4656 rei

689 4697 787 4759 quam
818 4675 962 4740 sensibus
986 4676 1180 4757 percipimus
1204 4670 1337 4747 similis,
1363 4692 1427 4753 qua
1450 4674 1665 4757 „phantasia”
1691 4687 1810 4746 nostra
1834 4682 1895 4746 affi-

689 4767 783 4841 citur,
808 4764 905 4829 simul
929 4769 961 4827 et
984 4766 1106 4846 corpori
1129 4768 1236 4828 nostro
1258 4764 1470 4844 praesentiam
1494 4782 1587 4827 suem
1611 4767 1745 4849 probet.

1662 4856 1693 4920 J.
1721 4858 1754 4923 J.
1780 4861 1827 4925 H.

1183 4972 1376 4980 *—
