5125 6150
1067 823 1109 870 so
1133 824 1361 872 nersroeusnrs
1383 827 1474 873 erse.
1805 811 1870 876 459

737 989 826 1055 Haeo
850 1010 910 1073 quo
933 991 1049 1053 rectius
1072 987 1259 1073 procedant,
1283 1011 1413 1055 versum
1433 989 1476 1056 66
1496 997 1566 1076 post
1587 990 1629 1057 68
1650 991 1778 1059 colloco.
1802 995 1873 1059 Non

689 1117 789 1158 ιιιιιιιιι
818 1096 969 1158 hmines!
1002 1093 1172 1180 Euelpides
1202 1094 1329 1161 clamat.
1368 1098 1449 1179 Quid
1476 1098 1597 1178 igitur?
1629 1104 1723 1185 rogat
1752 1099 1871 1186 Epopis

689 1204 846 1266 minister:
873 1201 1086 1265 'Formidoniae
1115 1224 1178 1264 sum
1209 1225 1278 1283 epo,
1312 1203 1431 1267 acicula
1462 1204 1582 1289 Libyca.
1607 1243 1649 1253 —
1674 1207 1715 1269 Et
1745 1207 1805 1271 tc?
1828 1246 1870 1256 -

692 1309 865 1373 Caeutullas
896 1309 1076 1372 Phasianae.
1102 1345 1143 1355 -
1168 1309 1261 1372 Nihil
1290 1311 1368 1374 dicia
1397 1317 1494 1392 (nune
1526 1311 1656 1377 demum
1678 1311 1748 1379 ludi
1771 1335 1804 1380 se
1826 1317 1872 1380 in·

688 1414 817 1502 tellegit
846 1418 1016 1494 minister).
1043 1452 1082 1463 -
1108 1416 1177 1478 Νοιι
1209 1416 1333 1480 credis?
1361 1425 1460 1500 specta
1486 1419 1568 1482 modo
1592 1441 1667 1504 qaae
1690 1424 1869 1504 antepedes

689 1528 759 1584 areat
775 1521 888 1603 posita.
913 1526 954 1585 At
976 1521 1040 1604 ipsc
1063 1522 1115 1607 qai
1137 1523 1179 1585 sis
1202 1524 1319 1587 tacdae
1343 1524 1406 1588 olea
1430 1523 1480 1588 die
1502 1548 1617 1610 quaero.

734 1625 854 1693 Verum
884 1630 1038 1692 nimirum
1069 1627 1271 1711 ἒπικεχοδότιι
1302 1630 1483 1697 Pisetaerus
1512 1632 1606 1697 modo
1637 1638 1869 1719 repraestitit,

689 1735 818 1821 perinde
847 1739 941 1820 atque
969 1734 1145 1821 Dionysius
1174 1738 1206 1800 in
1237 1735 1333 1801 Ranis
1347 1736 1371 1817 ¹)
1402 1742 1434 1803 et
1465 1737 1671 1805 meticulosus
1695 1741 1789 1807 homo
1812 1741 1868 1808 ille

688 1844 721 1907 in
744 1841 938 1927 Amphiarao
964 1844 1019 1927 qui
1044 1840 1153 1919 „reddes
1173 1841 1211 1907 dcv
1229 1843 1361 1922 λάβοιμι
1381 1844 1495 1923 βύτμιι
1514 1848 1555 1925 τῷ
1576 1849 1701 1926 πρωκτῷ
1721 1847 1867 1930 Φλέιιι1”

689 1947 888 2014 exclamabat
901 1946 937 2029 ⁹).

732 2137 784 2204 Vs.
810 2138 884 2205 108.
908 2139 1014 2225 Epope
1037 2140 1115 2203 aude
1137 2140 1311 2204 hominum?
1334 2146 1427 2226 rogat
1449 2141 1607 2226 hospites:

867 2245 994 2311 ποδαπὼ
1016 2246 1051 2311 τὸ
1074 2246 1179 2326 γένος

687 2350 750 2420 Cui
773 2352 961 2440 Euelpides:
985 2347 1049 2417 ὅθεν
1072 2354 1105 2417 al
1128 2355 1251 2432 τριήρεις
1275 2355 1310 2418 al
1335 2355 1441 2419 sarci.

734 2458 819 2538 Quae
849 2462 1014 2546 integrum
1043 2462 1227 2525 trimetrum
1255 2482 1318 2525 non
1341 2460 1491 2526 efficiunt.
1515 2460 1713 2547 Quapropter
1736 2461 1874 2530 Dindorf

688 2573 760 2652 post
791 2565 876 2643 γένος
905 2567 1064 2632 inserebat
1093 2566 1125 2631 δέ
1154 2572 1204 2647 (ut
1226 2567 1299 2632 Pac.
1326 2566 1413 2647 186).
1441 2566 1502 2633 Sed
1525 2573 1588 2633 tres
1611 2572 1772 2654 anapaesti
1793 2592 1867 2636 cum

686 2693 844 2758 nusquam
864 2675 1061 2758 reperiantur
1079 2672 1224 2759 deinceps
1243 2676 1357 2759 positi,
1371 2712 1412 2723 -
1426 2677 1454 2739 si
1473 2673 1671 2762 negligimus
1683 2674 1776 2761 Vesp.
1790 2674 1866 2756 979,

684 2781 776 2845 cuius
796 2799 907 2845 versus
926 2778 1098 2865 singularis
1117 2786 1164 2844 est
1183 2782 1280 2858 ratio,
1295 2818 1336 2829 -
1349 2779 1453 2846 multo
1474 2786 1614 2866 praestat
1632 2779 1726 2848 lectio
1739 2779 1866 2849 Cobeti:

867 2884 993 2950 πιδιιπὼ
1018 2885 1060 2965 δ’;
1086 2924 1128 2936 -
1152 2883 1272 2963 ὅθενπερ
1297 2889 1330 2951 al
1353 2887 1478 2966 τριήρεις
1502 2889 1535 2952 al
1561 2888 1667 2953 ιιιιλιιΙ.

686 2993 828 3080 Longius
858 2999 965 3058 tamen
995 3014 1013 3057 a
1037 2994 1142 3057 verbis
1165 2994 1291 3059 traditis
1313 2994 1391 3059 haec
1414 2994 1582 3072 recedunt,
1607 3015 1708 3081 neque
1730 2996 1866 3063 abicien-

684 3100 763 3164 dum
793 3100 922 3165 videtur
952 3100 1035 3185 quod
1059 3100 1180 3167 codices
1202 3102 1336 3180 habent,
1361 3101 1396 3166 τὸ
1418 3103 1516 3180 γένος.
1542 3102 1738 3190 Quapropter
1760 3108 1866 3191 potius

684 3205 786 3271 deleto
809 3205 908 3271 altero
932 3204 1068 3271 articulo
1091 3210 1288 3294 scripserim:

863 3312 988 3378 ποδαπὼ
1012 3312 1047 3377 τὸ
1070 3313 1175 3393 ydem
1202 3351 1244 3364 —
1267 3311 1332 3380 ὅθεν
1355 3315 1480 3396 τριήρεις
1505 3316 1539 3381 ιι1
1563 3316 1672 3383 sarai.

730 3500 782 3567 Vs.
805 3500 879 3569 147.
902 3503 1048 3585 ‚Ecaten
1063 3502 1171 3585 petitis
1189 3504 1357 3567 ιιίιιιαιιιι”
1373 3541 1413 3553 -
1431 3505 1537 3591 Epope
1557 3508 1603 3570 ait
1616 3544 1656 3554 -
1672 3508 1780 3589 „prote
1796 3509 1865 3573 neci

685 3609 719 3673 ιἰι
738 3632 791 3673 cro
810 3610 902 3674 morie
920 3611 1036 3676 rubrt'’
1051 3648 1091 3659 -
1107 3610 1216 3688 „Bono
1233 3611 1363 3674 cabost’
1384 3614 1494 3677 statim
1510 3611 1666 3678 exclamat
1677 3612 1865 3703 Euelpides:

1447 3719 1596 3798 sm&

865 3825 938 3900 ήμῑι
961 3848 1000 3902 γε
1023 3824 1109 3902 παρὰ
1133 3822 1306 3903 θάλατταν,
1330 3821 1366 3889 ἵν’
1390 3824 1587 3903 ἀνακύψεται

863 3931 989 4007 κλητῆρ’
1013 3927 1122 4005 ἄγοντ’
1147 3925 1233 3993 ἕωθεν
1259 3930 1275 4002 ή
1301 3931 1494 4006 Σιιλιιμιιήιι.

684 4031 785 4099 Locus
807 4038 993 4100 notissimus
1013 4056 1104 4113 sane,
1126 4035 1179 4099 sed
1199 4035 1461 4123 intellegimusne
1480 4036 1562 4102 illud
1580 4035 1688 4103 iuter?
1706 4038 1864 4108 Vertitur:

686 4164 747 4218 „aa
770 4142 843 4205 decu
866 4143 968 4220 motio,
993 4165 1028 4224 op
1053 4165 1104 4206 cca
1122 4143 1234 4222 poedore
1250 4143 1318 4222 dap,
1337 4165 1414 4207 some
1432 4142 1598 4225 morainp’ss
1619 4145 1673 4209 sed
1691 4152 1724 4211 et
1743 4144 1862 4214 Graeca

683 4248 828 4332 exempla
851 4250 947 4313 huius
970 4248 1141 4313 locutionis
1164 4247 1306 4313 desidero
1331 4253 1363 4313 et
1385 4251 1492 4335 ipsum
1516 4249 1710 4316 adiectivum
1724 4254 1864 4335 pulcram

683 4354 836 4431 bonamve,
862 4355 944 4439 quod
969 4355 1063 4420 habet
1087 4356 1207 4432 versio,
1232 4374 1294 4417 non
1314 4354 1432 4420 habent
1451 4353 1616 4440 Euelpidis
1629 4357 1734 4422 verba.
1755 4357 1865 4445 Itaque

684 4461 805 4545 corrigo
829 4460 992 4525 ἐκεῖθεν.
1017 4460 1061 4524 Ut
1085 4460 1178 4531 αὐτὸς
1202 4462 1303 4525 servis
1324 4465 1372 4524 est
1390 4460 1501 4539 herus,
1523 4461 1686 4547 discipulis
1698 4467 1862 4550 magister,

683 4568 728 4630 sic
759 4567 822 4630 ἐκεῖ
843 4566 1090 4631 Atheniensibus
1114 4586 1244 4653 peregre
1267 4566 1469 4632 versantibus
1494 4574 1541 4631 est
1563 4570 1706 4652 ipsorum
1730 4572 1862 4649 civitas,

683 4677 715 4737 et
749 4693 766 4736 e
800 4681 905 4738 nostro
939 4695 1013 4738 cum
1048 4671 1109 4736 alia
1140 4673 1237 4738 huius
1269 4675 1395 4760 generis
1425 4671 1575 4757 loquendi
1605 4674 1708 4740 afferri
1730 4683 1863 4762 possunt

682 4776 827 4863 exempla
849 4784 920 4843 tum
943 4782 1043 4865 ipsius
1067 4778 1233 4865 Euelpidis
1256 4779 1353 4844 verba
1376 4777 1559 4859 (vs.'340):

687 4901 880 4911 n———--

719 4963 744 5024 ι)
762 4962 821 5010 nen.
839 4960 897 5012 ιιι.
1293 4959 1322 5023 a)
1339 4958 1379 5009 nr.
1398 4960 1431 5009 ιι
