5125 6150
1021 843 1062 897 ns
1085 850 1202 899 ossum
1224 850 1352 899 raram
1716 834 1780 904 199

591 1040 676 1095 rem,
706 1040 754 1083 vs.
780 1016 846 1081 944
858 1035 922 1102 sq.;
947 1014 1115 1079 Platonem
1139 1019 1246 1079 autem
1270 1018 1511 1102 tragoediarum
1535 1021 1689 1082 maiorem
1712 1039 1781 1104 par·

589 1130 655 1188 tem
678 1122 798 1209 legisse
822 1125 928 1185 minus
952 1118 1127 1184 verisimile
1149 1120 1255 1197 ducit,
1279 1142 1354 1185 cum
1373 1124 1406 1185 in
1425 1124 1572 1206 operibus
1589 1126 1655 1187 suis
1673 1145 1782 1208 super-

589 1230 722 1292 stitibus
755 1235 909 1312 quattuor
940 1232 1066 1289 tantum
1097 1231 1129 1289 et
1159 1227 1277 1310 viginti
1311 1226 1451 1290 laudarit
1485 1227 1571 1292 locos
1603 1249 1619 1291 e
1650 1231 1781 1314 tragicis

587 1337 692 1419 poetis
710 1336 847 1418 petitos;
867 1335 1025 1416 exiguum
1045 1351 1231 1406 numerum,
1252 1334 1279 1394 si
1300 1352 1375 1394 eum
1395 1334 1534 1396 conseras
1546 1354 1621 1397 cum
1633 1336 1781 1398 trecentis

587 1440 736 1503 versibus
760 1437 940 1502 Homericis
964 1435 1193 1519 Hesiodeisque
1217 1436 1333 1519 quibus
1357 1436 1501 1522 dialogos
1525 1441 1652 1502 omarit.
1684 1437 1780 1502 Haud

586 1543 686 1608 dubie
722 1546 825 1629 igitur
858 1564 921 1607 uon
950 1542 1032 1627 legit
1063 1540 1223 1617 Rhesum,
1256 1562 1317 1605 non
1348 1540 1431 1627 legit
1461 1541 1654 1607 Alcestidem
1684 1542 1778 1608 Plato

585 1658 631 1734 (p.
655 1648 700 1712 32
726 1649 832 1728 Anu).
858 1647 941 1727 Quin
968 1649 1034 1710 imo
1058 1645 1120 1709 alio
1143 1665 1269 1729 quoque
1293 1646 1389 1710 modo
1412 1649 1590 1731 opinionem
1615 1668 1704 1712 suam
1730 1648 1781 1712 de·

585 1753 717 1818 fondere
748 1751 856 1816 studet
887 1751 1048 1814 Weberus.
1077 1751 1190 1814 Annon
1213 1750 1298 1834 apud
1321 1750 1490 1815 Platonem
1514 1751 1640 1837 (Symp.
1664 1750 1780 1832 1791»

585 1859 726 1925 Alcestis
749 1861 814 1922 iam
839 1856 877 1921 ad
900 1857 1017 1920 inferos
1040 1854 1214 1932 descendit,
1239 1856 1324 1920 unde
1346 1858 1379 1919 in
1399 1855 1506 1920 lucem
1525 1878 1542 1920 a
1562 1857 1623 1921 diis
1641 1865 1781 1922 mortem

585 1963 809 2029 voluntariam
832 1961 996 2025 admiratis
1020 1962 1208 2036 remittitur,
1232 1981 1303 2024 cum
1330 1961 1415 2044 apud
1438 1961 1627 2046 Euripidem
1650 1965 1684 2026 in
1703 1966 1783 2048 ipsis

585 2067 753 2152 sepulchri
788 2067 933 2130 faucibus
969 2066 1007 2128 ab
1038 2063 1179 2129 Hercule
1211 2063 1311 2128 Morti
1341 2068 1496 2149 eripiatur
1524 2064 1664 2132 muHer?
1696 2067 1782 2144 „Das

586 2174 714 2258 spricht
743 2173 834 2236 nicht
864 2170 981 2255 gerads
1011 2170 1062 2232 fur
1093 2170 1143 2233 die
1174 2170 1340 2234 henntniss
1369 2170 1424 2235 der
1453 2172 1707 2256 euripideischen
1728 2171 1783 2236 Al-

586 2278 726 2344 lrestis”.

636 2383 866 2467 Aristophanes
889 2386 998 2445 autem
1022 2385 1054 2444 et
1078 2379 1230 2445 Isocrates
1252 2402 1356 2446 nonne
1375 2403 1500 2466 semper
1519 2382 1683 2468 Orpheum
1705 2404 1780 2449 oum

586 2492 693 2576 poetis
716 2490 840 2574 graecis
862 2483 1082 2571 coniungunt?

635 2594 739 2673 Quare
770 2598 839 2657 tute
870 2597 991 2656 statues
1021 2589 1149 2654 Platoni
1181 2591 1278 2655 fnisse
1309 2587 1439 2676 perinde
1469 2612 1505 2657 ac
1536 2595 1563 2656 si
1587 2615 1682 2659 nemo
1705 2600 1779 2660 ante

587 2721 665 2765 enm
690 2697 855 2782 Orpheum
878 2702 1021 2762 vocasset
1043 2693 1209 2759 Thracem.

636 2807 679 2869 At
712 2801 890 2888 Aeschylus
919 2804 954 2864 in
984 2801 1126 2865 Bassaris
1156 2801 1207 2879 (ir.
1232 2801 1301 2880 20),
1325 2802 1534 2867 Eratosthene
1556 2810 1702 2881 auctore,
1727 2802 1782 2868 Or·

587 2910 709 2996 phenm
741 2910 775 2970 in
805 2914 914 2970 monte
946 2905 1094 2990 Pangaeo
1122 2903 1223 2968 solem
1247 2907 1269 2968 i.
1295 2927 1321 2970 e.
1346 2905 1527 2991 Apollinem
1551 2910 1707 2973 orientem
1730 2929 1782 2973 ex-

587 3021 748 3102 spectasse
771 3013 880 3097 ibique
904 3031 922 3074 a
946 3010 1086 3076 Bassaris
1110 3010 1305 3095 discerptum
1331 3012 1446 3088 fuisse,
1473 3008 1604 3077 cecinitl

635 3118 818 3205 Respondet
850 3116 1021 3182 Weberus:
1057 3115 1138 3192 „Die
1173 3115 1304 3201 Tdtung
1334 3116 1388 3180 des
1419 3116 1564 3201 Orpheus
1595 3117 1694 3182 durch
1728 3119 1778 3184 die

588 3223 796 3300 Bassariden,
829 3223 880 3287 die
911 3220 1123 3286 Dienerinnen
1154 3221 1207 3284 des
1239 3220 1415 3306 Dionysos,
1445 3222 1505 3286 auf
1534 3221 1646 3288 Befehl
1680 3224 1781 3289 dieses

589 3330 705 3398 Gottes
729 3329 785 3395 der
807 3330 914 3393 seinen
937 3326 1108 3392 Veritchtsr
1131 3326 1251 3391 straden
1275 3325 1360 3403 will,
1384 3328 1508 3392 scheint
1531 3331 1600 3393 eine
1620 3332 1780 3413 poetische

590 3437 804 3521 Umhiegung
839 3433 893 3497 der
925 3431 1007 3517 Saga
1037 3432 1137 3495 durch
1169 3431 1349 3517 Aeschylus
1379 3453 1418 3495 su
1446 3435 1529 3510 sein,
1555 3432 1605 3498 die
1628 3436 1781 3500 sunichst

590 3542 650 3607 auf
670 3541 728 3604 ihn
751 3537 944 3603 heschranlrt
966 3536 1083 3601 blieb.''

634 3646 764 3711 Transit
786 3663 870 3707 nunc
893 3643 968 3707 v.d.
992 3642 1032 3707 ad
1056 3662 1131 3706 vasa
1155 3644 1255 3726 picta,
1281 3642 1319 3706 de
1344 3644 1460 3725 quibus
1483 3643 1558 3708 haec
1581 3642 1738 3729 legimus:

634 3749 735 3816 Nulla
758 3757 861 3814 exstat
884 3746 1003 3831 Orphei
1025 3750 1133 3833 imago
1152 3756 1225 3811 ante
1242 3750 1373 3812 initium
1393 3750 1498 3832 quinti
1518 3749 1636 3813 saeculi
1656 3750 1781 3835 depicta

591 3855 839 3938 (Furtwangler,
863 3848 922 3916 50⁰
945 3851 1136 3916 Winclrelm.
1161 3852 1275 3937 Progr.
1300 3874 1330 3936 p.
1356 3850 1452 3931 167);

635 3959 818 4035 Ἑλληνικὸν
848 3959 879 4022 δὲ
903 3959 937 4022 τὸ
961 3958 1074 4036 σχῆμά
1099 3956 1163 4021 ἔστι
1189 3959 1229 4035 τῷ
1253 3959 1368 4037 Ὀρφεῖ
1388 3959 1422 4020 in
1446 3956 1580 4022 [lesches
1603 3959 1780 4024 inferorum

590 4070 718 4153 pictura
740 4066 850 4146 (Pane.
875 4063 916 4139 X,
942 4061 996 4139 30,
1010 4062 1061 4141 6);

636 4172 722 4258 apud
742 4169 990 4244 Robinsonium,
1011 4165 1187 4252 Oatalogua
1206 4168 1242 4231 of
1256 4167 1371 4252 greeh,
1392 4171 1505 4230 etrusc.
1525 4166 1586 4229 and
1598 4188 1676 4231 rom.
1690 4188 1781 4232 vasee

593 4276 710 4342 Boston
744 4273 841 4349 1893,
871 4275 1037 4337 invenitur
1067 4273 1127 4337 sub
1159 4269 1266 4336 num.⁰
1296 4271 1362 4335 432
1386 4291 1442 4335 ras
1466 4273 1548 4335 circa
1571 4290 1688 4337 annum
1714 4272 1781 4339 460

590 4385 734 4467 pictum,
767 4379 885 4464 Orphei
915 4378 1056 4442 thraciae
1086 4379 1221 4461 originis
1244 4378 1509 4460 antiquissimum
1533 4377 1779 4458 documentum,

592 4508 648 4552 sas
672 4491 783 4551 sutem
806 4484 866 4548 sub
889 4478 994 4546 nnm⁰.
1020 4480 1085 4546 419
1109 4480 1204 4567 paulo
1227 4484 1390 4546 vetustius
1413 4501 1508 4566 quam
1534 4502 1622 4545 num.
1643 4481 1710 4548 432
1729 4507 1781 4550 ex-

591 4592 680 4656 hibet
716 4589 881 4673 Orpheum
916 4606 1031 4672 graeoa
1062 4593 1151 4651 veste
1182 4586 1344 4650 indutum.
1376 4585 1458 4650 Vasa
1489 4594 1609 4663 cetera,
1642 4608 1780 4672 quorum

592 4695 719 4760 nullum
751 4714 871 4758 annum
901 4690 967 4757 460
991 4697 1137 4777 superat,
1162 4691 1325 4777 Orpheum
1349 4689 1402 4755 sel
1426 4690 1560 4756 Thracio
1583 4690 1635 4756 vel
1659 4691 1780 4761 Graeco

592 4806 707 4866 ornatu
740 4801 896 4862 amictum
927 4797 1114 4873 ostendunt;
1145 4796 1219 4861 inde
1250 4817 1325 4860 vero
1356 4797 1395 4861 ab
1418 4798 1511 4860 initio
1534 4795 1652 4861 saeculi
1676 4804 1782 4883 quarti

593 4927 693 4991 noque
721 4901 863 4968 Gnaeus
886 4922 989 4987 neque
1011 4900 1118 4967 Thrax
1141 4901 1195 4966 sed
1218 4899 1390 4965 Orientalis
1414 4900 1601 4986 depingitur
1623 4901 1780 4989 Orpheus.
