5125 6150
1075 827 1346 874 rnasannnoaon.
1740 811 1805 876 289

616 992 702 1067 λέγει
734 992 748 1055 ὃ
781 991 917 1066 ποιητής.
953 989 1149 1057 Convenitne
1182 1030 1224 1040 —
1255 996 1302 1056 ita
1333 994 1422 1057 subit
1453 1014 1564 1079 rogare
1596 1030 1638 1041 -
1670 995 1807 1059 verbum

615 1099 772 1175 κνρύπτενν
802 1100 823 1163 i.
849 1120 875 1163 a.
910 1098 1076 1178 κερντίζενν
1100 1100 1153 1179 (cf.
1178 1099 1310 1163 Theocr.
1334 1098 1390 1164 III.
1417 1099 1450 1178 5)
1475 1096 1725 1186 Corybantibus,
1752 1103 1807 1174 τὴν

615 1204 750 1268 ἐνόπλιον
771 1202 894 1284 ὄρχησιν
915 1215 953 1286 τῇ
974 1207 1026 1285 θεῷ
1051 1207 1216 1269 craebra?
1239 1207 1326 1270 Num
1349 1216 1507 1283 κερατῑταν
1531 1205 1582 1270 illi
1606 1207 1756 1272 videntur
1776 1214 1808 1272 et

614 1312 719 1376 veluti
745 1311 831 1377 Galli
855 1316 960 1398 capita
982 1319 1183 1397 quassantes,
1208 1313 1357 1377 bacchica
1381 1314 1488 1377 furore
1513 1311 1671 1398 correpti?
1696 1315 1808 1379 Nonne

615 1422 722 1504 potius
754 1418 919 1482 credamus
950 1418 1151 1484 Demetrium
1183 1422 1239 1505 qui
1269 1440 1343 1484 cum
1376 1419 1569 1498 βητάρμοσνν
1600 1419 1810 1485 Homericos

615 1528 814 1610 comparavit
845 1528 1006 1589 notionem
1031 1531 1084 1590 τοῦ
1107 1527 1268 1601 βαίνειν
1292 1528 1325 1589 in
1349 1546 1460 1590 eorum
1485 1529 1613 1592 nomine
1637 1529 1810 1610 quaesiisse

617 1639 649 1696 et
681 1653 698 1696 a
729 1633 930 1696 substantivo
955 1632 1039 1710 κόρυς
1064 1654 1139 1697 cum
1164 1633 1260 1698 verbo
1283 1632 1402 1709 βαίνειν
1427 1633 1608 1717 Corybanta
1632 1633 1809 1710 derivasse,

616 1759 679 1802 non
699 1738 749 1802 διὰ
763 1740 797 1802 τὸ
811 1746 1103 1802 ΚΟΡΤΠΤΟΝΤΑ
1119 1739 1174 1802 sed
1187 1738 1237 1802 διὰ
1251 1737 1285 1801 τὸ
1300 1745 1439 1802 ΚΟΡΤΝ
1456 1747 1653 1803 ΠΛῙΟΝΤΛ
1667 1737 1811 1813 Balacro?

662 1843 723 1908 Sed
753 1847 785 1908 in
816 1867 849 1909 re
880 1848 1001 1910 incerta
1031 1865 1181 1929 meraque
1212 1847 1393 1909 coniectura
1422 1845 1592 1909 subsistere
1616 1844 1698 1908 nihil
1722 1844 1812 1908 affert

615 1950 785 2027 utilitatis,
810 1972 884 2014 cnm
905 1954 1094 2035 praesertim
1114 1948 1305 2035 aetiologiae
1326 1971 1406 2035 quae
1426 1955 1606 2034 sequuntur
1625 1972 1687 2014 non
1707 1949 1812 2014 multa

616 2055 762 2136 habeant,
783 2077 862 2141 quae
881 2076 937 2119 nos
957 2059 990 2119 in
1011 2055 1232 2139 disquisitione
1253 2056 1291 2120 de
1313 2055 1418 2120 Matre
1438 2055 1531 2121 Idaea
1544 2056 1716 2120 detineant.
1738 2053 1810 2119 Duo

616 2167 744 2224 tantum
776 2161 877 2224 obiter
907 2160 1061 2225 notanda:
1094 2167 1126 2225 et
1157 2163 1300 2246 primum
1328 2161 1475 2247 quidem,
1502 2160 1673 2237 Ovidium,
1698 2163 1810 2246 quiin

616 2271 684 2330 tota
715 2267 773 2330 hac
803 2269 953 2330 carminis
985 2273 1073 2351 parte
1104 2266 1142 2330 de
1174 2265 1310 2332 Troiana
1342 2267 1416 2345 dea,
1450 2289 1512 2331 non
1543 2267 1582 2331 da
1606 2268 1811 2332 Pessinuntia

617 2374 704 2457 agit,
729 2372 889 2436 castrandi
912 2394 1035 2437 morem
1060 2372 1138 2436 dum
1162 2371 1201 2436 ad
1225 2374 1382 2459 originem
1408 2379 1552 2450 revocat,
1578 2371 1687 2437 sedulo
1711 2393 1813 2436 remo

617 2498 692 2542 vera
722 2477 848 2543 fabulae
879 2499 1006 2543 scenam
1032 2479 1070 2543 ab
1095 2476 1184 2564 Agre
1212 2478 1366 2556 Troiano,
1390 2478 1606 2565 Sagaritidem
1631 2480 1811 2565 nympham

617 2591 649 2648 et
672 2583 835 2670 Dindyma
857 2606 985 2649 summa
1004 2605 1199 2662 memorans,
1222 2606 1283 2669 quo
1303 2592 1411 2669 postea
1431 2606 1575 2671 quoque,
1597 2591 1665 2650 tota
1685 2591 1811 2670 peracta

617 2691 815 2767 narratione,
851 2693 989 2774 respexit
1023 2712 1069 2754 vs.
1102 2688 1167 2753 366
1200 2727 1242 2738 -
1275 2692 1331 2753 vix
1362 2697 1436 2775 apto
1466 2690 1535 2755 loco
1565 2727 1607 2740 -
1632 2690 1735 2756 denuo
1766 2673 1829 2753 sic'

617 2794 747 2859 Musam
772 2798 970 2881 interrogans
993 2815 1101 2859 suam:

754 2899 820 2967 Gur
841 2903 944 2986 igitur
968 2899 1094 2979 Gallos,
1120 2903 1176 2985 qni
1200 2923 1232 2966 se
1257 2901 1418 2979 excidere,
1444 2923 1613 2980 vocamus,

798 3030 872 3072 cam
897 3013 985 3072 tanto
1009 3029 1027 3072 a
1051 3007 1195 3094 Phrygia
1220 3005 1345 3072 Gallica
1368 3008 1464 3073 distet
1488 3006 1630 3073 humus?

617 3114 784 3192 Alterum,
817 3114 900 3200 quod
931 3136 1044 3200 operae
1076 3118 1216 3200 pretium
1247 3116 1417 3180 videbatur
1440 3137 1635 3192 memorare,
1660 3115 1721 3180 hoc
1744 3122 1809 3180 est:

616 3225 649 3285 in
671 3223 773 3286 tribus
792 3220 973 3306 aetiologiis
992 3241 1073 3305 quae
1092 3221 1263 3285 traduntur
1283 3223 1367 3287 vsbs.
1389 3220 1569 3287 215-223
1586 3220 1681 3307 longe
1694 3222 1811 3287 distare

617 3326 771 3392 Ovidium
802 3347 819 3390 a
851 3326 1005 3403 Varrone,
1037 3348 1133 3411 quem
1165 3326 1268 3391 solent
1299 3328 1393 3391 hodie
1422 3331 1506 3392 inter
1529 3335 1640 3413 poetae
1665 3335 1810 3392 auctores

616 3454 796 3497 numerare.
816 3431 897 3496 Toto
917 3436 1003 3497 enim
1023 3432 1111 3497 coelo
1132 3432 1257 3497 diversa
1276 3454 1295 3497 a
1316 3440 1424 3516 poetae
1444 3436 1640 3518 expositione
1660 3432 1809 3498 Varronis

617 3540 679 3602 fuit
709 3537 879 3623 aetiologia
903 3560 999 3623 quam
1024 3544 1130 3602 servat
1154 3539 1358 3624 Augustinus
1382 3541 1418 3602 de
1445 3539 1532 3603 Ciait.
1559 3539 1630 3603 Dei.
1654 3537 1722 3604 VH.
1747 3539 1808 3604 24:

616 3643 795 3720 Tellurem,
816 3644 913 3709 Varro
935 3647 1056 3728 inquit,
1082 3644 1192 3709 dicunt
1217 3644 1359 3709 Matrem
1383 3664 1552 3731 magnam:
1577 3644 1660 3730 quod
1686 3654 1811 3732 tympa-

616 3772 696 3813 num
719 3750 851 3826 habeat,
876 3750 1054 3835 significare
1078 3771 1144 3814 esse
1164 3753 1271 3815 orbem
1293 3757 1410 3829 terrae;
1432 3750 1516 3836 quod
1536 3754 1635 3815 turris
1654 3754 1686 3814 in
1707 3754 1811 3836 capite

616 3856 748 3942 oppida,
770 3856 854 3941 quod
874 3856 984 3921 sedens
1004 3857 1154 3941 fingatur,
1176 3860 1297 3922 circum
1318 3878 1388 3921 eam
1409 3878 1482 3922 cum
1500 3860 1607 3922 omnia
1619 3864 1811 3921 moveantur

614 3965 719 4048 ipsam
743 3984 805 4026 non
829 3966 962 4028 moveri.
988 3962 1078 4041 Quod
1101 3960 1212 4028 Gallos
1231 3962 1307 4028 huic
1328 3963 1403 4029 deae
1424 3971 1461 4028 nt
1481 3965 1638 4028 servirent
1657 3963 1809 4040 fecerunt,

617 4069 799 4154 significant
829 4072 885 4152 qui
916 4071 1036 4133 semine
1068 4068 1233 4153 indigeant
1264 4074 1383 4134 terram
1416 4073 1505 4155 sequi
1529 4074 1693 4153 oportere,
1716 4071 1750 4132 in
1774 4088 1811 4133 ea

617 4177 735 4258 quippe
759 4176 866 4238 omnia
889 4174 999 4239 referri
1024 4173 1106 4238 otc.''
1138 4174 1273 4240 Ovidius
1298 4177 1406 4261 itaque
1431 4178 1524 4239 utin
1547 4176 1626 4259 ipsis
1649 4175 1740 4238 fastis
1764 4195 1812 4238 or-

616 4279 762 4343 dinandis
786 4299 957 4364 rerumque
981 4285 1012 4344 et
1035 4280 1178 4345 historiis
1198 4286 1230 4345 et
1249 4282 1432 4346 nominibus
1452 4280 1644 4364 exponendis
1662 4279 1810 4344 Varronis

607 4389 839 4451 >auctoritatem
868 4388 1070 4470 sequebatur,
1098 4390 1145 4451 ita
1169 4390 1201 4451 in
1226 4388 1372 4452 ornandis
1397 4386 1515 4452 sabulis
1538 4385 1692 4463 aliorum,
1714 4383 1810 4451 Grae-

615 4515 726 4558 corum
751 4495 876 4576 saepius
901 4501 1087 4577 poetarum,
1113 4496 1251 4579 vestigia
1275 4496 1401 4578 pressit.

662 4598 816 4662 Venimus
849 4598 975 4662 tandem
1008 4598 1047 4662 ad
1077 4605 1172 4683 caput
1204 4602 1312 4684 ipsum
1342 4599 1549 4662 narrationis:
1579 4597 1684 4673 „unde
1709 4598 1810 4681 petita

614 4708 739 4772 venerit
759 4704 896 4769 Romam
918 4709 1019 4769 mater
1040 4702 1223 4789 Cybeleia’'.
1246 4705 1309 4768 Hic
1329 4704 1402 4768 vide
1423 4711 1617 4789 quantopere
1638 4725 1656 4768 a
1674 4702 1808 4767 Liviana

614 4814 748 4876 historia
772 4810 907 4875 Ovidius
931 4811 1064 4875 differat.
1089 4811 1159 4875 Non
1183 4832 1220 4875 eo
1241 4808 1370 4895 qui'dem
1393 4811 1477 4895 quod
1498 4813 1631 4896 poeticis
1651 4808 1809 4901 coloribus

613 4940 680 4983 rem
703 4917 916 4982 illustraverit
935 4919 1080 5004 magisve
1101 4938 1197 5002 quam
1217 4919 1403 4982 conveniret
1422 4918 1574 4981 historico
1590 4918 1807 4995 exornaverit;

1631 5038 1664 5085 ao
