5125 6150
686 801 752 867 412
965 818 1008 865 oa
1029 817 1222 866 Aaronom
1244 818 1419 868 memnone
1443 819 1594 869 ruamus.

686 987 815 1052 ridetur
836 985 934 1050 fuisse
957 991 1029 1070 post
1053 1006 1171 1050 annum
1195 985 1272 1062 221,
1300 986 1359 1050 hoo
1383 985 1476 1050 modo
1498 987 1757 1073 gubernabantur
1780 986 1874 1073 Lysi-

686 1094 828 1169 machia,
864 1089 1061 1169 Chalcedon,
1097 1088 1189 1170 Cios;
1225 1113 1300 1157 vero
1336 1099 1445 1157 autem
1476 1099 1523 1157 est
1554 1091 1660 1157 simile
1690 1092 1873 1159 multarum

686 1201 887 1274 eivitatium,
918 1218 998 1282 quae
1028 1203 1139 1281 postea
1169 1196 1263 1282 plena
1294 1197 1480 1284 sympolitia
1502 1198 1618 1263 truitae
1641 1203 1732 1276 sunt,
1755 1202 1874 1286 prima·

684 1309 770 1371 rium
793 1305 879 1369 hunc
901 1304 999 1369 fuisse
1022 1312 1161 1381 statum,
1185 1325 1260 1369 cum
1284 1325 1390 1369 recens
1410 1305 1569 1370 subiectae
1588 1305 1721 1370 necdum
1742 1312 1874 1392 pacatae

686 1418 799 1478 essent.
824 1409 978 1496 Polybius
1002 1416 1110 1475 autem
1134 1431 1208 1475 cum
1232 1409 1271 1476 de
1295 1409 1469 1477 Cianorum
1493 1413 1623 1476 civitate
1642 1410 1768 1476 locutus
1788 1431 1872 1477 anno

685 1518 751 1584 202
783 1521 961 1604 praetorem
992 1515 1171 1581 Aetolicum
1198 1519 1227 1580 ei
1251 1536 1393 1602 praeesse
1416 1537 1497 1582 anno
1521 1525 1629 1582 autem
1657 1516 1718 1583 197
1743 1539 1872 1604 sympo·

684 1623 757 1688 litia
779 1643 848 1688 eam
872 1622 936 1686 frui
959 1620 1094 1700 dicat1),
1118 1627 1286 1707 pateatque
1305 1642 1341 1686 eo
1363 1631 1504 1708 tempore
1524 1622 1621 1686 huius
1640 1624 1729 1688 urbis
1748 1630 1871 1688 statum

686 1752 749 1795 non
779 1750 846 1794 esse
875 1734 1051 1805 mutatum,
1081 1728 1220 1794 adducor
1250 1734 1287 1793 ut
1314 1731 1454 1813 suspicer
1477 1729 1661 1794 huiusmodi
1683 1731 1778 1794 urbes
1802 1750 1872 1795 oon-

687 1836 809 1901 dicione
827 1855 901 1898 usae
924 1855 991 1898 esse
1014 1833 1099 1898 baud
1123 1837 1170 1898 ita
1192 1832 1296 1898 multo
1320 1834 1475 1899 deterIore
1494 1841 1589 1919 atque
1610 1855 1661 1900 eas
1680 1855 1759 1920 quae
1779 1834 1872 1922 plena

685 1941 872 2030 sympolitia
895 1941 1091 2005 fruebantur.

729 2049 771 2113 let
805 2053 984 2134 congruunt
1019 2047 1095 2111 haec
1131 2049 1239 2111 omnia
1270 2067 1344 2111 cum
1376 2046 1481 2111 indole
1512 2045 1716 2113 Graecorum.
1752 2047 1872 2112 Nullus

686 2175 841 2240 umquam
871 2153 1020 2218 dominus
1051 2150 1202 2217 Graeciae
1225 2155 1271 2217 ita
1294 2152 1449 2217 dominari
1472 2173 1569 2219 ausus
1591 2161 1657 2231 est,
1681 2160 1718 2219 ut
1741 2161 1872 2220 autono

685 2263 786 2326 miam
808 2259 945 2346 singulis
969 2260 1155 2324 civitatibus
1178 2257 1342 2324 adimeret.
1367 2257 1459 2324 Hanc
1477 2262 1518 2324 iis
1536 2259 1666 2346 reliquit
1685 2259 1871 2345 Philippus,

685 2366 816 2451 reliquit
840 2363 1024 2442 Alexander,
1048 2363 1245 2450 reliquerunt
1268 2362 1423 2428 diadoohi.

732 2471 837 2537 Aetoli
868 2476 976 2535 autem
1008 2491 1044 2535 ea
1075 2473 1197 2536 ratione
1229 2473 1278 2535 usi
1303 2490 1365 2555 qua
1387 2470 1558 2556 Philippus
1581 2478 1613 2535 et
1637 2470 1815 2536 Alexander
1839 2481 1872 2537 et

685 2580 867 2664 Antigonus
901 2576 1007 2642 Doson
1040 2574 1177 2642 Graecos
1207 2579 1241 2641 in
1274 2597 1370 2641 unam
1405 2579 1589 2642 socletatom
1620 2580 1871 2654 coniunxerunt,

644 2724 650 2734 ·
686 2685 819 2749 urbibus
850 2683 965 2748 dicioni
988 2704 1063 2748 suae
1088 2683 1224 2747 subditis
1248 2684 1355 2747 omnia
1378 2685 1450 2747 iura
1472 2682 1643 2765 dederunt,
1667 2684 1783 2769 quibus
1806 2686 1871 2768 ipsi

685 2790 882 2866 fruebantur,
921 2791 1023 2875 prisca
1057 2809 1162 2854 earum
1198 2791 1349 2854 instituta
1382 2811 1443 2854 non
1478 2796 1661 2875 tangentes,
1699 2789 1873 2874 eademque

686 2899 757 2960 iura
786 2894 853 2959 dari
887 2894 1089 2981 fingebantur
1119 2896 1304 2960 civitatibus
1336 2898 1569 2961 remotioribus.
1607 2895 1693 2975 Quae
1725 2900 1873 2961 civitatee

686 3022 760 3067 oum
791 2999 919 3066 Aetolos
948 3004 1114 3067 universos
1145 3010 1215 3066 tum
1248 3022 1359 3066 eorum
1389 3001 1582 3089 sympolitae
1613 3022 1712 3088 aequo
1743 3005 1870 3067 lurein

687 3131 778 3174 suam
799 3112 965 3173 civitatem
988 3109 1217 3184 admittebant3
1240 3108 1272 3172 id
1297 3108 1380 3194 quod
1404 3131 1453 3173 res
1476 3111 1546 3194 ipsa
1568 3110 1705 3185 ferebat,
1730 3130 1769 3174 ne
1792 3111 1871 3174 socii

686 3236 773 3280 mera
795 3213 965 3301 priviIegia
987 3215 1026 3279 ab
1050 3214 1172 3279 Aetolis
1194 3217 1388 3299 acciperent,
1412 3213 1494 3278 nibil
1512 3218 1553 3279 iis
1572 3214 1788 3299 relinquentes
1807 3216 1870 3279 nisi

687 3324 739 3385 ius
761 3327 794 3386 et
816 3320 955 3386 officium
978 3324 1064 3406 ipsos
1087 3320 1284 3407 protegendi.

735 3428 803 3493 Hoc
833 3427 927 3492 modo
957 3426 1049 3492 facile
1079 3425 1256 3513 explicatur
1287 3426 1442 3512 quomodo
1473 3428 1593 3491 factum
1617 3430 1659 3492 sit
1683 3431 1720 3491 ut
1744 3426 1871 3492 Aetolia

687 3539 850 3618 tantopere
873 3536 1008 3598 creverit
1031 3540 1064 3599 et
1087 3537 1152 3597 tam
1176 3532 1312 3597 firmiter
1335 3535 1461 3597 steterit
1483 3536 1624 3597 societas.

725 3783 747 3843 l)
764 3779 847 3844 Polyb.
864 3779 949 3829 XVIII
968 3780 982 3827 8
999 3782 1009 3840 §
1023 3780 1063 3827 ll:
1084 3778 1185 3836 Κοινοῦς
1202 3775 1381 3838 παραπλησίας
1398 3778 1456 3837 μετ’
1474 3776 1591 3825 Αἰτωλῶν
1609 3775 1872 3836 συμπολιτευομένους

688 3869 712 3912 et
727 3864 775 3912 XV
791 3865 822 3913 2³
838 3865 872 3924 §8
889 3863 917 3911 de
934 3861 991 3910 cte:
1009 3863 1155 3923 στρατηγοῦ
1173 3861 1230 3921 παρ’
1247 3859 1366 3907 Atrebate
1385 3857 1408 3907 ἐν
1426 3856 1491 3921 αὐτῇ
1507 3857 1676 3920 διατρίβοντος
1690 3856 1732 3907 nal
1745 3864 1872 3918 τροεοτό-

690 3962 734 4001 τος
751 3951 799 3992 τῶν
817 3949 907 3992 κοινῶν.
