5125 6150
696 819 761 920 3¹76
1229 839 1351 888 ursus.

693 1008 804 1067 utrum
828 1023 867 1064 er
892 1009 1059 1085 poetarum
1081 1002 1218 1067 lectione
1238 1010 1270 1067 et
1290 1004 1453 1068 auditione
1473 1007 1675 1069 manaverint
1697 1026 1737 1070 an
1757 1027 1798 1071 ex
1819 1006 1892 1072 aliis

694 1106 839 1172 dialectis
869 1128 902 1172 se
925 1111 959 1170 in
982 1107 1205 1192 quotidianum
1231 1129 1411 1174 sermonem
1435 1111 1582 1174 Atticum
1607 1113 1728 1175 sensim
1751 1114 1893 1177 insinua

694 1217 816 1292 verint,
859 1221 897 1278 ut
931 1218 1029 1279 etiam
1064 1218 1121 1299 qui
1156 1218 1314 1281 severiore
1352 1217 1523 1281 verborum
1559 1216 1684 1282 delectu
1721 1226 1891 1284 uterentur

693 1324 861 1406 script-ores
891 1341 928 1385 ea
954 1321 1158 1386 adhibuerint
1181 1321 1334 1398 subinde,
1360 1322 1487 1386 difficile
1512 1323 1690 1387 diiudicata
1715 1329 1784 1402 est;
1809 1325 1890 1391 mihi

694 1432 801 1490 tamen
831 1424 927 1511 longe
957 1430 1060 1490 maior
1082 1447 1155 1511 pars
1178 1447 1196 1490 a
1219 1429 1324 1511 potitis
1349 1427 1489 1512 profecta
1513 1428 1653 1492 videtur.
1678 1428 1729 1492 Ad
1752 1428 1887 1515 Lysiam

693 1538 731 1595 ut
759 1538 902 1596 revertar
932 1533 1187 1617 paragraphique
1219 1532 1257 1597 de
1289 1554 1351 1617 qua
1383 1535 1511 1618 agimus
1542 1536 1753 1612 sententiam,
1780 1534 1888 1600 locum

692 1635 980 1702 celebratissimum
1005 1637 1043 1702 do
1067 1659 1136 1702 sera
1158 1640 1300 1702 numinis
1321 1639 1463 1703 vindicta
1483 1645 1762 1724 pertractaverunt
1782 1641 1887 1707 etalii

693 1743 771 1807 bene
796 1742 893 1807 multi
913 1750 945 1806 et
964 1765 1060 1808 verus
1080 1744 1194 1828 Lysias
1214 1747 1247 1807 in
1269 1745 1448 1829 fragmento
1468 1747 1621 1810 orationis
1641 1747 1728 1810 κοντοὶ
1748 1749 1887 1822 Kimolos

692 1849 745 1928 (fr.
771 1848 813 1912 53
837 1849 893 1925 (54
919 1848 1039 1930 Herw.)
1063 1851 1099 1934 ἓξ
1120 1848 1140 1912 3
1164 1855 1197 1913 et
1221 1848 1265 1930 4),
1298 1870 1336 1914 ox
1368 1871 1431 1934 qua
1460 1848 1606 1936 longiore
1629 1852 1712 1932 ρ’νὶοεν
1735 1853 1817 1918 haec
1840 1874 1888 1919 ex-

692 1972 802 2039 cerpo:
827 1953 861 2016 τὸ
886 1954 942 2030 μὲν
967 1956 1029 2033 γοδρ
1049 1956 1212 2020 οὶκοδοννεῖν
1232 1954 1249 2028 ἢ
1270 1962 1383 2031 κοομεῖν
1403 1956 1537 2032 νομίμως
1557 1956 1651 2020 κοινὸν
1672 1958 1745 2034 ἡμῖν
1768 1956 1887 2024 ἄκουσον

693 2060 777 2136 ἐστί,
809 2062 850 2123 εδ
883 2060 909 2123 δ’
933 2058 1056 2133 οὕτως
1088 2060 1236 2140 ἔχοντα
1267 2065 1465 2126 τοσοῦτον
1496 2062 1639 2142 χρόνον
1670 2063 1887 2130 διατελεῖν

692 2166 761 2230 κου)
786 2167 868 2230 καθ’
892 2166 1067 2239 ἓκοὶοτνν
1091 2166 1242 2245 ἡμέραν
1267 2169 1585 2250 ἀποθνήσκοντα
1608 2168 1885 2244 μὴδύνασθαι

692 2278 940 2344 τελευτῆσαι
966 2274 1029 2337 οδν
1054 2271 1078 2349 β
1087 2274 1099 2336 l
1106 2296 1143 2336 ον
1166 2272 1282 2344 τούτους
1307 2272 1406 2349 μόνοις
1430 2275 1573 2353 προσήκει
1598 2281 1660 2346 τοῖς
1685 2276 1729 2338 τοὶ
1752 2281 1884 2341 τοιοῦτον

693 2373 771 2455 ἅπερ
794 2373 878 2450 οὗτος
904 2376 1157 2457 ἐξημαρτηκόσιν.

737 2626 790 2691 Or.
816 2627 858 2691 Vl
882 2629 898 2712 ᾗ
919 2627 980 2692 21:
1014 2629 1172 2704 σκέψαισθε
1203 2628 1234 2692 δὲ
1259 2628 1311 2693 καὶ
1337 2630 1432 2694 αὑτοῦ
1457 2629 1627 2696 Ἀνδοκίδου
1652 2632 1703 2695 τδν
1726 2632 1798 2709 βίον
1823 2637 1882 2715 ἐφ’

690 2727 725 2794 οὗ
748 2733 973 2810 ἦσέβνκεᾴ),
999 2735 1080 2816 [nal]
1105 2734 1133 2798 sl
1155 2758 1201 2803 τος
1226 2740 1355 2807 τοιοῦτος
1382 2733 1478 2814 ἕτερός
1504 2739 1595 2801 εὀενν.
1620 2738 1723 2814 Mihi,
1745 2745 1785 2803 ut
1805 2739 1881 2804 olim

690 2837 836 2915 Reiskio‚
870 2843 921 2904 eal
947 2839 1117 2904 delendum
1143 2840 1271 2905 videtur
1295 2863 1334 2906 ex
1357 2843 1556 2925 praecedenti
1581 2843 1707 2929 syllaba
1729 2844 1818 2910 male
1840 2868 1882 2911 ro

689 2950 847 3029 petitum,
886 2967 1081 3032 quamquam
1116 2949 1344 3012 recentissimis
1374 2948 1569 3026 editoribus,
1602 2949 1820 3015 Herwerdeno
1850 2956 1880 3017 et

688 3051 907 3130 Thalheimio,
931 3052 1025 3117 aliter
1048 3055 1166 3117 visum.
1191 3052 1262 3117 Non
1286 3057 1371 3118 enim
1391 3053 1451 3118 hoc
1471 3054 1545 3121 vult
1565 3060 1682 3132 orator,
1706 3064 1741 3119 ut
1759 3057 1880 3122 iudices

688 3166 720 3222 et
744 3161 845 3223 vitam
870 3159 1040 3222 Andocidis
1063 3166 1135 3223 ante
1160 3164 1264 3223 actam
1288 3160 1488 3223 considerent
1511 3166 1544 3223 et
1567 3162 1594 3224 si
1618 3181 1700 3245 quae
1721 3159 1788 3225 alia
1808 3163 1878 3227 huic

688 3264 804 3330 similis
836 3271 899 3340 est,
932 3265 1015 3349 quod
1040 3273 1071 3328 et
1094 3265 1133 3328 ab
1157 3267 1226 3328 eius
1250 3273 1357 3329 mente
1382 3263 1524 3329 alienum
1547 3273 1579 3329 et
1603 3266 1667 3330 fere
1692 3269 1725 3329 in
1751 3267 1813 3333 hac
1836 3289 1878 3332 ar-

687 3373 930 3454 gumentatione
951 3369 1124 3433 ridiculum
1146 3370 1226 3432 mihi
1246 3370 1384 3445 videtur,
1404 3369 1458 3435 sed
1478 3371 1536 3435 hoc
1557 3393 1657 3435 unum
1678 3377 1876 3456 proponitur,

688 3487 881 3560 quantopere
910 3477 1006 3540 huius
1030 3480 1098 3541 vita
1122 3497 1139 3539 a
1163 3483 1341 3540 ceterorum
1366 3476 1524 3561 discrepet
1547 3479 1632 3540 curis
1655 3485 1688 3541 et-
1711 3482 1878 3544 anxietati·

687 3580 746 3643 bus
776 3584 929 3657 exercita,
961 3603 1024 3665 quo
1055 3585 1160 3667 magis
1191 3582 1382 3645 documento
1414 3584 1457 3644 sit
1486 3584 1631 3645 veritatis
1660 3603 1876 3668 eorumquae

687 3686 895 3770 praecedunt,
922 3686 979 3750 tali
1001 3688 1096 3752 modo
1121 3688 1216 3750 deum
1241 3688 1354 3771 punire
1378 3686 1477 3751 solere
1501 3685 1681 3773 sacrilegos.

732 3938 784 4003 Or.
809 3938 852 4001 Vl
876 3936 958 4022 §28
988 3936 1090 4001 Verbo
1114 3958 1244 4012 moneo,
1268 3937 1350 3999 mihi
1374 3940 1411 3999 nt
1434 3935 1647 4000 Herwardeno
1671 3938 1874 4003 scribendum

686 4046 806 4110 videri:
830 4045 946 4123 ἔφευγε
966 4044 1021 4119 μὲν
1035 4081 1066 4090 -
1081 4079 1114 4089 -
1127 4080 1174 4118 -,
1196 4041 1312 4119 ἔφευγε
1332 4041 1362 4104 δὲ
1377 4078 1410 4087 -
1422 4080 1455 4090 -
1468 4078 1516 4117 -,
1529 4040 1646 4120 ἔφευγε
1660 4040 1686 4104 δ’
1701 4049 1747 4113 <a
1757 4045 1773 4108 d
1784 4043 1874 4115 tue>

686 4153 730 4222 εἷς
761 4149 808 4220 οὓς
843 4151 891 4232 [τὸ
917 4152 1044 4230 πρῶτον]
1068 4150 1211 4226 ἀφίκοιτο
1236 4146 1357 4218 τόπους.
1382 4146 1505 4230 Nempe
1529 4147 1570 4213 eir
1595 4144 1643 4218 οὓς
1667 4151 1804 4212 extrivit
1827 4171 1875 4212 an·

686 4258 831 4321 tecedens
863 4255 966 4331 εὐθὺς,
999 4277 1060 4339 qno
1093 4253 1175 4318 facto
1207 4256 1383 4316 sententiae
1411 4251 1583 4336 explendae
1608 4272 1703 4317 causa
1727 4254 1874 4317 additum

686 4372 733 4428 est
757 4366 789 4425 τὸ
816 4369 939 4440 πρῶτον,
965 4364 1056 4445 quasi
1079 4361 1165 4424 idem
1189 4357 1394 4443 significaret.

730 4614 782 4678 Or.
808 4612 850 4676 VI
873 4612 962 4695 §29:
988 4609 1215 4680 κατυπλεύοκς
1239 4609 1271 4672 δὲ
1296 4609 1406 4671 ἐκεῖθεν
1429 4606 1510 4686 δεῦρο
1533 4608 1575 4677 εἷς
1600 4606 1811 4684 δημοκρατίαν
1831 4609 1871 4678 εἷς

684 4723 738 4790 τὴν
766 4721 860 4783 αὑτοῦ
885 4719 974 4780 πάλιν
998 4725 1059 4786 τοῖς
1085 4718 1140 4791 μὲν
1165 4713 1346 4793 πρυτάνεσιν
1371 4712 1462 4775 ἔδωκε
1487 4714 1652 4792 χρήματα.
1677 4711 1774 4778 Varie
1797 4714 1872 4779 haec

684 4835 839 4901 correct-a;
866 4822 1143 4907 simplicissimum
1168 4823 1249 4885 mihi
1272 4820 1402 4883 videtur
1421 4820 1464 4889 εἷς
1485 4817 1873 4899 δημοκρατουμένην

685 4925 752 4999 ἤδη
778 4933 831 4999 τὴν
856 4932 949 4993 αὑτοῦ
972 4929 1069 5005 πόλιν,
1095 4928 1158 4991 fere
1182 4935 1217 4990 ut
1240 4925 1399 5011 Taylorus
1424 4924 1519 5000 olim,
1544 4927 1599 5009 qui
1623 4929 1814 5009 provocavit
1834 4925 1870 4990 ad
