5125 6150
1076 820 1284 870 ruuororous.
1731 807 1772 875 77

630 987 845 1063 ἒτοιινούριενοι
870 987 900 1052 dl
924 988 991 1067 περὶ
1018 988 1099 1062 ἡμῶν
1124 986 1192 1061 (ἢ)
1216 987 1369 1064 μεμπτοὶ
1395 987 1683 1068 (γιγνόμενοι)

586 1094 708 1161 dedisse
732 1093 956 1181 Thucydidem
980 1100 1012 1158 et
1035 1094 1095 1158 hoe
1117 1093 1181 1158 lere
1204 1092 1322 1158 dixisse
1346 1092 1546 1160 Plataeenses
1570 1097 1727 1182 suspicor:

631 1203 702 1278 „Ad
735 1204 822 1267 huno
851 1221 953 1286 usque
986 1199 1089 1275 diem,
1121 1198 1380 1277 Lacedaemonii,
1406 1222 1462 1267 vos
1485 1205 1653 1269 universae
1676 1224 1773 1289 paene

590 1305 736 1374 Graeciae
769 1310 900 1372 virtutis
932 1313 965 1371 et
993 1306 1164 1391 probitatis
1188 1304 1351 1393 exemplar
1372 1306 1575 1373 videbamini.
1600 1309 1703 1389 Quare
1727 1331 1774 1375 ea·

590 1424 656 1479 vete
674 1436 716 1480 ne
735 1435 821 1479 nune
840 1416 950 1499 iniqua
970 1414 1126 1477 sententia
1147 1411 1273 1478 ferenda
1292 1415 1326 1476 in
1339 1416 1483 1478 omnium
1495 1417 1771 1500 reprehensionem

593 1524 731 1586 veniatis.
766 1519 928 1604 Quidquid
957 1521 1043 1584 enim
1066 1521 1135 1584 sive
1157 1521 1226 1584 iure
1251 1521 1319 1585 sive
1342 1522 1458 1585 iniuria
1482 1520 1520 1586 de
1543 1524 1632 1588 nobis
1654 1529 1772 1589 statue·

594 1629 672 1703 ritis,
696 1625 796 1692 latere
820 1647 882 1691 non
907 1627 1044 1711 poterit:
1068 1631 1124 1689 aut
1147 1624 1358 1690 laudabimini
1380 1634 1510 1712 propter
1533 1650 1589 1694 nos
1612 1636 1668 1694 eut
1686 1632 1770 1695 vitu-

596 1732 809 1817 perabimini’'.

632 1838 678 1903 Ad
708 1860 764 1904 vv.
796 1838 946 1909 αὐτοὺς
977 1837 1121 1915 άμείνονς
1145 1835 1235 1909 ὄντας
1259 1840 1293 1901 in
1317 1837 1378 1903 fine
1401 1842 1575 1904 sententiae
1600 1840 1770 1907 scholiasta

598 1954 729 2010 annotat:
764 1946 832 2009 άντύ
866 1950 919 2008 τοῦ
952 1946 1059 2019 ὑμᾶς
1090 1943 1159 2015 τούς
1184 1944 1455 2019 Λακεδαιμονίους.
1478 1949 1559 2027 Ὀρα
1583 1947 1613 2012 δὲ
1637 1950 1701 2021 πῶς
1725 1974 1770 2014 κο·

599 2054 708 2116 tanede
733 2050 945 2122 λονύονύντος
968 2050 1040 2122 τοὺς
1065 2049 1228 2123 Λάκωνας.
1252 2053 1296 2116 At
1315 2054 1348 2115 in
1369 2056 1515 2138 antiquos
1534 2053 1769 2121 Plataeensium

599 2180 687 2223 nores
712 2179 775 2223 non
799 2157 883 2222 eadit
907 2164 975 2222 tam
998 2156 1088 2222 foeda
1110 2155 1262 2223 adulatio.
1287 2159 1357 2245 Ego
1381 2157 1476 2245 longe
1500 2160 1722 2246 praetulerim:

900 2264 1013 2337 αὐτοὺς
1037 2265 1138 2342 (οὐκ)
1164 2266 1307 2343 ἀμείνους
1330 2264 1433 2337 ὄντας.

629 2484 672 2549 ΙΙΙ
698 2506 724 2549 o.
751 2484 794 2549 62
817 2484 878 2568 §t

628 2589 836 2667 „Gloriantur
852 2589 1086 2666 Plataeenses'’,
1107 2592 1198 2655 aiunt
1217 2588 1376 2667 Thebani,
1400 2612 1458 2667 „ex
1479 2592 1627 2656 omnibus
1639 2592 1765 2659 Boeotis

589 2718 615 2761 re
643 2697 728 2762 solos
760 2718 835 2761 eum
861 2697 999 2761 barbaris
1023 2718 1086 2762 non
1109 2697 1237 2774 leuisse;
1263 2718 1319 2762 nos
1343 2718 1418 2761 vero
1443 2696 1503 2762 hoo
1526 2702 1653 2765 nomine
1678 2700 1766 2766 duris

588 2804 685 2867 verbis
716 2807 881 2887 increpant
910 2801 992 2867 nihil
1023 2802 1087 2868 tale
1110 2806 1323 2868 commeritos.
1354 2802 1501 2889 Namque
1524 2807 1637 2871 civitas
1661 2818 1767 2873 nostra

583 2916 652 2974 tuno
674 2912 828 2994 temporis
848 2930 950 2993 neque
968 2908 1118 2996 legitimo
1139 2909 1275 2995 quodam
1296 2931 1469 2997 paucorum
1488 2910 1651 2977 dominatu
1664 2935 1764 2999 neque

577 3016 722 3103 populari
746 3019 881 3103 imperio
904 3017 1084 3102 regebatur,
1105 3017 1157 3082 sed
1181 3053 1221 3065 -
1241 3016 1325 3103 quod
1345 3017 1384 3082 ad
1405 3018 1606 3105 tyrannidem
1619 3023 1763 3106 proxime

576 3125 695 3189 aceedit
720 3159 763 3171 -
787 3144 961 3209 paucorum
990 3127 1136 3189 virorum
1167 3126 1359 3208 potentia
1389 3123 1626 3205 (deterretur
1650 3128 1762 3205 ὀλίγον

571 3231 699 3306 ἀνδρῶν)
735 3233 814 3315 reip.
849 3229 1065 3316 gubernacula
1100 3231 1266 3296 tenebat'’:
1303 3232 1355 3295 κού
1392 3227 1471 3296 οὗτοι
1508 3233 1586 3305 ἰδίοις
1618 3233 1761 3310 δυνάμεις

573 3337 764 3408 ἐκτίσαντες
789 3334 833 3401 ἔτι
857 3340 980 3413 μᾶλλον
1003 3340 1142 3419 σχήσειν,
1166 3339 1192 3401 εὐ
1212 3337 1253 3401 τά
1274 3342 1327 3402 τοῦ
1349 3338 1455 3412 Μήδου
1475 3341 1652 3419 κρατήσειε,
1673 3341 1762 3406 κατέ-

570 3466 686 3523 χοντες
719 3442 804 3522 ῖσχύι
836 3445 870 3507 τὸ
904 3445 1017 3514 πλῆθος
1048 3443 1245 3520 ἐσηγάγοντο
1278 3445 1387 3508 αὐτόν·
1422 3445 1472 3508 καὶ
1507 3445 1523 3515 ἧ
1560 3443 1759 3522 ξνμτῖοσα

572 3549 697 3618 tlara
728 3550 796 3613 οὐκ
827 3547 1089 3630 αὐτοκράτωρ
1120 3545 1217 3614 οὐσα
1249 3550 1396 3623 ἑαυτῆς
1429 3552 1533 3614 τοῦτ’
1566 3550 1758 3632 ἔπραξεν,

569 3657 635 3720 οὐδ’
659 3653 744 3728 άξιον
768 3656 848 3734 αὐτῇ
874 3654 1014 3719 ὀνειδίσαι
1038 3651 1074 3719 ὦν
1098 3657 1142 3729 μὶν
1166 3656 1249 3731 μετὰ
1274 3655 1370 3729 νόμον
1395 3652 1540 3733 ἥμαρτεν.
1745 3654 1751 3665 ’

617 3761 702 3841 Quia
733 3763 837 3826 omnis
869 3759 963 3846 eulpa
993 3762 1147 3826 tribuitur
1176 3760 1249 3824 solia
1280 3760 1447 3833 δυνάσταις
1477 3761 1561 3839 illis,
1597 3762 1665 3828 fieri
1696 3787 1758 3830 non

569 3873 682 3955 potest
718 3872 754 3931 ut
787 3866 991 3953 Thucydides
1025 3870 1203 3953 scripserit:
1237 3869 1254 3941 ἧ
1286 3864 1485 3942 {unxina
1517 3870 1637 3941 τύλις
1662 3920 1757 3938 .....

567 3977 660 4040 τοῦτ’
692 3969 832 4050 ἔπραξεν.
864 3973 1077 4053 Quamobrem
1105 3973 1337 4038 Herwerdenus
1368 3974 1564 4040 emendavit:
1598 3975 1706 4058 (οὐχ)
1740 3981 1756 4051 ἡ

568 4083 598 4159 ξ.
625 4106 663 4144 er.
688 4079 764 4144 οὐδ’
797 4080 990 4158 αὐτοκράτωρ
1021 4074 1098 4144 οὐσα
1131 4082 1260 4158 ἑαντῆι;
1295 4078 1449 4146 Cobetus:
1483 4083 1590 4163 (οὐχ)
1624 4085 1639 4156 ἡ
1669 4079 1697 4157 ξ.
1722 4107 1755 4146 ιι.

568 4186 769 4266 αὐτοκράτωρ
793 4180 869 4250 οὐσα
890 4186 1018 4264 davni&
1039 4184 1209 4270 Stsupius:
1232 4185 1249 4257 ἦ
1269 4183 1299 4260 ξ.
1319 4208 1353 4248 τ.
1373 4184 1415 4249 οὐ
1423 4188 1450 4248 τ’
1473 4186 1665 4266 αὐτοκράτωρ
1682 4181 1758 4249 οὐσα

567 4295 686 4367 ἑαυτῆς
711 4294 794 4357 τοῦτ’
817 4292 948 4370 ἔπραξεν
971 4291 1047 4356 οὐτ’
1071 4289 1156 4367 άξιον
1179 4291 1243 4356 κτὲ.

613 4400 703 4465 Mihi
725 4401 758 4463 iu
781 4404 923 4464 mentem
946 4401 1035 4464 venit
1058 4403 1277 4482 transponere:

615 4508 670 4571 καὶ
703 4506 789 4583 οὐκ,
821 4503 1080 4584 αὐτοκράτωρ
1112 4499 1209 4569 οὐσα
1242 4503 1408 4579 ἑαυτῆς,
1434 4504 1450 4576 ἡ
1475 4500 1673 4578 tenram
1697 4501 1758 4565 τύ-

564 4629 633 4684 λις
658 4612 744 4676 τοῦτ’
768 4608 897 4689 ἔπραξεν
921 4609 981 4675 οὐδ’
1005 4608 1089 4687 άξιον
1114 4609 1177 4675 erl.

611 4822 662 4887 111
686 4842 713 4885 ο.
740 4820 877 4905 esea.

611 4928 783 5002 ἕτιύὐριενοι
808 4925 840 4990 ll
863 4926 950 5002 παρά
975 4926 1027 4998 τὴν
1049 4925 1219 5002 ξύμβασιν,
1241 4920 1287 4986 ed:
1310 4926 1364 4994 μὲν
1386 4924 1415 4985 ἐν
1434 4923 1537 5001 χερσὶν
1551 4924 1755 4988 άπεκτείνοιτε
