5125 6150
873 1415 944 1505 ΒΕ
973 1411 1288 1503 aslonensi!
1317 1409 1614 1500 INSTl'l'Ul'IS
1642 1409 1903 1500 Poenicis.

1330 1649 1454 1690 Μ

1262 1833 1293 1898 J.
1328 1833 1524 1898 Bauer.

1318 2136 1475 2178 a-o-o—

1379 2398 1403 2462 l.

846 2582 1034 2649 Aetolorum
1056 2584 1204 2646 instituta
1225 2588 1259 2646 et
1280 2583 1466 2646 societatem
1487 2584 1655 2646 uastaturi
1672 2587 1745 2644 ante
1763 2583 1870 2645 omnia
1890 2601 1984 2666 quae

800 2695 902 2755 rimus
934 2689 1017 2754 unde
1047 2691 1204 2775 originem
1235 2687 1293 2753 illa
1322 2692 1456 2754 societas
1486 2689 1643 2753 habuerit.
1673 2687 1735 2753 Sed
1758 2694 1825 2752 tam
1848 2689 1983 2753 obscura

801 2808 849 2862 est
872 2797 949 2861 baec
971 2796 1010 2861 de
1033 2797 1156 2881 origine
1179 2798 1341 2880 quaestio,
1360 2804 1398 2860 ut
1417 2795 1526 2860 dirimi
1550 2798 1680 2859 omnino
1703 2817 1762 2859 uon
1785 2798 1895 2880 possit.
1915 2794 1982 2860 Nec

800 2906 906 2988 magis
928 2901 1030 2987 liquet
1053 2922 1115 2986 quo
1139 2900 1234 2966 modo
1257 2901 1399 2967 diversae
1421 2901 1496 2967 illae
1517 2910 1630 2988 gantas
1649 2904 1682 2964 in
1705 2922 1807 2965 unum
1829 2903 1893 2965 sint
1912 2922 1982 2965 con·

801 3013 943 3085 iunctae,
964 3027 1118 3095 quaenam
1138 3008 1256 3072 inerim
1275 3028 1385 3073 aarum
1406 3009 1506 3074 officia
1524 3029 1601 3095 erga
1619 3029 1806 3085 commune,
1826 3028 1981 3094 quaenam

801 3120 871 3181 iura
902 3117 994 3178 sociis
1029 3114 1148 3178 tributa
1182 3114 1316 3193 luerint,
1351 3138 1414 3202 quo
1450 3131 1591 3201 tempore
1624 3117 1766 3201 primum
1800 3137 1818 3179 a
1851 3114 1983 3200 reliquis

801 3222 953 3309 gentibue
973 3219 1085 3285 Graeci
1105 3223 1242 3285 nominis
1263 3225 1422 3287 societatis
1441 3226 1523 3287 ratio
1542 3223 1650 3287 habita
1669 3222 1774 3285 fuerit.
1787 3220 1981 3286 Testimonia

802 3331 887 3393 enim
911 3327 949 3391 de
973 3324 1096 3391 Aetolia
1118 3338 1190 3392 ante
1211 3330 1343 3392 tertium
1362 3327 1526 3393 saeculum
1549 3350 1575 3392 a.
1597 3327 1632 3394 C.
1654 3351 1684 3391 n.
1705 3327 1781 3392 adeo
1799 3335 1979 3411 remeunt,

803 3446 839 3499 ut
877 3456 915 3498 ne
952 3436 1131 3498 coniectura
1169 3434 1298 3519 quidem
1337 3435 1374 3500 de
1411 3435 1517 3501 indole
1550 3438 1726 3521 priscorum
1758 3438 1979 3498 institutorum

801 3543 971 3626 quicquam
994 3542 1186 3605 constituere
1209 3539 1313 3607 liceat.

847 3646 941 3731 Apud
959 3645 1136 3710 Homerum
1156 3649 1189 3710 in
1208 3646 1353 3735 catalogo
1375 3652 1534 3715 sociorum
1553 3648 1659 3714 Aetoli
1678 3649 1980 3713 communinomine

801 3761 1099 3828 commemorantur,
1123 3763 1155 3817 et
1174 3756 1220 3817 ita
1242 3755 1374 3838 quidem
1392 3764 1430 3820 ut
1449 3765 1599 3840 appareat
1618 3776 1671 3820 eos
1690 3758 1723 3817 in
1743 3754 1875 3818 urbibus
1893 3753 1982 3818 sedes

802 3859 966 3934 habuisse,
990 3879 1063 3922 nam
1086 3859 1254 3925 Pleuronis
1279 3860 1451 3948 Calydonis
1475 3861 1612 3926 aliarum
1634 3861 1671 3925 fit
1692 3863 1812 3925 mentio
1828 3862 1861 3939 ¹).

846 3966 923 4030 Post
953 3964 1082 4030 Troiam
1112 3974 1220 4031 autem
1250 3988 1392 4032 eversam
1422 3968 1482 4033 hae
1512 3976 1624 4054 gentes
1647 3968 1686 4031 ab
1709 3966 1830 4031 Aetolis
1853 3965 1982 4031 sedibus

801 4075 868 4136 suis
898 4070 1007 4157 pulsae
1037 4079 1130 4153 sunt;
1153 4072 1226 4138 iude
1249 4094 1349 4159 usque
1373 4074 1413 4139 ad
1436 4074 1632 4161 Thucydidis
1655 4081 1798 4160 tempora
1820 4076 1984 4160 regiones,

802 4199 881 4265 quae
904 4199 922 4242 a
945 4176 1098 4243 Strabone
1124 4180 1244 4257 ἀρχαία
1268 4182 1407 4244 Αἰτωλία
1431 4190 1586 4245 vocantur
1599 4179 1634 4260 ²),
1658 4180 1814 4245 indicatae
1837 4188 1913 4244 sunt
1933 4203 1985 4246 uo-

801 4287 889 4350 mine
924 4284 1046 4348 Aeoliae
1059 4283 1095 4361 ³).
1138 4282 1288 4351 Ceterum
1324 4285 1525 4372 Thucydides
1538 4287 1564 4366 ⁴)
1597 4289 1760 4352 communi
1795 4285 1983 4351 Aetolorum

802 4394 929 4456 nomine
952 4390 1174 4476 complectitur
1195 4399 1307 4477 gentes
1327 4394 1461 4457 Aetoliae
1483 4394 1617 4457 adiectae
1640 4415 1736 4478 quam
1755 4392 1881 4469 dicunt,
1902 4412 1984 4476 quae

802 4492 913 4561 Graeci
937 4498 1074 4562 nominis
1099 4498 1250 4584 gentibus
1273 4501 1403 4584 proprio
1423 4521 1516 4565 sensu
1536 4521 1597 4564 non
1618 4506 1694 4564 sunt
1712 4498 1983 4565 annumerandae:

802 4602 963 4685 Apodotos
986 4602 1073 4679 dico,
1097 4602 1273 4687 Ophiones‚
1298 4603 1492 4690 Eurytanee,
1517 4604 1612 4691 longe
1635 4608 1810 4670 maximam
1833 4612 1983 4690 gentem,

806 4754 998 4763 ——-—

837 4846 861 4905 l)
879 4845 908 4893 ll.
928 4846 1009 4902 8638,
1027 4844 1057 4892 ci.
1075 4846 1207 4910 Elldsqq.
1225 4846 1311 4896 Strabo
1328 4846 1377 4895 429
1395 4851 1419 4895 et
1435 4848 1493 4897 463.

834 4928 861 4991 2)
878 4925 958 4976 Strab.
976 4928 1033 4975 ⁴⁶0.
1265 4932 1291 4989 3)
1309 4929 1382 4979 Thur.
1400 4929 1439 4977 111
1459 4929 1513 4980 102.
1745 4932 1774 4995 4)
1790 4931 1830 4980 ΠΙ
1848 4932 1881 4981 94
1897 4935 1942 4995 56.

721 5173 965 5353 A
