5125 6150
1115 805 1281 853 nucmrus.
1730 790 1791 853 189

598 964 745 1030 mascula
775 965 882 1030 Venus
913 972 945 1030 et
975 965 1108 1030 mulieri
1136 988 1215 1051 puer
1238 967 1381 1031 multum
1406 967 1600 1052 praefertur3
1625 968 1793 1033 discrimen

595 1077 709 1135 nutem
733 1073 817 1135 inter
841 1074 928 1135 viros
952 1078 984 1136 et
1008 1070 1159 1136 mulieres
1183 1093 1244 1137 non
1270 1079 1398 1137 tantum
1419 1074 1553 1137 faciebat
1572 1076 1669 1138 vestis
1690 1075 1793 1138 ferma

593 1177 650 1241 sed
684 1180 783 1241 etiarn
813 1179 970 1241 materies.
1004 1176 1155 1241 Virorum
1186 1184 1292 1242 vestes
1323 1200 1361 1242 ex
1392 1178 1465 1242 lana
1489 1184 1592 1258 erant,
1617 1178 1792 1243 mulierum

593 1289 706 1346 autem
737 1303 777 1345 ex
808 1282 875 1346 lino
899 1281 995 1366 idque
1019 1280 1133 1345 multis
1157 1282 1314 1366 exemplis
1338 1282 1430 1347 facile
1455 1283 1653 1367 comprobari
1677 1288 1791 1368 potest.

596 1385 708 1449 Unum
731 1385 811 1450 dabo
831 1384 939 1450 locum
959 1389 1110 1471 quoniam
1130 1386 1224 1450 valde
1244 1385 1429 1451 luculentus
1451 1392 1497 1451 est
1508 1408 1516 1464 ;
1537 1389 1648 1451 scribit
1667 1387 1793 1451 Plinius

596 1492 640 1555 H.
663 1493 703 1557 N.
724 1491 814 1554 XIX.
829 1491 868 1554 1:
894 1490 1013 1568 „Varro
1038 1491 1136 1556 tradit
1158 1494 1192 1555 in
1217 1491 1427 1556 Serranorum
1448 1491 1569 1556 familia
1588 1492 1793 1577 gentilicium

594 1618 665 1662 esse
688 1598 824 1661 feminas
847 1596 934 1661 linea
956 1603 1045 1661 veste
1069 1617 1132 1660 non
1156 1597 1238 1660 nti.”
1264 1596 1361 1662 Vides
1384 1597 1461 1681 qnid
1486 1606 1637 1682 sequatur
1660 1597 1698 1661 de
1722 1597 1793 1661 reli-

593 1704 669 1786 quia
700 1707 732 1765 et
764 1700 931 1785 complura
962 1698 1159 1766 Graecorum
1191 1704 1377 1766 testimonie
1401 1701 1536 1766 tendunt
1559 1702 1688 1780 eodem;
1714 1721 1789 1786 prae

592 1809 710 1871 ceteris
742 1806 921 1871 celebratur
951 1806 1148 1892 Thucydidis
1178 1807 1266 1872 locus
1296 1829 1359 1892 que
1391 1807 1551 1885 docemur,
1584 1829 1681 1892 quam
1715 1827 1789 1871 vere

591 1933 679 1976 nunc
712 1933 777 1976 non
809 1912 956 1995 disputo,
989 1913 1198 1976 Athenienses
1228 1911 1339 1977 relicta
1367 1912 1469 1976 lintea
1491 1920 1580 1976 veste
1603 1914 1791 1976 assumsisse

588 2017 731 2081 laneam.
764 2015 834 2080 Iam
863 2017 953 2080 vides
986 2038 1046 2081 non
1080 2017 1163 2094 ίεριὶν
1187 2038 1258 2082 eam
1281 2017 1421 2096 χλανίδα
1445 2019 1561 2093 fuisse,
1586 2017 1639 2081 sed
1663 2019 1789 2094 έρεῖιν.

590 2123 808 2187 Abominatur
832 2125 887 2205 qni
910 2123 962 2186 hie
986 2121 1131 2207 loquitur
1149 2122 1282 2187 linteam
1303 2128 1427 2187 vestem
1448 2125 1566 2207 quippe
1587 2121 1788 2186 muliebrem.

641 2333 740 2419 §472
774 2335 788 2398 θ
820 2334 932 2413 φιλίαι
963 2332 1033 2412 ἔρως
1064 2332 1139 2415 ἄχρι
1172 2334 1306 2398 θανιίπον
1336 2332 1648 2418 σννεξέπνεοσε.
1674 2332 1788 2397 Verius
1838 2330 1841 2337 ’

599 2441 758 2506 arbitror:
784 2438 1086 2503 σονθιέπνενσε.

637 2635 655 2717 §
679 2633 739 2696 54:
770 2631 840 2703 ποθι
865 2656 905 2708 γε
928 2634 991 2709 μὴν
1014 2630 1250 2710 ὀνομαζομένους
1273 2639 1347 2712 παρ’
1368 2631 1504 2705 Ἕλλησι
1529 2634 1680 2708 κωμαςθι
1705 2632 1788 2697 οὐδέν

591 2740 671 2802 οίλλ·
696 2737 714 2811 ἢ
740 2735 885 2811 θιίλουι
910 2738 1059 2816 ίραςοὶι
1084 2735 1204 2815 νομίζω.
1240 2737 1351 2823 Neque
1374 2739 1433 2802 hoc
1456 2737 1605 2823 intelligo
1629 2758 1685 2801 nec
1708 2736 1789 2800 mul-

592 2850 669 2907 tum
693 2841 797 2927 placet
821 2842 1078 2921 θιρμερασοθι,
1099 2843 1184 2927 quod
1205 2850 1333 2928 propter
1351 2843 1476 2908 Platon.
1498 2842 1671 2927 Alciblp.
1687 2840 1788 2906 132A

592 2949 784 3012 nonnemini
807 2968 921 3012 verum
944 2947 1047 3012 videri
1071 2951 1198 3032 poterit.

1110 3129 1269 3209 Ιικαρίαοο.

636 3281 707 3365 ξ2.
739 3279 978 3365 supplendum:
1009 3283 1098 3343 τοῦτο
1129 3279 1218 3354 μθνον
1249 3276 1323 3360 (ὅτι
1350 3281 1364 3342 ε’
1372 3285 1404 3358 κ)
1427 3285 1483 3350 τῆς
1510 3280 1626 3350 Ἰωνίας
1651 3279 1707 3344 tet.
1732 3276 1782 3344 Of.

592 3387 819 3452 Hartmannue
843 3386 926 3450 seed.
950 3385 1076 3449 Ιιιισθοιι.
1102 3406 1133 3469 p.
1159 3382 1212 3450 70.

636 3565 714 3652 §71
746 3566 835 3632 πίθεν
866 3561 914 3630 οὖν
946 3565 998 3629 καί
1030 3570 1136 3629 ταῦτα
1168 3566 1359 3644 πορισαίμεθ’
1383 3565 1439 3643 dm
1464 3565 1481 3639 ἢ
1506 3564 1786 3642 παρακαλέσαιμεν

589 3675 633 3746 tt,
659 3674 731 3743 τοὺς
757 3670 914 3751 γραφέας.
939 3669 1088 3736 Selemne
1111 3673 1232 3734 vitium
1256 3690 1331 3755 pre:
1356 3670 1637 3747 παρακαλέσαιμεν
1662 3668 1718 3734 civ.

638 3871 656 3952 ξ
676 3866 715 3933 7:
736 3866 789 3930 καί
810 3866 845 3937 tt
865 3867 1191 3944 παρακεκλήσθω
1211 3865 1414 3942 Πολύγνωτος
1434 3865 1486 3930 καί
1500 3865 1679 3943 Εὐφράνωρ.
1700 3864 1786 3929 Mihi

592 3983 719 4038 certum
743 3977 791 4035 est
815 3973 947 4056 requiri:
972 3971 1336 4046 παρακεκλιίσθων·
1362 3969 1501 4035 notabile
1525 3977 1573 4034 est
1595 3992 1678 4034 nune
1701 3979 1785 4034 certe

591 4078 772 4143 Luciannm
793 4097 888 4140 usum
905 4076 1003 4140 fuisse
1020 4078 1142 4140 sincera
1161 4078 1346 4159 imperativi
1358 4076 1475 4151 forma,
1496 4096 1557 4139 non
1570 4074 1784 4139 Macedonica.

592 4182 714 4247 Eodem
739 4182 829 4247 ducit
853 4181 970 4266 Navig.
1000 4181 1056 4244 14:
1081 4183 1324 4258 σιπαγωγείπων.

637 4362 713 4448 §92
739 4360 829 4437 μέγα
859 4386 890 4425 σι
915 4362 1063 4442 [θαῦμα
1088 4360 1170 4442 καί]
1195 4361 1297 4434 θέαμα
1322 4364 1430 4423 πᾶσαν
1454 4360 1509 4429 rire
1532 4358 1715 4435 ἀνθρωπίνην
1739 4358 1786 4423 εὖ·

595 4468 730 4548 μορφίαν
754 4465 990 4545 ὑπερπεπαικθς.
1016 4464 1111 4530 Vides
1134 4466 1211 4549 quid
1234 4468 1412 4530 coniiciam.

635 4652 653 4734 ᾖ
673 4648 736 4713 21:
760 4645 818 4715 etse
843 4646 984 4721 μέντοι
1006 4644 1173 4725 νοτίζεσθαι
1192 4647 1297 4712 αὐτοῖς
1318 4645 1382 4707 aiei
1403 4645 1445 4707 σοὶ
1467 4643 1576 4718 ππεροί.
1598 4643 1660 4706 Pro
1680 4643 1782 4717 μέντοι

592 4757 732 4840 corrige:
766 4752 897 4815 ένίοπε
930 4757 963 4816 et
994 4752 1045 4815 θεί
1077 4757 1189 4836 sponte
1219 4749 1355 4814 excidet.
1381 4747 1430 4815 Of.
1456 4747 1655 4813 consimilem
1676 4748 1784 4813 locum

594 4858 701 4925 Semn.
727 4879 752 4922 s.
778 4855 860 4922 Gall.
886 4856 939 4921 23.
