5125 6150
964 817 1128 866 moriame
1151 817 1468 866 nmroaaunseruns.
1740 801 1801 865 141

626 985 707 1047 mini
732 1004 826 1068 quem
850 983 935 1048 tilius
960 981 1069 1049 Gabiis
1091 986 1221 1049 miserat
1238 986 1368 1069 ipseque
1387 982 1560 1068 Dionysius
1580 983 1804 1050 anImadvertit

625 1108 735 1174 regem
765 1091 930 1153 imitatum
962 1089 1058 1154 fuisse
1090 1087 1273 1175 exemplum
1305 1089 1387 1172 quod
1416 1087 1635 1174 Thrasybulus
1655 1088 1804 1155 Milesius

625 1193 760 1259 dedisset
795 1195 968 1259 seeundum
998 1195 1198 1261 Herodotum
1230 1194 1334 1259 V92.
1366 1192 1428 1259 Sed
1451 1192 1671 1280 Thrasybulus
1694 1194 1803 1272 ὑιεξήιε

625 1302 658 1365 εὑ
683 1303 766 1373 λὺιον
789 1300 840 1365 καὶ
865 1301 984 1367 ἑκὺλονε
1010 1302 1069 1365 αἰεὶ
1093 1299 1167 1373 ὑκος
1191 1301 1259 1365 σινὺ
1278 1300 1333 1365 ibor
1355 1306 1412 1364 πὺν
1431 1301 1581 1381 ὑπαχὺιον
1603 1301 1801 1380 ὑπερέχοντα.

626 1408 688 1471 Η1σ
721 1408 866 1492 equidem
898 1411 1040 1493 quaesivi
1068 1407 1251 1494 multosque
1279 1407 1413 1473 lectores
1435 1409 1627 1493 quaesivisse
1649 1410 1802 1494 suspicor,

625 1516 827 1599 potuerintne
851 1514 985 1580 Romani
1009 1515 1212 1601 probabiliter
1235 1535 1391 1600 papavera
1414 1514 1614 1579 substituere.
1638 1512 1709 1600 Ipse
1728 1536 1803 1600 quo·

626 1641 686 1706 que
717 1620 847 1684 Livius:
878 1643 1004 1686 summe
1027 1643 1219 1707 papaverum
1242 1620 1323 1686 eolla
1346 1621 1461 1685 dieitur
1484 1619 1594 1686 baculo
1618 1621 1801 1687 deoussisse.

623 1725 775 1813 Intelligo
805 1748 879 1791 sane
910 1727 1061 1793 maluisse
1084 1733 1207 1792 veteres
1231 1747 1367 1811 papaver
1390 1725 1564 1812 appellare,
1589 1748 1689 1811 quum
1712 1734 1802 1809 capot

624 1832 747 1897 dieatur
770 1833 901 1909 habere,
926 1832 1029 1898 veluti
1051 1841 1126 1898 noto
1149 1832 1218 1898 loco
1240 1835 1273 1896 in
1297 1854 1378 1897 nono
1402 1832 1549 1897 Aeneidis
1572 1837 1604 1897 et
1622 1832 1696 1898 vide
1715 1854 1802 1918 prae·

624 1944 710 2003 terea
733 1938 822 2003 Iliad.
849 1938 966 2004 5499:
992 1940 1005 2003 ὑ
1026 1939 1056 2003 δὲ
1076 1943 1121 2019 <pir
1142 1937 1265 2003 κώδειαν
1282 1938 1447 2017 ὑνασχὺν·
1466 1938 1519 2003 sed
1538 1937 1626 2003 nulla
1641 1940 1675 2002 in
1694 1938 1800 2004 fabula

624 2045 888 2122 verisimilitudo,
913 2048 975 2109 nisi
997 2048 1031 2110 in
1055 2048 1154 2110 hortis
1177 2053 1282 2110 satum
1307 2045 1411 2110 fuerit.
1436 2043 1643 2110 Serebantnel
1666 2044 1715 2109 Ita
1733 2052 1798 2110 eet:

623 2151 775 2215 serebant.
811 2151 937 2215 Plinius
968 2151 1009 2216 H.
1040 2151 1079 2216 N.
1111 2151 1188 2216 XIX
1220 2150 1251 2216 8.
1273 2150 1315 2215 53
1348 2151 1444 2215 tradit
1479 2151 1603 2216 candidi
1635 2155 1800 2238 papaveris

621 2261 742 2323 semina
765 2264 847 2323 tosta
869 2261 901 2321 in
926 2257 1061 2322 secunda
1083 2278 1193 2322 mensa
1215 2278 1289 2322 eum
1308 2255 1403 2321 melle
1424 2257 1506 2341 apud
1526 2260 1671 2343 antiquos
1688 2259 1800 2323 inferri

622 2362 734 2428 solita:
760 2365 835 2427 buio
858 2367 978 2449 potioni
1002 2363 1176 2428 seeundum
1198 2363 1329 2428 Festum
1353 2383 1468 2428 nomeu
1491 2368 1558 2427 erat
1580 2371 1683 2428 οοοσίο.
1715 2364 1799 2431 Hine

623 2473 721 2536 etiam
745 2491 883 2556 papaver
905 2471 1032 2533 uotiuum
1056 2469 1181 2534 dicitur.

667 2671 707 2735 IV
739 2670 780 2738 57
813 2694 843 2757 p.
870 2669 945 2738 778.
983 2670 1094 2737 Voluit
1123 2669 1239 2736 Sextus
1269 2670 1460 2755 Tarquinius
1490 2671 1624 2737 Antistii
1653 2674 1799 2740 Patronis

622 2779 753 2842 domum
778 2781 968 2863 perscrutari
991 2777 1122 2857 πέμψας
1146 2777 1315 2854 ἑτέρους.
1339 2775 1388 2840 llr
1411 2776 1565 2843 Urbinate
1586 2779 1669 2864 apud
1692 2779 1798 2845 Kieae

620 2885 761 2971 lingium
794 2891 940 2950 enotatur
969 2887 1056 2949 varia
1084 2882 1177 2949 leotio
1211 2884 1302 2948 1σαὺ
1310 2907 1395 2962 οονς
1426 2905 1558 2970 eamque
1586 2887 1797 2971 recipiendam

622 2992 719 3069 dueo,
739 3014 811 3055 cum
832 2990 952 3056 sodales
973 2989 1022 3054 illi
1041 2990 1114 3056 inde
1134 3012 1152 3055 a
1170 3011 1241 3078 pag.
1264 2988 1328 3056 775
1347 2990 1432 3055 haud
1452 2990 1551 3056 semel
1570 3000 1798 3060 memorentur.

665 3210 706 3274 IV
732 3210 774 3276 70
806 3235 835 3296 p.
861 3211 936 3276 808.
971 3211 1116 3276 Nimium
1147 3217 1195 3276 est
1225 3211 1310 3296 quod
1341 3211 1379 3276 de
1402 3210 1502 3276 Bruto
1525 3209 1681 3297 legimus:
1708 3209 1798 3287 δόξας

622 3318 764 3382 σὶπιένπσιν
789 3320 996 3396 ἀνθρώπων
1017 3313 1092 3382 εἶναι
1114 3318 1352 3399 Φρονιμὺσαποο.
1373 3316 1457 3383 Satis
1477 3322 1541 3382 est:
1562 3317 1708 3383 οὑπὺνσιον
1727 3325 1799 3384 πῶν

621 3423 755 3488 ἄλλον
777 3431 809 3490 et
831 3426 921 3490 vides
942 3424 1026 3489 unde
1050 3424 1229 3509 corruptela
1253 3424 1422 3509 repetenda
1445 3426 1495 3488 eit.

665 3660 707 3725 IV
740 3659 779 3727 71
813 3684 842 3746 p.
877 3660 953 3726 812.
991 3661 1127 3725 Minime
1162 3680 1270 3724 rarum
1305 3666 1353 3725 est
1386 3660 1519 3725 uerbum
1554 3658 1797 3741 ἐπιλογίζεσθαι·

619 3766 720 3832 veluti
751 3769 802 3832 hio
833 3767 953 3854 legitur
985 3769 1026 3830 εὑ
1051 3768 1107 3841 μὲν
1132 3763 1218 3831 ἄλλα
1244 3768 1328 3844 ὀρθῶς
1357 3767 1586 3844 ἐπιλελογίσθαι
1610 3792 1660 3844 μοι
1684 3769 1798 3847 δοκεῖς,

619 3895 697 3958 quae
721 3874 816 3938 verba
840 3874 952 3938 itidem
977 3873 1129 3959 leguntur
1151 3872 1197 3936 III
1224 3872 1262 3936 15
1287 3893 1316 3957 p.
1339 3871 1413 3937 446.
1434 3871 1589 3938 Similiter
1607 3882 1798 3959 usurpatum

618 3981 725 4043 iuveni
756 3978 798 4042 IV
832 3977 850 4044 7
882 4000 912 4063 p.
947 3978 1011 4043 653
1041 3974 1139 4045 ἕκαςα
1172 3976 1442 4059 ἐπιλογιζομένοις·
1473 3977 1531 4043 Vll
1563 3978 1604 4043 13
1635 4001 1665 4065 p.
1692 3978 1796 4043 1341:

619 4086 723 4150 πολλοὶ
755 4086 798 4149 σοὶ
829 4084 1023 4163 συμφέροντα
1058 4083 1331 4166 ἐπιλογιζομένοις·
1363 4083 1421 4149 Vll
1447 4084 1487 4149 19
1510 4106 1541 4170 p.
1567 4082 1671 4148 1356:
1701 4086 1743 4149 πὺ
1766 4086 1796 4148 π’

618 4190 705 4255 ἄλλα
732 4190 1005 4271 ἐπιλογιζομένοις·
1031 4191 1110 4256 XIX
1134 4214 1164 4277 p.
1189 4189 1298 4255 238.3
1322 4190 1410 4256 Kal:
1436 4190 1546 4255 ποὺπον
1571 4186 1679 4265 ἕκαςον
1699 4192 1798 4256 ἐπιλο·

617 4295 784 4376 γιζόμενον.
810 4298 858 4361 Ab
877 4298 935 4362 hoo
953 4298 1049 4363 verbo
1068 4301 1115 4362 ita
1134 4296 1237 4363 differt
1258 4297 1491 4378 ὑπολογίζεσθαι
1515 4303 1552 4361 ut
1576 4297 1613 4362 de
1636 4318 1669 4362 re
1692 4297 1797 4383 aliqua

618 4408 705 4489 turpi
729 4402 780 4469 vel
805 4403 911 4468 odiosa
934 4404 986 4469 vel
1010 4404 1143 4488 periculi
1167 4404 1260 4490 plena
1283 4408 1356 4491 poni
1379 4403 1495 4470 soleat:
1517 4402 1590 4467 VIII
1611 4403 1631 4468 6
1650 4426 1670 4490 p
1694 4402 1795 4470 1517:

619 4513 698 4575 οὑὺἔν
716 4511 786 4575 οὔτε
805 4512 1090 4585 μνησικακήσαντες
1113 4510 1182 4576 οὑπε
1203 4508 1459 4588 ὑπολογισάμενοι
1479 4508 1516 4574 οὑν
1537 4511 1683 4575 ε’ποὺὑεπε·
1707 4509 1755 4575 IX
1776 4507 1796 4574 9

617 4641 647 4702 p.
677 4617 780 4683 1760:
812 4617 878 4682 οὑτε
912 4619 965 4692 σὺν
997 4618 1148 4697 αἰσχύνην
1182 4619 1463 4695 ὑπολογισὺμενοι·
1496 4616 1527 4680 Χ
1558 4615 1599 4683 37
1632 4640 1662 4703 p.
1688 4614 1793 4682 2089:

615 4725 719 4790 οὑὺἐνα
753 4725 881 4789 κίνδυνον
915 4723 1012 4796 δεδιὼς
1044 4724 1113 4789 οὑπε
1140 4725 1409 4805 ὑπολογιζόμενος·
1432 4724 1463 4787 Χ
1486 4723 1529 4789 48
1552 4747 1582 4810 p.
1607 4723 1714 4788 2120:
1740 4725 1796 4789 κ1ν·

616 4831 696 4896 ὑννον
725 4831 830 4896 οὐδένα
853 4830 1111 4911 ὑπολογιζόμενοι.
1145 4830 1206 4897 Sed
1230 4832 1307 4897 XIII
1331 4854 1361 4917 p.
1388 4829 1517 4896 121129
1541 4830 1610 4898 Kal.
1641 4828 1796 4898 Camillus

618 4960 679 5004 non
703 4959 776 5004 suas
800 4939 854 5004 sed
876 4942 997 5026 patriae
1019 4938 1079 5011 σας
1102 4939 1264 5019 συμφορὰς
1288 4937 1507 5020 ἐπιλογίζεσοι.
