<?xml version="1.0" encoding="UTF-8"?>
<!DOCTYPE html PUBLIC "-//W3C//DTD XHTML 1.0 Transitional//EN"
    "http://www.w3.org/TR/xhtml1/DTD/xhtml1-transitional.dtd">
<html xmlns="http://www.w3.org/1999/xhtml" xml:lang="en" lang="en">
 <head>
  <title>
</title>
<meta http-equiv="Content-Type" content="text/html;charset=utf-8" />
  <meta name='ocr-system' content='tesseract 3.04.00' />
  <meta name='ocr-capabilities' content='ocr_page ocr_carea ocr_par ocr_line ocrx_word'/>
</head>
<body>
  <div class='ocr_page' id='page_1' title='image "./mnemosyne04verdgoog_0124.png"; bbox 0 0 5125 6150; ppageno 0'>
   <div class='ocr_carea' id='block_1_1' title="bbox 798 756 1478 819">
    <p class='ocr_par' dir='ltr' id='par_1_1' title="bbox 798 756 1478 819">
     <span class='ocr_line' id='line_1_1' title="bbox 798 756 1478 819; baseline -0.001 -1"><span class='ocrx_word' id='word_1_1' title='bbox 798 756 860 819; x_wconf 61' lang='lat'>:22</span> <span class='ocrx_word' id='word_1_2' title='bbox 1303 772 1478 818; x_wconf 67' lang='lat' dir='ltr'>nomes.</span> 
     </span>
    </p>
   </div>
   <div class='ocr_carea' id='block_1_2' title="bbox 792 935 1974 1230">
    <p class='ocr_par' dir='ltr' id='par_1_2' title="bbox 792 935 1974 1230">
     <span class='ocr_line' id='line_1_2' title="bbox 793 935 1972 1019; baseline -0.003 -18"><span class='ocrx_word' id='word_1_3' title='bbox 793 942 834 1001; x_wconf 75' lang='lat' dir='ltr'>sit</span> <span class='ocrx_word' id='word_1_4' title='bbox 867 936 996 999; x_wconf 66' lang='lat' dir='ltr'>dubium</span> <span class='ocrx_word' id='word_1_5' title='bbox 1031 940 1107 1019; x_wconf 71' lang='lat' dir='ltr'>quin</span> <span class='ocrx_word' id='word_1_6' title='bbox 1138 940 1236 998; x_wconf 66' lang='lat' dir='ltr'>etham</span> <span class='ocrx_word' id='word_1_7' title='bbox 1266 938 1481 1019; x_wconf 63' lang='lat' dir='ltr'>antiquissimi</span> <span class='ocrx_word' id='word_1_8' title='bbox 1514 954 1603 997; x_wconf 72' lang='lat' dir='ltr'>vates</span> <span class='ocrx_word' id='word_1_9' title='bbox 1632 935 1825 997; x_wconf 76' lang='lat' dir='ltr'><strong>carminibus</strong></span> <span class='ocrx_word' id='word_1_10' title='bbox 1847 938 1914 998; x_wconf 84' lang='lat' dir='ltr'>suis</span> <span class='ocrx_word' id='word_1_11' title='bbox 1936 956 1972 999; x_wconf 88' lang='lat' dir='ltr'>ea</span> 
     </span>
     <span class='ocr_line' id='line_1_3' title="bbox 792 1040 1974 1124; baseline -0.003 -18"><span class='ocrx_word' id='word_1_12' title='bbox 792 1042 1018 1107; x_wconf 63' lang='lat' dir='ltr'>eesseeraterir.</span> <span class='ocrx_word' id='word_1_13' title='bbox 1050 1060 1128 1123; x_wconf 67' lang='lat' dir='ltr'>qtae</span> <span class='ocrx_word' id='word_1_14' title='bbox 1159 1062 1303 1124; x_wconf 58' lang='lat' dir='ltr'>:psorem</span> <span class='ocrx_word' id='word_1_15' title='bbox 1334 1058 1471 1103; x_wconf 75' lang='lat' dir='ltr'>aetatem</span> <span class='ocrx_word' id='word_1_16' title='bbox 1501 1040 1598 1124; x_wconf 77' lang='lat' dir='ltr'>longe</span> <span class='ocrx_word' id='word_1_17' title='bbox 1628 1040 1861 1116; x_wconf 71' lang='lat' dir='ltr'>antecederent,</span> <span class='ocrx_word' id='word_1_18' title='bbox 1892 1040 1974 1104; x_wconf 92' lang='lat' dir='ltr'>mihi</span> 
     </span>
     <span class='ocr_line' id='line_1_4' title="bbox 793 1144 1973 1230; baseline -0.004 -17"><span class='ocrx_word' id='word_1_19' title='bbox 793 1168 876 1213; x_wconf 55' lang='grc' dir='ltr'>ατε</span> <span class='ocrx_word' id='word_1_20' title='bbox 913 1152 966 1209; x_wconf 77' lang='lat' dir='ltr'>rix</span> <span class='ocrx_word' id='word_1_21' title='bbox 997 1166 1028 1209; x_wconf 81' lang='lat' dir='ltr'>et</span> <span class='ocrx_word' id='word_1_22' title='bbox 1060 1168 1098 1209; x_wconf 78' lang='lat' dir='ltr'>ne</span> <span class='ocrx_word' id='word_1_23' title='bbox 1132 1150 1185 1208; x_wconf 58' lang='lat' dir='ltr'>rit</span> <span class='ocrx_word' id='word_1_24' title='bbox 1216 1146 1343 1230; x_wconf 78' lang='lat' dir='ltr'>quidem</span> <span class='ocrx_word' id='word_1_25' title='bbox 1374 1144 1524 1209; x_wconf 70' lang='lat' dir='ltr'>eredit-ile</span> <span class='ocrx_word' id='word_1_26' title='bbox 1556 1146 1684 1208; x_wconf 73' lang='lat' dir='ltr'>videtur</span> <span class='ocrx_word' id='word_1_27' title='bbox 1713 1144 1838 1208; x_wconf 92' lang='lat' dir='ltr'>nullum</span> <span class='ocrx_word' id='word_1_28' title='bbox 1869 1148 1910 1208; x_wconf 89' lang='lat' dir='ltr'>iis</span> <span class='ocrx_word' id='word_1_29' title='bbox 1939 1148 1973 1208; x_wconf 91' lang='lat' dir='ltr'>in</span> 
     </span>
    </p>
   </div>
   <div class='ocr_carea' id='block_1_3' title="bbox 780 1253 1974 4691">
    <p class='ocr_par' dir='ltr' id='par_1_3' title="bbox 791 1253 1974 2073">
     <span class='ocr_line' id='line_1_5' title="bbox 793 1253 1974 1339; baseline -0.003 -22"><span class='ocrx_word' id='word_1_30' title='bbox 793 1270 941 1339; x_wconf 70' lang='lat' dir='ltr'>promptu</span> <span class='ocrx_word' id='word_1_31' title='bbox 974 1253 1071 1315; x_wconf 66' lang='lat' dir='ltr'>fuisse</span> <span class='ocrx_word' id='word_1_32' title='bbox 1100 1273 1305 1336; x_wconf 72' lang='lat' dir='ltr'>responsum,</span> <span class='ocrx_word' id='word_1_33' title='bbox 1330 1256 1357 1314; x_wconf 82' lang='lat' dir='ltr'>st</span> <span class='ocrx_word' id='word_1_34' title='bbox 1379 1273 1418 1314; x_wconf 83' lang='lat' dir='ltr'>en</span> <span class='ocrx_word' id='word_1_35' title='bbox 1442 1256 1483 1313; x_wconf 79' lang='lat' dir='ltr'>iis</span> <span class='ocrx_word' id='word_1_36' title='bbox 1506 1268 1711 1335; x_wconf 77' lang='lat' dir='ltr'>quaereretur</span> <span class='ocrx_word' id='word_1_37' title='bbox 1731 1271 1900 1335; x_wconf 77' lang='lat' dir='ltr'>quemnam</span> <span class='ocrx_word' id='word_1_38' title='bbox 1923 1271 1974 1314; x_wconf 84' lang='lat' dir='ltr'>en-</span> 
     </span>
     <span class='ocr_line' id='line_1_6' title="bbox 791 1355 1972 1443; baseline -0.003 -21"><span class='ocrx_word' id='word_1_39' title='bbox 791 1364 873 1423; x_wconf 61' lang='lat' dir='ltr'>item</span> <span class='ocrx_word' id='word_1_40' title='bbox 901 1362 1040 1443; x_wconf 53' lang='lat' dir='ltr'>phetam</span> <span class='ocrx_word' id='word_1_41' title='bbox 1065 1355 1145 1420; x_wconf 64' lang='lat' dir='ltr'>illei</span> <span class='ocrx_word' id='word_1_42' title='bbox 1170 1356 1290 1420; x_wconf 59' lang='lat' dir='ltr'>belam</span> <span class='ocrx_word' id='word_1_43' title='bbox 1315 1358 1489 1419; x_wconf 72' lang='lat' dir='ltr'>habuisset.</span> <span class='ocrx_word' id='word_1_44' title='bbox 1514 1360 1563 1418; x_wconf 70' lang='lat' dir='ltr'>An</span> <span class='ocrx_word' id='word_1_45' title='bbox 1586 1356 1745 1420; x_wconf 80' lang='lat' dir='ltr'>credimus</span> <span class='ocrx_word' id='word_1_46' title='bbox 1765 1356 1972 1431; x_wconf 82' lang='lat' dir='ltr'>auditoribus,</span> 
     </span>
     <span class='ocr_line' id='line_1_7' title="bbox 793 1460 1973 1547; baseline -0.002 -22"><span class='ocrx_word' id='word_1_47' title='bbox 793 1468 847 1547; x_wconf 77' lang='lat' dir='ltr'>qni</span> <span class='ocrx_word' id='word_1_48' title='bbox 871 1485 909 1527; x_wconf 80' lang='lat' dir='ltr'>en</span> <span class='ocrx_word' id='word_1_49' title='bbox 933 1462 1061 1525; x_wconf 64' lang='lat' dir='ltr'>illarum</span> <span class='ocrx_word' id='word_1_50' title='bbox 1089 1482 1140 1525; x_wconf 88' lang='lat' dir='ltr'>ore</span> <span class='ocrx_word' id='word_1_51' title='bbox 1164 1462 1358 1545; x_wconf 77' lang='lat' dir='ltr'>pende-haut.</span> <span class='ocrx_word' id='word_1_52' title='bbox 1383 1465 1450 1525; x_wconf 71' lang='lat' dir='ltr'>sive</span> <span class='ocrx_word' id='word_1_53' title='bbox 1473 1466 1507 1524; x_wconf 84' lang='lat' dir='ltr'>in</span> <span class='ocrx_word' id='word_1_54' title='bbox 1528 1460 1691 1524; x_wconf 72' lang='lat' dir='ltr'>Thessalia</span> <span class='ocrx_word' id='word_1_55' title='bbox 1708 1465 1777 1524; x_wconf 79' lang='lat' dir='ltr'>sire</span> <span class='ocrx_word' id='word_1_56' title='bbox 1795 1464 1828 1523; x_wconf 91' lang='lat' dir='ltr'>in</span> <span class='ocrx_word' id='word_1_57' title='bbox 1848 1460 1973 1524; x_wconf 79' lang='lat' dir='ltr'>arcibus</span> 
     </span>
     <span class='ocr_line' id='line_1_8' title="bbox 793 1565 1973 1651; baseline -0.003 -19"><span class='ocrx_word' id='word_1_58' title='bbox 793 1568 1003 1651; x_wconf 57' lang='lat' dir='ltr'>Fesstp-enzesi</span> <span class='ocrx_word' id='word_1_59' title='bbox 1024 1572 1092 1630; x_wconf 76' lang='lat' dir='ltr'>site</span> <span class='ocrx_word' id='word_1_60' title='bbox 1112 1570 1143 1629; x_wconf 92' lang='lat' dir='ltr'>in</span> <span class='ocrx_word' id='word_1_61' title='bbox 1165 1570 1256 1630; x_wconf 70' lang='lat' dir='ltr'>Asiae</span> <span class='ocrx_word' id='word_1_62' title='bbox 1278 1570 1342 1629; x_wconf 74' lang='lat' dir='ltr'>oris</span> <span class='ocrx_word' id='word_1_63' title='bbox 1360 1570 1427 1629; x_wconf 76' lang='lat' dir='ltr'>sive</span> <span class='ocrx_word' id='word_1_64' title='bbox 1447 1567 1627 1649; x_wconf 79' lang='lat' dir='ltr'>ubicunque</span> <span class='ocrx_word' id='word_1_65' title='bbox 1646 1566 1681 1628; x_wconf 90' lang='lat' dir='ltr'>hi</span> <span class='ocrx_word' id='word_1_66' title='bbox 1699 1584 1773 1629; x_wconf 91' lang='lat' dir='ltr'>sunt</span> <span class='ocrx_word' id='word_1_67' title='bbox 1786 1565 1973 1650; x_wconf 89' lang='lat' dir='ltr'>quaerendi,</span> 
     </span>
     <span class='ocr_line' id='line_1_9' title="bbox 791 1671 1974 1757; baseline -0.003 -20"><span class='ocrx_word' id='word_1_68' title='bbox 791 1692 956 1757; x_wconf 57' lang='lat' dir='ltr'>arreptum</span> <span class='ocrx_word' id='word_1_69' title='bbox 989 1673 1085 1735; x_wconf 75' lang='lat' dir='ltr'>inisse</span> <span class='ocrx_word' id='word_1_70' title='bbox 1116 1692 1242 1734; x_wconf 81' lang='lat' dir='ltr'>carmen</span> <span class='ocrx_word' id='word_1_71' title='bbox 1277 1671 1361 1754; x_wconf 81' lang='lat' dir='ltr'>qnod</span> <span class='ocrx_word' id='word_1_72' title='bbox 1392 1671 1431 1734; x_wconf 86' lang='lat' dir='ltr'>ad</span> <span class='ocrx_word' id='word_1_73' title='bbox 1462 1688 1612 1734; x_wconf 76' lang='lat' dir='ltr'>eventum</span> <span class='ocrx_word' id='word_1_74' title='bbox 1638 1672 1786 1735; x_wconf 83' lang='lat' dir='ltr'>t&#39;estinare</span> <span class='ocrx_word' id='word_1_75' title='bbox 1809 1692 1847 1734; x_wconf 90' lang='lat' dir='ltr'>ne</span> <span class='ocrx_word' id='word_1_76' title='bbox 1870 1677 1974 1755; x_wconf 85' lang='lat' dir='ltr'>posset</span> 
     </span>
     <span class='ocr_line' id='line_1_10' title="bbox 792 1775 1972 1861; baseline 0 -22"><span class='ocrx_word' id='word_1_77' title='bbox 792 1778 939 1861; x_wconf 66' lang='lat' dir='ltr'>quidem,</span> <span class='ocrx_word' id='word_1_78' title='bbox 975 1798 1047 1839; x_wconf 71' lang='lat' dir='ltr'>crim</span> <span class='ocrx_word' id='word_1_79' title='bbox 1083 1781 1195 1860; x_wconf 86' lang='lat' dir='ltr'>ingens</span> <span class='ocrx_word' id='word_1_80' title='bbox 1231 1775 1287 1839; x_wconf 85' lang='lat' dir='ltr'>illa</span> <span class='ocrx_word' id='word_1_81' title='bbox 1320 1777 1552 1859; x_wconf 81' lang='lat' dir='ltr'>bominumque</span> <span class='ocrx_word' id='word_1_82' title='bbox 1586 1776 1780 1860; x_wconf 87' lang='lat' dir='ltr'>deorumque</span> <span class='ocrx_word' id='word_1_83' title='bbox 1814 1779 1972 1840; x_wconf 86' lang='lat' dir='ltr'>eontentio</span> 
     </span>
     <span class='ocr_line' id='line_1_11' title="bbox 791 1880 1973 1965; baseline -0.001 -20"><span class='ocrx_word' id='word_1_84' title='bbox 791 1880 915 1945; x_wconf 68' lang='lat' dir='ltr'>nullum</span> <span class='ocrx_word' id='word_1_85' title='bbox 948 1900 1117 1955; x_wconf 76' lang='lat' dir='ltr'>euentum,</span> <span class='ocrx_word' id='word_1_86' title='bbox 1149 1880 1359 1964; x_wconf 90' lang='lat' dir='ltr'>quiquidem</span> <span class='ocrx_word' id='word_1_87' title='bbox 1382 1885 1522 1944; x_wconf 81' lang='lat' dir='ltr'>carmine</span> <span class='ocrx_word' id='word_1_88' title='bbox 1546 1882 1657 1945; x_wconf 79' lang='lat' dir='ltr'>reterri</span> <span class='ocrx_word' id='word_1_89' title='bbox 1680 1897 1802 1965; x_wconf 87' lang='lat' dir='ltr'>posset,</span> <span class='ocrx_word' id='word_1_90' title='bbox 1826 1881 1973 1944; x_wconf 85' lang='lat' dir='ltr'>babuisse</span> 
     </span>
     <span class='ocr_line' id='line_1_12' title="bbox 792 1984 978 2073; baseline -0.016 -23"><span class='ocrx_word' id='word_1_91' title='bbox 792 1984 978 2073; x_wconf 74' lang='lat' dir='ltr'>putaretur?</span> 
     </span>
    </p>

    <p class='ocr_par' dir='ltr' id='par_1_4' title="bbox 789 2088 1973 2804">
     <span class='ocr_line' id='line_1_13' title="bbox 836 2088 1972 2177; baseline 0.003 -28"><span class='ocrx_word' id='word_1_92' title='bbox 836 2094 913 2171; x_wconf 59' lang='lat' dir='ltr'>(pois</span> <span class='ocrx_word' id='word_1_93' title='bbox 944 2090 1048 2155; x_wconf 82' lang='lat' dir='ltr'>credat</span> <span class='ocrx_word' id='word_1_94' title='bbox 1078 2088 1274 2154; x_wconf 82' lang='lat' dir='ltr'>Graecorum</span> <span class='ocrx_word' id='word_1_95' title='bbox 1305 2090 1453 2165; x_wconf 82' lang='lat' dir='ltr'>illorum,</span> <span class='ocrx_word' id='word_1_96' title='bbox 1481 2112 1616 2175; x_wconf 87' lang='lat' dir='ltr'>quorum</span> <span class='ocrx_word' id='word_1_97' title='bbox 1640 2090 1784 2155; x_wconf 83' lang='lat' dir='ltr'>lucidum</span> <span class='ocrx_word' id='word_1_98' title='bbox 1806 2093 1972 2177; x_wconf 79' lang='lat' dir='ltr'>ingenium</span> 
     </span>
     <span class='ocr_line' id='line_1_14' title="bbox 791 2196 1972 2281; baseline -0.004 -19"><span class='ocrx_word' id='word_1_99' title='bbox 791 2199 941 2262; x_wconf 78' lang='lat' dir='ltr'>informia</span> <span class='ocrx_word' id='word_1_100' title='bbox 969 2198 1152 2259; x_wconf 83' lang='lat' dir='ltr'>inconcinna</span> <span class='ocrx_word' id='word_1_101' title='bbox 1175 2196 1307 2258; x_wconf 84' lang='lat' dir='ltr'>obseura</span> <span class='ocrx_word' id='word_1_102' title='bbox 1329 2200 1459 2278; x_wconf 77' lang='lat' dir='ltr'>quaeris</span> <span class='ocrx_word' id='word_1_103' title='bbox 1483 2198 1696 2262; x_wconf 76' lang='lat' dir='ltr'>aversabatur.</span> <span class='ocrx_word' id='word_1_104' title='bbox 1719 2200 1836 2281; x_wconf 84' lang='lat' dir='ltr'>priscos</span> <span class='ocrx_word' id='word_1_105' title='bbox 1858 2196 1972 2260; x_wconf 85' lang='lat' dir='ltr'>abacos</span> 
     </span>
     <span class='ocr_line' id='line_1_15' title="bbox 790 2298 1972 2384; baseline -0.003 -19"><span class='ocrx_word' id='word_1_106' title='bbox 790 2301 972 2366; x_wconf 73' lang='lat' dir='ltr'>istiusmodi</span> <span class='ocrx_word' id='word_1_107' title='bbox 1008 2301 1233 2383; x_wconf 80' lang='lat' dir='ltr'>speciminibus</span> <span class='ocrx_word' id='word_1_108' title='bbox 1268 2304 1346 2363; x_wconf 88' lang='lat' dir='ltr'>artis</span> <span class='ocrx_word' id='word_1_109' title='bbox 1380 2304 1521 2384; x_wconf 78' lang='lat' dir='ltr'>poeticae</span> <span class='ocrx_word' id='word_1_110' title='bbox 1552 2302 1650 2365; x_wconf 81' lang='lat' dir='ltr'>luisse</span> <span class='ocrx_word' id='word_1_111' title='bbox 1681 2298 1862 2364; x_wconf 79' lang='lat' dir='ltr'>contentos?</span> <span class='ocrx_word' id='word_1_112' title='bbox 1895 2299 1972 2378; x_wconf 83' lang='lat' dir='ltr'>Quis</span> 
     </span>
     <span class='ocr_line' id='line_1_16' title="bbox 790 2404 1972 2490; baseline -0.003 -19"><span class='ocrx_word' id='word_1_113' title='bbox 790 2408 895 2471; x_wconf 78' lang='lat' dir='ltr'>crelat</span> <span class='ocrx_word' id='word_1_114' title='bbox 926 2404 1050 2469; x_wconf 85' lang='lat' dir='ltr'>adultos</span> <span class='ocrx_word' id='word_1_115' title='bbox 1080 2404 1168 2468; x_wconf 88' lang='lat' dir='ltr'>illius</span> <span class='ocrx_word' id='word_1_116' title='bbox 1191 2409 1261 2468; x_wconf 79' lang='lat' dir='ltr'>aeri</span> <span class='ocrx_word' id='word_1_117' title='bbox 1286 2426 1400 2490; x_wconf 86' lang='lat' dir='ltr'>pueros</span> <span class='ocrx_word' id='word_1_118' title='bbox 1424 2428 1486 2469; x_wconf 92' lang='lat' dir='ltr'>non</span> <span class='ocrx_word' id='word_1_119' title='bbox 1509 2423 1545 2469; x_wconf 92' lang='lat' dir='ltr'>ut</span> <span class='ocrx_word' id='word_1_120' title='bbox 1571 2405 1720 2490; x_wconf 87' lang='lat' dir='ltr'>puerulos</span> <span class='ocrx_word' id='word_1_121' title='bbox 1742 2424 1864 2470; x_wconf 90' lang='lat' dir='ltr'>nostros</span> <span class='ocrx_word' id='word_1_122' title='bbox 1885 2404 1972 2490; x_wconf 88' lang='lat' dir='ltr'>puel-</span> 
     </span>
     <span class='ocr_line' id='line_1_17' title="bbox 790 2507 1972 2595; baseline 0 -22"><span class='ocrx_word' id='word_1_123' title='bbox 790 2509 898 2595; x_wconf 82' lang='lat' dir='ltr'>lasque</span> <span class='ocrx_word' id='word_1_124' title='bbox 922 2507 1037 2573; x_wconf 84' lang='lat' dir='ltr'>sabulis</span> <span class='ocrx_word' id='word_1_125' title='bbox 1061 2510 1301 2572; x_wconf 80' lang='lat' dir='ltr'>romanensibus</span> <span class='ocrx_word' id='word_1_126' title='bbox 1323 2513 1463 2573; x_wconf 86' lang='lat' dir='ltr'>intentas</span> <span class='ocrx_word' id='word_1_127' title='bbox 1486 2528 1559 2573; x_wconf 90' lang='lat' dir='ltr'>ante</span> <span class='ocrx_word' id='word_1_128' title='bbox 1582 2514 1689 2574; x_wconf 88' lang='lat' dir='ltr'>omnia</span> <span class='ocrx_word' id='word_1_129' title='bbox 1711 2514 1791 2575; x_wconf 84' lang='lat' dir='ltr'>scire</span> <span class='ocrx_word' id='word_1_130' title='bbox 1814 2513 1972 2595; x_wconf 81' lang='lat' dir='ltr'>cupivisse</span> 
     </span>
     <span class='ocr_line' id='line_1_18' title="bbox 791 2614 1973 2700; baseline 0 -21"><span class='ocrx_word' id='word_1_131' title='bbox 791 2637 884 2700; x_wconf 77' lang='lat' dir='ltr'>quem</span> <span class='ocrx_word' id='word_1_132' title='bbox 915 2618 1034 2678; x_wconf 82' lang='lat' dir='ltr'>exitum</span> <span class='ocrx_word' id='word_1_133' title='bbox 1061 2614 1246 2677; x_wconf 85' lang='lat' dir='ltr'>habuissent</span> <span class='ocrx_word' id='word_1_134' title='bbox 1270 2635 1320 2677; x_wconf 91' lang='lat' dir='ltr'>res</span> <span class='ocrx_word' id='word_1_135' title='bbox 1342 2615 1507 2699; x_wconf 84' lang='lat' dir='ltr'>quaesibi</span> <span class='ocrx_word' id='word_1_136' title='bbox 1531 2633 1744 2691; x_wconf 86' lang='lat' dir='ltr'>narrarentur,</span> <span class='ocrx_word' id='word_1_137' title='bbox 1768 2615 1973 2679; x_wconf 77' lang='lat' dir='ltr'>Menelausne</span> 
     </span>
     <span class='ocr_line' id='line_1_19' title="bbox 789 2718 1651 2804; baseline -0.001 -21"><span class='ocrx_word' id='word_1_138' title='bbox 789 2740 846 2783; x_wconf 81' lang='lat' dir='ltr'>eoa</span> <span class='ocrx_word' id='word_1_139' title='bbox 870 2718 1007 2793; x_wconf 84' lang='lat' dir='ltr'>Helena,</span> <span class='ocrx_word' id='word_1_140' title='bbox 1032 2718 1150 2782; x_wconf 80' lang='lat' dir='ltr'>Achaei</span> <span class='ocrx_word' id='word_1_141' title='bbox 1174 2722 1241 2801; x_wconf 87' lang='lat' dir='ltr'>ipsa</span> <span class='ocrx_word' id='word_1_142' title='bbox 1266 2724 1343 2783; x_wconf 92' lang='lat' dir='ltr'>urbe</span> <span class='ocrx_word' id='word_1_143' title='bbox 1366 2736 1512 2783; x_wconf 84' lang='lat' dir='ltr'>essentne</span> <span class='ocrx_word' id='word_1_144' title='bbox 1535 2718 1651 2804; x_wconf 76' lang='lat' dir='ltr'>potiti?</span> 
     </span>
    </p>

    <p class='ocr_par' dir='ltr' id='par_1_5' title="bbox 785 2823 1971 3728">
     <span class='ocr_line' id='line_1_20' title="bbox 834 2823 1971 2910; baseline 0.001 -23"><span class='ocrx_word' id='word_1_145' title='bbox 834 2824 903 2909; x_wconf 71' lang='lat' dir='ltr'>ligo</span> <span class='ocrx_word' id='word_1_146' title='bbox 934 2840 1017 2887; x_wconf 85' lang='lat' dir='ltr'>certe</span> <span class='ocrx_word' id='word_1_147' title='bbox 1047 2823 1137 2887; x_wconf 92' lang='lat' dir='ltr'>illam</span> <span class='ocrx_word' id='word_1_148' title='bbox 1168 2827 1351 2907; x_wconf 84' lang='lat' dir='ltr'>opinionem</span> <span class='ocrx_word' id='word_1_149' title='bbox 1381 2846 1457 2889; x_wconf 77' lang='lat' dir='ltr'>tero</span> <span class='ocrx_word' id='word_1_150' title='bbox 1479 2828 1576 2888; x_wconf 86' lang='lat' dir='ltr'>nimis</span> <span class='ocrx_word' id='word_1_151' title='bbox 1598 2829 1759 2910; x_wconf 85' lang='lat' dir='ltr'>nimisque</span> <span class='ocrx_word' id='word_1_152' title='bbox 1781 2825 1971 2889; x_wconf 87' lang='lat' dir='ltr'>dissimilem</span> 
     </span>
     <span class='ocr_line' id='line_1_21' title="bbox 789 2927 1970 3016; baseline 0.002 -25"><span class='ocrx_word' id='word_1_153' title='bbox 789 2928 879 2992; x_wconf 74' lang='lat' dir='ltr'>druco.</span> <span class='ocrx_word' id='word_1_154' title='bbox 912 2928 1000 3007; x_wconf 78' lang='lat' dir='ltr'>Quol</span> <span class='ocrx_word' id='word_1_155' title='bbox 1033 2949 1106 2991; x_wconf 87' lang='lat' dir='ltr'>cum</span> <span class='ocrx_word' id='word_1_156' title='bbox 1137 2927 1294 3012; x_wconf 85' lang='lat' dir='ltr'>profiteor,</span> <span class='ocrx_word' id='word_1_157' title='bbox 1318 2932 1453 2992; x_wconf 91' lang='lat' dir='ltr'>minime</span> <span class='ocrx_word' id='word_1_158' title='bbox 1475 2928 1575 2994; x_wconf 89' lang='lat' dir='ltr'>simul</span> <span class='ocrx_word' id='word_1_159' title='bbox 1597 2934 1755 3016; x_wconf 87' lang='lat' dir='ltr'>impugno</span> <span class='ocrx_word' id='word_1_160' title='bbox 1778 2933 1970 2994; x_wconf 86' lang='lat' dir='ltr'>sententiam</span> 
     </span>
     <span class='ocr_line' id='line_1_22' title="bbox 788 3032 1970 3119; baseline 0.005 -26"><span class='ocrx_word' id='word_1_161' title='bbox 788 3054 883 3118; x_wconf 79' lang='lat' dir='ltr'>qutun</span> <span class='ocrx_word' id='word_1_162' title='bbox 915 3034 953 3098; x_wconf 75' lang='lat' dir='ltr'>ste</span> <span class='ocrx_word' id='word_1_163' title='bbox 982 3054 1063 3117; x_wconf 86' lang='lat' dir='ltr'>equo</span> <span class='ocrx_word' id='word_1_164' title='bbox 1093 3032 1201 3119; x_wconf 91' lang='lat' dir='ltr'>ligneo</span> <span class='ocrx_word' id='word_1_165' title='bbox 1231 3036 1306 3098; x_wconf 87' lang='lat' dir='ltr'>iecit</span> <span class='ocrx_word' id='word_1_166' title='bbox 1337 3033 1555 3099; x_wconf 81' lang='lat' dir='ltr'>bluellenboff.</span> <span class='ocrx_word' id='word_1_167' title='bbox 1587 3034 1691 3100; x_wconf 90' lang='lat' dir='ltr'>Immo</span> <span class='ocrx_word' id='word_1_168' title='bbox 1722 3044 1789 3100; x_wconf 89' lang='lat' dir='ltr'>tam</span> <span class='ocrx_word' id='word_1_169' title='bbox 1811 3037 1970 3100; x_wconf 81' lang='lat' dir='ltr'>invictum</span> 
     </span>
     <span class='ocr_line' id='line_1_23' title="bbox 787 3139 1970 3226; baseline 0 -22"><span class='ocrx_word' id='word_1_170' title='bbox 787 3157 834 3205; x_wconf 82' lang='lat' dir='ltr'>cst</span> <span class='ocrx_word' id='word_1_171' title='bbox 865 3145 948 3218; x_wconf 65' lang='lat' dir='ltr'>isius</span> <span class='ocrx_word' id='word_1_172' title='bbox 978 3139 1058 3203; x_wconf 85' lang='lat' dir='ltr'>illud</span> <span class='ocrx_word' id='word_1_173' title='bbox 1089 3143 1196 3218; x_wconf 63' lang='grc' dir='ltr'><em>βραχὺ</em></span> <span class='ocrx_word' id='word_1_174' title='bbox 1222 3143 1273 3203; x_wconf 74' lang='grc' dir='ltr'>καὶ</span> <span class='ocrx_word' id='word_1_175' title='bbox 1298 3140 1563 3217; x_wconf 73' lang='grc' dir='ltr'>ξυνεστμμμὲνεν</span> <span class='ocrx_word' id='word_1_176' title='bbox 1587 3163 1650 3226; x_wconf 93' lang='lat' dir='ltr'>quo</span> <span class='ocrx_word' id='word_1_177' title='bbox 1673 3142 1821 3207; x_wconf 78' lang='lat' dir='ltr'>fabellam</span> <span class='ocrx_word' id='word_1_178' title='bbox 1843 3146 1970 3206; x_wconf 88' lang='lat' dir='ltr'>inanem</span> 
     </span>
     <span class='ocr_line' id='line_1_24' title="bbox 788 3246 1970 3333; baseline 0.002 -23"><span class='ocrx_word' id='word_1_179' title='bbox 788 3249 921 3330; x_wconf 85' lang='lat' dir='ltr'>petivit,</span> <span class='ocrx_word' id='word_1_180' title='bbox 953 3260 989 3308; x_wconf 92' lang='lat' dir='ltr'>ut</span> <span class='ocrx_word' id='word_1_181' title='bbox 1012 3249 1059 3320; x_wconf 87' lang='lat' dir='ltr'>ei,</span> <span class='ocrx_word' id='word_1_182' title='bbox 1084 3249 1139 3329; x_wconf 92' lang='lat' dir='ltr'>qui</span> <span class='ocrx_word' id='word_1_183' title='bbox 1163 3250 1266 3330; x_wconf 85' lang='lat' dir='ltr'>ipsam</span> <span class='ocrx_word' id='word_1_184' title='bbox 1290 3249 1447 3330; x_wconf 79' lang='lat' dir='ltr'>originem</span> <span class='ocrx_word' id='word_1_185' title='bbox 1470 3251 1545 3331; x_wconf 90' lang='lat' dir='ltr'>equi</span> <span class='ocrx_word' id='word_1_186' title='bbox 1566 3246 1668 3333; x_wconf 89' lang='lat' dir='ltr'>lignei</span> <span class='ocrx_word' id='word_1_187' title='bbox 1691 3270 1710 3311; x_wconf 91' lang='lat' dir='ltr'>a</span> <span class='ocrx_word' id='word_1_188' title='bbox 1733 3247 1970 3312; x_wconf 84' lang='lat' dir='ltr'>Muellenboffio</span> 
     </span>
     <span class='ocr_line' id='line_1_25' title="bbox 787 3349 1971 3435; baseline -0.001 -19"><span class='ocrx_word' id='word_1_189' title='bbox 787 3349 950 3416; x_wconf 78' lang='lat' dir='ltr'>Caueroue</span> <span class='ocrx_word' id='word_1_190' title='bbox 974 3350 1146 3414; x_wconf 88' lang='lat' dir='ltr'>indicatam</span> <span class='ocrx_word' id='word_1_191' title='bbox 1170 3372 1236 3414; x_wconf 86' lang='lat' dir='ltr'>esse</span> <span class='ocrx_word' id='word_1_192' title='bbox 1262 3351 1449 3434; x_wconf 86' lang='lat' dir='ltr'>persuadere</span> <span class='ocrx_word' id='word_1_193' title='bbox 1471 3353 1532 3414; x_wconf 91' lang='lat' dir='ltr'>sibi</span> <span class='ocrx_word' id='word_1_194' title='bbox 1556 3363 1707 3435; x_wconf 85' lang='lat' dir='ltr'>nequeat,</span> <span class='ocrx_word' id='word_1_195' title='bbox 1731 3356 1904 3417; x_wconf 89' lang='lat' dir='ltr'>necessario</span> <span class='ocrx_word' id='word_1_196' title='bbox 1927 3355 1971 3416; x_wconf 89' lang='lat' dir='ltr'>sit</span> 
     </span>
     <span class='ocr_line' id='line_1_26' title="bbox 786 3454 1970 3542; baseline 0.005 -28"><span class='ocrx_word' id='word_1_197' title='bbox 786 3455 999 3539; x_wconf 83' lang='lat' dir='ltr'>quaerendum</span> <span class='ocrx_word' id='word_1_198' title='bbox 1027 3455 1110 3538; x_wconf 84' lang='lat' dir='ltr'>quod</span> <span class='ocrx_word' id='word_1_199' title='bbox 1132 3459 1201 3538; x_wconf 91' lang='lat' dir='ltr'>ipse</span> <span class='ocrx_word' id='word_1_200' title='bbox 1224 3454 1411 3538; x_wconf 88' lang='lat' dir='ltr'>respondeat</span> <span class='ocrx_word' id='word_1_201' title='bbox 1435 3456 1621 3541; x_wconf 81' lang='lat' dir='ltr'>rogantibus</span> <span class='ocrx_word' id='word_1_202' title='bbox 1644 3456 1727 3520; x_wconf 91' lang='lat' dir='ltr'>unde</span> <span class='ocrx_word' id='word_1_203' title='bbox 1749 3460 1853 3542; x_wconf 89' lang='lat' dir='ltr'>igitur</span> <span class='ocrx_word' id='word_1_204' title='bbox 1874 3457 1970 3520; x_wconf 89' lang='lat' dir='ltr'>ducta</span> 
     </span>
     <span class='ocr_line' id='line_1_27' title="bbox 785 3559 1967 3647; baseline 0.003 -25"><span class='ocrx_word' id='word_1_205' title='bbox 785 3563 827 3622; x_wconf 86' lang='lat' dir='ltr'>sit</span> <span class='ocrx_word' id='word_1_206' title='bbox 847 3559 980 3624; x_wconf 84' lang='lat' dir='ltr'>mirifica</span> <span class='ocrx_word' id='word_1_207' title='bbox 1000 3563 1061 3624; x_wconf 89' lang='lat' dir='ltr'>ista</span> <span class='ocrx_word' id='word_1_208' title='bbox 1081 3559 1336 3636; x_wconf 86' lang='lat' dir='ltr'>narratiuncula,</span> <span class='ocrx_word' id='word_1_209' title='bbox 1356 3582 1451 3645; x_wconf 88' lang='lat' dir='ltr'>quam</span> <span class='ocrx_word' id='word_1_210' title='bbox 1473 3561 1614 3645; x_wconf 88' lang='lat' dir='ltr'>puerulis</span> <span class='ocrx_word' id='word_1_211' title='bbox 1633 3560 1805 3645; x_wconf 85' lang='lat' dir='ltr'>stultisque</span> <span class='ocrx_word' id='word_1_212' title='bbox 1817 3565 1967 3647; x_wconf 83' lang='lat' dir='ltr'>scriptam</span> 
     </span>
     <span class='ocr_line' id='line_1_28' title="bbox 785 3664 1045 3728; baseline 0 0"><span class='ocrx_word' id='word_1_213' title='bbox 785 3668 854 3728; x_wconf 90' lang='lat' dir='ltr'>iure</span> <span class='ocrx_word' id='word_1_214' title='bbox 877 3664 931 3728; x_wconf 90' lang='lat' dir='ltr'>ille</span> <span class='ocrx_word' id='word_1_215' title='bbox 954 3665 1045 3728; x_wconf 86' lang='lat' dir='ltr'>dixit.</span> 
     </span>
    </p>

    <p class='ocr_par' dir='ltr' id='par_1_6' title="bbox 780 3769 1968 4379">
     <span class='ocr_line' id='line_1_29' title="bbox 830 3769 1967 3856; baseline 0.003 -24"><span class='ocrx_word' id='word_1_216' title='bbox 830 3769 919 3848; x_wconf 76' lang='lat' dir='ltr'>Quod</span> <span class='ocrx_word' id='word_1_217' title='bbox 938 3791 976 3834; x_wconf 88' lang='lat' dir='ltr'>ne</span> <span class='ocrx_word' id='word_1_218' title='bbox 995 3773 1094 3854; x_wconf 90' lang='lat' dir='ltr'>impie</span> <span class='ocrx_word' id='word_1_219' title='bbox 1116 3770 1167 3835; x_wconf 86' lang='lat' dir='ltr'>vel</span> <span class='ocrx_word' id='word_1_220' title='bbox 1185 3792 1241 3855; x_wconf 82' lang='lat' dir='ltr'>per</span> <span class='ocrx_word' id='word_1_221' title='bbox 1260 3769 1454 3834; x_wconf 90' lang='lat' dir='ltr'>calumniam</span> <span class='ocrx_word' id='word_1_222' title='bbox 1474 3770 1596 3834; x_wconf 86' lang='lat' dir='ltr'>dictum</span> <span class='ocrx_word' id='word_1_223' title='bbox 1612 3770 1769 3847; x_wconf 87' lang='lat' dir='ltr'>videatur,</span> <span class='ocrx_word' id='word_1_224' title='bbox 1782 3777 1967 3856; x_wconf 88' lang='lat' dir='ltr'>reputemus</span> 
     </span>
     <span class='ocr_line' id='line_1_30' title="bbox 784 3875 1968 3961; baseline 0.001 -21"><span class='ocrx_word' id='word_1_225' title='bbox 784 3883 909 3960; x_wconf 86' lang='lat' dir='ltr'>oportet</span> <span class='ocrx_word' id='word_1_226' title='bbox 939 3896 1034 3959; x_wconf 92' lang='lat' dir='ltr'>quam</span> <span class='ocrx_word' id='word_1_227' title='bbox 1067 3879 1107 3939; x_wconf 90' lang='lat' dir='ltr'>sit</span> <span class='ocrx_word' id='word_1_228' title='bbox 1132 3875 1275 3940; x_wconf 83' lang='lat' dir='ltr'>mirifica.</span> <span class='ocrx_word' id='word_1_229' title='bbox 1299 3876 1336 3939; x_wconf 93' lang='lat' dir='ltr'>ld</span> <span class='ocrx_word' id='word_1_230' title='bbox 1361 3875 1444 3959; x_wconf 91' lang='lat' dir='ltr'>quod</span> <span class='ocrx_word' id='word_1_231' title='bbox 1467 3898 1505 3939; x_wconf 83' lang='lat' dir='ltr'>ex</span> <span class='ocrx_word' id='word_1_232' title='bbox 1526 3879 1596 3959; x_wconf 86' lang='lat' dir='ltr'>ipso</span> <span class='ocrx_word' id='word_1_233' title='bbox 1620 3876 1761 3941; x_wconf 88' lang='lat' dir='ltr'>Homero</span> <span class='ocrx_word' id='word_1_234' title='bbox 1786 3880 1892 3940; x_wconf 90' lang='lat' dir='ltr'>minus</span> <span class='ocrx_word' id='word_1_235' title='bbox 1916 3898 1968 3961; x_wconf 89' lang='lat' dir='ltr'>ap·</span> 
     </span>
     <span class='ocr_line' id='line_1_31' title="bbox 784 3978 1966 4065; baseline 0.002 -23"><span class='ocrx_word' id='word_1_236' title='bbox 784 3987 888 4064; x_wconf 89' lang='lat' dir='ltr'>paret;</span> <span class='ocrx_word' id='word_1_237' title='bbox 922 3978 1007 4042; x_wconf 88' lang='lat' dir='ltr'>nulla</span> <span class='ocrx_word' id='word_1_238' title='bbox 1039 3983 1124 4042; x_wconf 90' lang='lat' dir='ltr'>enim</span> <span class='ocrx_word' id='word_1_239' title='bbox 1155 3983 1187 4042; x_wconf 91' lang='lat' dir='ltr'>in</span> <span class='ocrx_word' id='word_1_240' title='bbox 1217 3980 1334 4055; x_wconf 89' lang='lat' dir='ltr'>Iliade,</span> <span class='ocrx_word' id='word_1_241' title='bbox 1368 4000 1437 4043; x_wconf 89' lang='lat' dir='ltr'>rara</span> <span class='ocrx_word' id='word_1_242' title='bbox 1466 3982 1500 4042; x_wconf 92' lang='lat' dir='ltr'>in</span> <span class='ocrx_word' id='word_1_243' title='bbox 1530 3979 1671 4064; x_wconf 69' lang='lat' dir='ltr'>Odyssea</span> <span class='ocrx_word' id='word_1_244' title='bbox 1693 4001 1834 4065; x_wconf 89' lang='lat' dir='ltr'>quaeque</span> <span class='ocrx_word' id='word_1_245' title='bbox 1858 3984 1966 4065; x_wconf 90' lang='lat' dir='ltr'>paucis</span> 
     </span>
     <span class='ocr_line' id='line_1_32' title="bbox 780 4083 1966 4170; baseline 0.003 -22"><span class='ocrx_word' id='word_1_246' title='bbox 780 4083 888 4148; x_wconf 84' lang='lat' dir='ltr'>lituris</span> <span class='ocrx_word' id='word_1_247' title='bbox 914 4087 1070 4148; x_wconf 90' lang='lat' dir='ltr'>removeri</span> <span class='ocrx_word' id='word_1_248' title='bbox 1092 4089 1214 4169; x_wconf 84' lang='lat' dir='ltr'>possint</span> <span class='ocrx_word' id='word_1_249' title='bbox 1237 4089 1311 4169; x_wconf 90' lang='lat' dir='ltr'>equi</span> <span class='ocrx_word' id='word_1_250' title='bbox 1333 4085 1434 4170; x_wconf 85' lang='lat' dir='ltr'>lignei</span> <span class='ocrx_word' id='word_1_251' title='bbox 1457 4093 1531 4147; x_wconf 86' lang='lat' dir='ltr'>sunt</span> <span class='ocrx_word' id='word_1_252' title='bbox 1558 4089 1694 4170; x_wconf 83' lang='lat' dir='ltr'>vestigia</span> <span class='ocrx_word' id='word_1_253' title='bbox 1710 4087 1742 4165; x_wconf 88' lang='lat'>¹).</span> <span class='ocrx_word' id='word_1_254' title='bbox 1768 4084 1966 4153; x_wconf 79' lang='lat' dir='ltr'>Commemo</span> 
     </span>
     <span class='ocr_line' id='line_1_33' title="bbox 782 4190 1967 4274; baseline -0.001 -20"><span class='ocrx_word' id='word_1_255' title='bbox 782 4198 871 4254; x_wconf 88' lang='lat' dir='ltr'>ratur</span> <span class='ocrx_word' id='word_1_256' title='bbox 889 4197 1014 4265; x_wconf 87' lang='lat' dir='ltr'>autem,</span> <span class='ocrx_word' id='word_1_257' title='bbox 1034 4210 1095 4253; x_wconf 91' lang='lat' dir='ltr'>non</span> <span class='ocrx_word' id='word_1_258' title='bbox 1116 4190 1306 4254; x_wconf 86' lang='lat' dir='ltr'>describitur</span> <span class='ocrx_word' id='word_1_259' title='bbox 1313 4212 1321 4267; x_wconf 89' lang='lat'>;</span> <span class='ocrx_word' id='word_1_260' title='bbox 1343 4190 1455 4254; x_wconf 80' lang='lat' dir='ltr'>Troiae</span> <span class='ocrx_word' id='word_1_261' title='bbox 1475 4190 1596 4254; x_wconf 84' lang='lat' dir='ltr'>excidio</span> <span class='ocrx_word' id='word_1_262' title='bbox 1616 4191 1774 4274; x_wconf 90' lang='lat' dir='ltr'>quomodo</span> <span class='ocrx_word' id='word_1_263' title='bbox 1784 4194 1967 4256; x_wconf 84' lang='lat' dir='ltr'>inservierit</span> 
     </span>
     <span class='ocr_line' id='line_1_34' title="bbox 781 4293 1683 4379; baseline -0.001 -20"><span class='ocrx_word' id='word_1_264' title='bbox 781 4307 838 4359; x_wconf 90' lang='lat' dir='ltr'>aut</span> <span class='ocrx_word' id='word_1_265' title='bbox 861 4298 989 4360; x_wconf 91' lang='lat' dir='ltr'>omnino</span> <span class='ocrx_word' id='word_1_266' title='bbox 1013 4315 1074 4358; x_wconf 89' lang='lat' dir='ltr'>non</span> <span class='ocrx_word' id='word_1_267' title='bbox 1098 4294 1256 4358; x_wconf 88' lang='lat' dir='ltr'>indicatur</span> <span class='ocrx_word' id='word_1_268' title='bbox 1279 4303 1336 4357; x_wconf 90' lang='lat' dir='ltr'>aut</span> <span class='ocrx_word' id='word_1_269' title='bbox 1359 4315 1472 4379; x_wconf 86' lang='lat' dir='ltr'>parum</span> <span class='ocrx_word' id='word_1_270' title='bbox 1496 4293 1683 4358; x_wconf 87' lang='lat' dir='ltr'>luculenter.</span> 
     </span>
    </p>

    <p class='ocr_par' dir='ltr' id='par_1_7' title="bbox 780 4397 1966 4691">
     <span class='ocr_line' id='line_1_35' title="bbox 827 4397 1966 4483; baseline 0.004 -23"><span class='ocrx_word' id='word_1_271' title='bbox 827 4401 949 4463; x_wconf 82' lang='lat' dir='ltr'>Aeneae</span> <span class='ocrx_word' id='word_1_272' title='bbox 973 4398 1104 4462; x_wconf 88' lang='lat' dir='ltr'>demum</span> <span class='ocrx_word' id='word_1_273' title='bbox 1127 4398 1211 4481; x_wconf 88' lang='lat' dir='ltr'>apud</span> <span class='ocrx_word' id='word_1_274' title='bbox 1235 4397 1416 4483; x_wconf 87' lang='lat' dir='ltr'>Vergilium</span> <span class='ocrx_word' id='word_1_275' title='bbox 1438 4402 1617 4463; x_wconf 87' lang='lat' dir='ltr'>narratione</span> <span class='ocrx_word' id='word_1_276' title='bbox 1642 4401 1788 4463; x_wconf 89' lang='lat' dir='ltr'>machina</span> <span class='ocrx_word' id='word_1_277' title='bbox 1806 4399 1863 4464; x_wconf 91' lang='lat' dir='ltr'>illa</span> <span class='ocrx_word' id='word_1_278' title='bbox 1881 4400 1966 4465; x_wconf 85' lang='lat' dir='ltr'>clara</span> 
     </span>
     <span class='ocr_line' id='line_1_36' title="bbox 780 4500 1965 4588; baseline 0.005 -26"><span class='ocrx_word' id='word_1_279' title='bbox 780 4503 813 4564; x_wconf 93' lang='lat' dir='ltr'>in</span> <span class='ocrx_word' id='word_1_280' title='bbox 845 4500 915 4564; x_wconf 91' lang='lat' dir='ltr'>luce</span> <span class='ocrx_word' id='word_1_281' title='bbox 948 4506 1084 4584; x_wconf 90' lang='lat' dir='ltr'>ponitur.</span> <span class='ocrx_word' id='word_1_282' title='bbox 1117 4501 1245 4585; x_wconf 83' lang='lat' dir='ltr'>Equum</span> <span class='ocrx_word' id='word_1_283' title='bbox 1276 4506 1431 4565; x_wconf 88' lang='lat' dir='ltr'>nimirum</span> <span class='ocrx_word' id='word_1_284' title='bbox 1461 4506 1625 4587; x_wconf 87' lang='lat' dir='ltr'>ingentem</span> <span class='ocrx_word' id='word_1_285' title='bbox 1657 4511 1825 4588; x_wconf 85' lang='lat' dir='ltr'>postquam</span> <span class='ocrx_word' id='word_1_286' title='bbox 1850 4502 1965 4570; x_wconf 86' lang='lat' dir='ltr'>Graeci</span> 
     </span>
     <span class='ocr_line' id='line_1_37' title="bbox 780 4605 1965 4691; baseline 0.006 -23"><span class='ocrx_word' id='word_1_287' title='bbox 780 4615 988 4668; x_wconf 75' lang='lat' dir='ltr'>extruxerunt</span> <span class='ocrx_word' id='word_1_288' title='bbox 1014 4627 1172 4690; x_wconf 88' lang='lat' dir='ltr'>manuque</span> <span class='ocrx_word' id='word_1_289' title='bbox 1194 4605 1368 4670; x_wconf 87' lang='lat' dir='ltr'>lectissima</span> <span class='ocrx_word' id='word_1_290' title='bbox 1391 4606 1581 4691; x_wconf 88' lang='lat' dir='ltr'>implerunt,</span> <span class='ocrx_word' id='word_1_291' title='bbox 1606 4612 1718 4672; x_wconf 89' lang='lat' dir='ltr'>castris</span> <span class='ocrx_word' id='word_1_292' title='bbox 1740 4612 1877 4675; x_wconf 87' lang='lat' dir='ltr'>incensis</span> <span class='ocrx_word' id='word_1_293' title='bbox 1900 4609 1965 4675; x_wconf 87' lang='lat' dir='ltr'>alta</span> 
     </span>
    </p>
   </div>
   <div class='ocr_carea' id='block_1_4' title="bbox 819 4843 1664 4910">
    <p class='ocr_par' dir='ltr' id='par_1_8' title="bbox 819 4843 1664 4910">
     <span class='ocr_line' id='line_1_38' title="bbox 819 4843 1664 4910; baseline 0.002 -18"><span class='ocrx_word' id='word_1_294' title='bbox 819 4851 840 4898; x_wconf 70' lang='lat' dir='ltr'>l,</span> <span class='ocrx_word' id='word_1_295' title='bbox 858 4847 894 4892; x_wconf 80' lang='lat' dir='ltr'>(bl</span> <span class='ocrx_word' id='word_1_296' title='bbox 922 4843 1085 4902; x_wconf 68' lang='lat'>3271-284,</span> <span class='ocrx_word' id='word_1_297' title='bbox 1103 4847 1263 4902; x_wconf 72' lang='lat' dir='ltr'>stoa-sao,</span> <span class='ocrx_word' id='word_1_298' title='bbox 1283 4848 1451 4903; x_wconf 55' lang='lat' dir='ltr'>assa-ss&amp;</span> <span class='ocrx_word' id='word_1_299' title='bbox 1470 4847 1508 4894; x_wconf 83' lang='lat' dir='ltr'>vid</span> <span class='ocrx_word' id='word_1_300' title='bbox 1536 4864 1587 4910; x_wconf 85' lang='lat' dir='ltr'>pag.</span> <span class='ocrx_word' id='word_1_301' title='bbox 1610 4851 1664 4896; x_wconf 78' lang='lat' dir='ltr'>ldl.</span> 
     </span>
    </p>
   </div>
   <div class='ocr_carea' id='block_1_5' title="bbox 0 0 2568 6150">
    <p class='ocr_par' dir='ltr' id='par_1_9' title="bbox 0 0 2568 6150">
     <span class='ocr_line' id='line_1_39' title="bbox 0 0 2568 6150; baseline 0 4"><span class='ocrx_word' id='word_1_302' title='bbox 0 0 2568 6150; x_wconf 95' lang='lat' dir='ltr'> </span> 
     </span>
    </p>
   </div>
  </div>
 </body>
</html>
