5125 6150
945 791 987 837 nn
1011 789 1144 837 uranos
1167 787 1435 836 scnsnrninusns.
1714 771 1779 836 283

581 958 692 1035 tituli,
712 956 831 1042 quibus
849 954 975 1041 longior
995 957 1201 1039 praescriptio
1218 956 1448 1038 praemittitur,
1462 955 1574 1017 ceteris
1587 956 1780 1038 antiquiores

583 1086 650 1130 csso
681 1062 844 1128 ridentur.
878 1060 965 1140 Quae
997 1059 1167 1145 explicatio
1195 1058 1368 1143 probabilis
1392 1058 1566 1123 admodum
1590 1064 1653 1135 est,
1677 1080 1780 1143 neque

585 1170 655 1236 ideo
688 1174 786 1234 certa.
823 1168 929 1231 Possis
960 1169 1058 1231 etiam
1091 1168 1135 1230 sio
1168 1164 1345 1249 explicare:
1372 1163 1476 1242 tituli,
1502 1166 1557 1248 qui
1580 1164 1780 1249 praefectum

588 1278 782 1343 Boeotorum
801 1280 998 1349 memorant,
1019 1273 1132 1338 deinde
1152 1272 1350 1357 praefectum
1372 1271 1475 1347 urbis,
1496 1270 1564 1336 illis
1583 1273 1780 1358 temporibus

589 1385 733 1466 inscripti
764 1387 857 1457 sunt,
893 1401 967 1444 cum
999 1385 1052 1443 τοῦ
1085 1384 1181 1443 κοινοῦ
1215 1385 1273 1442 τῶν
1305 1384 1436 1442 Βοιωτῶν
1462 1379 1569 1442 omnia
1592 1381 1625 1442 in
1649 1377 1779 1443 Boeotia

590 1496 709 1566 essem,
742 1508 815 1551 cum
840 1507 858 1551 a
881 1485 1039 1550 Thebanis
1062 1490 1183 1549 ceterae
1207 1486 1356 1549 civitates
1378 1483 1566 1569 pendcrsut;
1592 1483 1699 1561 tituli,
1724 1487 1780 1568 qui

589 1595 783 1680 praefectum
814 1593 1099 1676 Acraephiensium
1123 1591 1345 1655 tantummodo
1368 1589 1519 1668 laudant,
1543 1588 1675 1655 illorum
1699 1596 1780 1656 tem·

590 1722 700 1786 porum
725 1701 914 1763 memoriam
938 1704 1084 1773 servant,
1109 1717 1184 1760 cum
1202 1695 1295 1760 liberi
1316 1716 1334 1760 a
1354 1695 1511 1761 Thebanis
1532 1696 1779 1780 Acraephicnses

590 1814 706 1883 ssent,
728 1827 803 1871 cum
823 1803 948 1869 nullam
969 1803 1021 1869 vel
1041 1805 1191 1889 exiguam
1212 1805 1279 1866 vim
1299 1802 1430 1866 haberet
1448 1801 1557 1867 foedus
1573 1801 1778 1867 Boeotorum.

592 1912 677 1977 Unde
713 1910 806 1975 facile
840 1909 990 1992 efficitur,
1031 1908 1251 1993 polemarohos
1287 1907 1485 1991 scribasque,
1522 1908 1578 1992 qui
1611 1909 1644 1971 in
1679 1907 1779 1973 altero

587 2038 700 2104 genere
731 2017 979 2100 inscriptionum
1010 2020 1247 2090 enumerantur,
1280 2011 1470 2088 συμπάντων
1502 2014 1633 2076 Βοιωτῶν
1661 2014 1778 2091 fuisse,

586 2123 700 2188 alteros
732 2128 842 2186 contra
872 2120 1166 2206 Acraephiensium.
1198 2118 1270 2184 Non
1301 2118 1545 2195 affirmaverim,
1577 2119 1659 2184 hanc
1681 2119 1779 2204 expli·

584 2230 745 2293 ostionem
780 2246 889 2291 veram
914 2246 997 2303 osse,
1021 2227 1254 2311 gravissimum
1277 2229 1385 2288 tamen
1409 2223 1506 2288 huius
1529 2225 1576 2288 rei
1599 2223 1778 2289 subsidium

584 2336 650 2420 peti
673 2332 807 2398 videtur
831 2353 869 2396 ex
894 2331 1007 2408 titulo,
1032 2352 1050 2395 a
1074 2352 1136 2416 quo
1159 2331 1236 2395 hacc
1261 2330 1437 2414 disputatio
1460 2331 1594 2393 initium
1617 2332 1718 2413 cepit,
1740 2351 1779 2395 ex

583 2441 793 2524 inscriptione
823 2435 895 2503 les
921 2438 937 2501 1
970 2459 1020 2502 no.
1045 2434 1145 2502 2716.
1170 2435 1254 2499 Nam
1277 2434 1555 2520 polemarohorum
1577 2438 1696 2513 trium,
1723 2438 1779 2520 qui

581 2548 615 2610 in
648 2548 753 2630 capite
784 2543 881 2607 huius
915 2542 1004 2607 tituli
1035 2546 1248 2618 recensentur,
1279 2542 1445 2620 Ἀργιλίοις
1478 2541 1638 2611 Λοιονίιιιος
1664 2540 1779 2606 Orcho

582 2653 711 2716 menius
742 2649 841 2714 fuisse
864 2649 1004 2726 videtur,
1028 2670 1089 2713 non
1114 2648 1366 2732 Acraephiensis.
1391 2646 1540 2711 Recurrit
1563 2649 1706 2711 enimin
1732 2650 1779 2711 in-

583 2758 758 2841 scriptione
782 2755 992 2820 Orchomenia
1015 2753 1215 2820 nobilissima
1238 2750 1309 2818 les
1336 2753 1351 2816 1
1378 2774 1427 2817 no.
1454 2751 1572 2838 3206„
1595 2758 1648 2833 (=
1660 2751 1778 2818 Michel

582 2883 635 2927 no.
662 2860 776 2941 1112).
813 2860 904 2940 Quod
939 2859 1028 2925 nullo
1064 2863 1193 2945 negotio
1226 2858 1414 2945 explicatur,
1447 2861 1475 2922 si
1506 2862 1559 2922 τοῦ
1590 2861 1777 2923 κοινοῦ-τῶν

582 2973 716 3031 Βοιωτῶν
737 2967 868 3031 fuerunt
887 2966 922 3030 hi
942 2964 1151 3050 polemarchi,
1171 2965 1391 3040 nullomodo,
1413 2967 1440 3028 si
1459 2964 1752 3049 Acraephiensium.

629 3071 778 3138 Titulum
802 3070 898 3137 illum
916 3070 1158 3138 memorabilem
1179 3071 1430 3137 Orchomenium
1451 3068 1522 3136 IGS
1546 3070 1561 3134 1
1584 3092 1634 3136 no.
1649 3068 1737 3136 3206
1755 3070 1777 3151 ¹)

580 3182 707 3266 equites
742 3177 888 3243 nonnulli
922 3179 1023 3264 lapidi
1057 3178 1157 3243 incidi
1191 3182 1371 3254 iusserunt,
1405 3179 1459 3261 qui
1491 3199 1565 3242 cum
1596 3175 1776 3242 Alexandro

581 3306 660 3371 rege
696 3306 765 3349 rem
799 3287 833 3347 in
868 3286 944 3349 Asia
976 3291 1140 3369 gesserant
1172 3284 1264 3362 („Tol
1296 3283 1412 3356 irre'rn
1444 3282 1489 3346 roi
1520 3284 1549 3346 ἒν
1580 3283 1639 3347 rats
1665 3283 1777 3347 ’Aries

581 3392 845 3471 στρατευσάμενοι
866 3390 1026 3467 βοισιλτῑιτ
1047 3389 1238 3470 Ἀλεξάνδρω
1258 3388 1549 3470 erperaytovroe'b.
1570 3387 1682 3473 Longa
1697 3390 1777 3453 serie

582 3498 682 3564 multi
702 3497 849 3562 homines
869 3504 1114 3578 enumerantur;
1135 3518 1270 3581 quorum
1292 3496 1387 3572 duos,
1410 3494 1542 3559 Θοίνωνοι
1561 3495 1776 3572 raeces

581 3611 616 3669 et
638 3601 828 3667 Μνντίδιιιον
853 3602 1071 3680 Ἀθννοδώοιον,
1094 3603 1127 3666 in
1150 3601 1222 3666 aliis
1241 3601 1402 3686 lapidibus
1422 3600 1578 3665 Boeoticis
1598 3621 1776 3677 recurrere,

581 3712 649 3774 iam
674 3707 858 3773 observavit
882 3707 1109 3793 Dittenbsrger
1132 3708 1183 3785 (ad
1208 3705 1278 3772 les
1305 3706 1319 3768 1
1345 3728 1395 3770 no.
1420 3703 1509 3771 2723
1534 3713 1567 3771 et
1591 3704 1703 3785 3175).
1729 3704 1776 3770 De

580 3820 691 3879 nostro
723 3814 867 3890 homine,
899 3815 933 3876 in
965 3812 1061 3877 titulo
1091 3810 1161 3878 IGS
1194 3813 1210 3876 1
1245 3834 1295 3876 uo.
1321 3809 1409 3876 2716
1440 3815 1631 3889 recurrenti,
1665 3832 1775 3877 vocem

579 3922 718 4005 preinit3
756 3921 819 3983 nisi
855 3919 938 4003 quod
975 3921 1008 3982 in
1046 3918 1173 3995 „Indice
1209 3921 1377 3983 nominum
1409 3920 1644 4003 propriorum'’,
1679 3938 1776 4002 quem

584 4118 781 4128 -———-

614 4241 639 4298 1)
660 4239 731 4287 Hunc
748 4238 848 4287 titulum
866 4238 900 4287 eie
916 4238 1020 4303 explerit
1040 4238 1208 4302 Oittenherger
1226 4254 1297 4288 versu
1312 4242 1392 4287 sexto:
1412 4234 1558 4298 ,Δοριιτίδοις
1572 4236 1776 4301 Μολοιμβῆχιος,

582 4317 758 4387 Πολο]1ύξενος
783 4320 946 4380 Ξενοτίμιος”.
971 4318 1142 4381 Μιιιιέμβιχος
1164 4335 1249 4369 nornen
1273 4320 1398 4384 proprium
1421 4323 1469 4377 est,
1494 4320 1556 4383 quod
1574 4334 1622 4367 non
1639 4318 1685 4366 nisi
1702 4317 1775 4366 semel

580 4402 688 4451 occurrit
710 4402 744 4460 (in
768 4401 923 4467 inscriptione
947 4400 1074 4450 lebadenei
1094 4402 1147 4450 Ios
1167 4403 1179 4449 1
1198 4418 1236 4450 no.
1256 4402 1343 4460 sessa
1363 4400 1517 4449 verisimilior
1535 4404 1571 4449 est
1590 4398 1710 4448 restitutio
1727 4404 1775 4448 Me·

581 4482 724 4548 λάμβιζος)
748 4482 823 4532 Versu
846 4483 948 4548 septimo
975 4480 1146 4545 Ἀντιγονίδας
1168 4481 1322 4547 trucidatos]
1339 4482 1472 4547 suppletur.
1491 4481 1581 4546 Quidni
1599 4480 1774 4547 Σιμον[λίνιος]

577 4566 618 4615 vel
642 4563 825 4629 ΣιμονἜρτιοςῊ
850 4566 944 4614 Nomen
967 4567 996 4613 ed
1021 4581 1063 4614 uos
1085 4566 1194 4630 pervenit
1217 4564 1351 4625 Σιμνρτίον
1369 4563 1483 4613 'Atacino
1502 4563 1661 4625 Ἔρχομτνίον
1678 4565 1773 4626 (IGSl

578 4664 620 4698 no.
645 4648 728 4708 3180).
754 4648 843 4696 Nostro
866 4663 959 4711 quoque
984 4647 1036 4695 loco
1059 4647 1118 4695 civis
1140 4647 1296 4695 Orchomenii
1321 4662 1407 4694 nornen
1427 4645 1565 4709 requiritur.
1584 4646 1774 4695 Admirationem

573 4730 679 4793 deniqne
704 4734 798 4787 moret,
823 4746 876 4778 eum
900 4729 991 4793 equites
1014 4745 1095 4778 ornnes
1118 4728 1290 4794 patronymicie
1313 4728 1474 4792 designentur,
1492 4727 1569 4777 solum
1589 4726 1774 4789 Ἀπολλόδωρον

579 4811 714 4860 Τελέστην
736 4814 779 4872 (ve.
804 4812 845 4872 11)
867 4811 897 4859 eh
919 4811 963 4859 hoc
988 4826 1029 4859 usn
1057 4812 1173 4860 recedere.
1192 4810 1276 4859 Fuitne
1295 4826 1321 4858 re
1339 4825 1395 4858 vere
1412 4807 1543 4858 Τολίττοιο
1560 4810 1584 4859 iu
1603 4810 1694 4875 lapide,
1712 4810 1774 4858 sicut

577 4893 681 4945 tradidit
702 4893 822 4941 Foncert?
