5125 6150
1106 1432 1674 1527 ARISTOPHANEA.

1333 1671 1455 1712 scalpere

1159 1853 1202 1919 H.
1225 1853 1312 1919 VAN
1334 1852 1620 1919 HERWllRDEN.

1293 2159 1485 2196 *muco-

843 2420 963 2508 Magna
997 2440 1121 2505 semper
1154 2417 1304 2503 voluptas
1338 2423 1387 2484 est
1414 2417 1521 2505 legere
1551 2422 1584 2483 et
1615 2418 1754 2504 relegere
1784 2419 1981 2486 immortalis

796 2530 910 2594 comici
929 2527 1029 2592 Attici
1052 2525 1193 2602 fabulas,
1216 2525 1269 2590 sed
1294 2524 1475 2610 duplicatur
1499 2526 1665 2590 utentibus
1688 2524 1856 2590 Leeuweni
1876 2530 1982 2592 nostri

796 2654 906 2699 earum
940 2632 1147 2708 editionibus,
1184 2651 1264 2716 quae
1299 2631 1454 2715 stupenda
1488 2629 1648 2696 celeritate
1683 2652 1751 2695 sese
1785 2633 1981 2717 excipientes

796 2740 953 2826 prodeunt
975 2742 1008 2803 in
1031 2738 1153 2816 lucem3
1177 2743 1266 2802 tanta
1288 2735 1447 2802 excellunt
1469 2758 1544 2802 cnm
1563 2736 1773 2822 praefationes
1792 2743 1864 2802 tum
1883 2738 1981 2806 adno

795 2848 931 2911 tationes
965 2850 997 2909 et
1027 2846 1153 2909 criticae
1183 2848 1216 2909 et
1245 2846 1426 2930 exegeticae
1456 2842 1568 2909 indicii
1599 2846 1751 2921 sanitate,
1784 2847 1979 2930 sagacitate,

662 2957 664 2961 ’
795 2951 972 3018 eruditione
1002 2952 1035 3014 in
1068 2971 1176 3014 rernm
1206 2971 1267 3014 non
1298 2951 1404 3014 minus
1433 2969 1531 3035 quam
1554 2951 1706 3014 sermonis
1730 2949 1979 3017 Atheniensium

789 3061 906 3124 intima
929 3058 1108 3143 cognitione
1131 3059 1308 3142 conspicua.

836 3163 951 3251 Ingens
986 3163 1066 3228 foret
1098 3184 1155 3228 nec
1188 3183 1261 3227 sane
1295 3164 1442 3249 ingratus
1473 3161 1571 3239 labor,
1604 3165 1631 3227 si
1663 3162 1784 3228 vellem
1817 3162 1975 3250 quidquid

792 3274 867 3336 novi
897 3268 996 3334 simul
1023 3274 1055 3333 et
1076 3271 1155 3334 certi
1178 3275 1234 3333 aut
1256 3267 1419 3354 probabile
1442 3267 1557 3334 saltem
1580 3268 1747 3333 attulerint
1765 3269 1899 3347 referre,
1919 3270 1975 3336 sed

793 3380 942 3462 quoniam
970 3396 1044 3441 cnm
1068 3374 1139 3439 aliis
1162 3382 1360 3460 comparatae
1383 3375 1417 3439 id
1439 3375 1558 3460 ubique
1581 3378 1669 3460 ipsae
1693 3379 1770 3440 satis
1794 3374 1973 3454 declarant,

791 3483 905 3547 utilius
939 3503 1006 3548 esse
1041 3482 1118 3547 duri
1148 3481 1232 3548 locos
1263 3481 1432 3549 nonnullos
1460 3488 1611 3559 tractare,
1643 3483 1699 3547 ubi
1730 3483 1812 3547 mihi
1843 3482 1973 3569 quidem

792 3587 913 3675 legenti
944 3610 1000 3674 per
1029 3590 1123 3654 ferias
1153 3591 1290 3653 aestivas
1320 3595 1385 3654 tres
1413 3588 1553 3666 fabulas,
1588 3588 1689 3653 editas
1711 3588 1858 3673 deinceps
1882 3591 1973 3654 annis

793 3692 891 3770 1898,
917 3692 1014 3769 1900,
1041 3694 1125 3759 1901
1159 3694 1299 3773 (Nubes,
1324 3694 1473 3779 Equites,
1497 3694 1726 3774 Acharnenses)
1756 3693 1972 3759 dubitationes

792 3799 947 3884 quaedam
976 3802 1044 3864 sire
1071 3802 1140 3864 iure
1164 3802 1232 3865 sive
1254 3803 1372 3866 iniuria
1394 3807 1485 3866 natae
1508 3806 1600 3878 sunt,
1625 3821 1702 3886 quas
1726 3821 1809 3865 nunc
1831 3799 1972 3888 collegae

790 3907 1042 3970 aestimatiseimi
1071 3912 1310 3992 ceterorumque
1332 3906 1558 3995 Mnemosyncs
1580 3906 1738 3972 lectorum
1759 3907 1878 3973 indicio
1901 3908 1972 3973 snb

791 4014 920 4077 mittere
942 4010 1041 4077 lubet.

1194 4195 1219 4261 I.
1250 4196 1301 4260 An
1324 4197 1566 4264 Aonanuunsns.

836 4397 889 4463 Vs.
916 4397 944 4462 l.
968 4394 1026 4461 ὅσα
1049 4397 1084 4472 ee
1108 4397 1261 4476 δέδηγμαι
1285 4403 1340 4473 τὴν
1363 4401 1500 4476 ἐμαυτοῦ
1525 4400 1658 4481 καρδίαν.

971 4500 1060 4578 ἥσθην
1082 4504 1114 4568 δὲ
1137 4504 1258 4584 βαιά,
1282 4506 1384 4571 πάνυ
1408 4505 1448 4572 δὲ
1470 4506 1593 4586 βαιοὶ,
1619 4507 1798 4588 τέτταρα
1822 4507 1887 4573 xri.

791 4607 927 4672 Memini
957 4632 1008 4675 me
1036 4609 1115 4675 olim
1143 4614 1178 4675 in
1205 4612 1321 4676 Studiis
1353 4614 1467 4677 criticcb
1497 4616 1539 4677 cd
1562 4621 1678 4696 poetae¹
1691 4614 1820 4677 scenicos
1845 4616 1971 4678 Graecos

789 4735 962 4800 proponere

968 4819 1057 4897 ἥσθην
1080 4822 1110 4888 δὲ
1133 4823 1215 4902 βαιὰ
1238 4824 1320 4890 πάνυ
1342 4826 1435 4910 <er
1460 4827 1532 4891 ἄττ’
1559 4826 1609 4911 cl>
1631 4826 1768 4903 τέτταρα

788 4926 886 4990 verba
923 4926 954 4991 δὲ
992 4929 1073 5004 βαιά
1109 4930 1368 5016 dittographema
1401 4954 1467 4998 esse
1503 4937 1727 5019 suspicantem.
1771 4933 1862 5015 Quod
1896 4944 1968 5003 tum

700 5265 880 5353 A
