5125 6150
956 829 1163 876 nvmannruu
1186 829 1252 877 sne.
1277 831 1422 878 nrnouu.
1721 814 1784 878 153

588 998 658 1055 τοῦ
686 994 774 1056 θεοῦ
801 1002 996 1072 κρατεῖτε
1021 995 1092 1066 την
1116 994 1344 1072 παράδοσιν
1371 1001 1442 1057 τῶν
1467 994 1699 1079 interiores}
1733 997 1784 1058 καὶ

589 1098 703 1175 ἔλεγεν
733 1101 857 1168 αὐτοῖς·
890 1101 1051 1180 [καλῶς]
1083 1101 1221 1162 άθετεῖτε
1254 1102 1309 1172 την
1339 1101 1459 1170 έντολην
1482 1107 1534 1165 τοῦ
1560 1103 1635 1177 θεοῦ,
1661 1099 1709 1165 ἵνα
1732 1104 1786 1173 την

590 1203 762 1278 παράδοσιν
793 1205 876 1276 ὑμῶν
906 1205 1067 1279 τηρήσητε.
1098 1203 1226 1268 Scilicet
1257 1204 1309 1268 hie
1340 1226 1465 1289 quoque
1488 1206 1522 1267 τὸ
1547 1207 1678 1276 καλῶς
1703 1205 1786 1270 mele

591 1309 706 1394 pedem
730 1307 879 1373 intulisse
898 1317 983 1373 reete
1003 1310 1184 1373 observavit
1204 1330 1236 1372 ν.
1250 1309 1279 1372 d.
1301 1327 1366 1373 vau
1386 1328 1427 1373 rur
1447 1310 1556 1373 Sinna
1568 1310 1785 1387 Benearnum

592 1415 644 1478 hio
669 1435 815 1498 quoque,
840 1420 878 1477 ut
900 1414 1008 1489 vides,
1033 1414 1165 1498 plausus
1189 1435 1285 1498 quem
1304 1417 1336 1478 in
1362 1436 1415 1480 ora
1438 1414 1513 1479 libri
1536 1416 1710 1481 sustulerat
1732 1416 1787 1480 ali·

594 1523 665 1603 quis
701 1520 876 1584 arbitratus
911 1519 1018 1584 Iesum
1050 1519 1088 1583 de
1119 1519 1298 1583 Pharisaeis
1329 1523 1495 1585 verissime
1521 1522 1729 1598 iudicavisse,
1753 1524 1787 1584 in

595 1626 749 1688 orat-ionis
779 1630 966 1688 contextum
998 1626 1162 1709 migravit.
1196 1622 1347 1690 Ceterum
1378 1632 1453 1688 nota
1484 1625 1708 1712 tautologiam.
1733 1646 1786 1690 vv.

597 1729 778 1807 ἀφέντες
808 1731 878 1803 την
909 1729 1075 1801 ε’ντολην
1099 1735 1167 1793 τοῦ
1193 1731 1280 1793 θεοῦ
1305 1738 1502 1805 κρατεῖτε
1527 1735 1596 1802 την
1619 1732 1789 1805 παράδο·

597 1857 655 1895 σιν
690 1840 765 1896 τῶν
801 1835 868 1896 άνθ
879 1836 1012 1910 ρώπων
1046 1835 1250 1899 incommodo
1283 1833 1353 1899 loeo
1386 1834 1538 1900 collocata
1570 1838 1597 1899 si
1628 1837 1787 1912 abessent,

596 1960 689 2003 nemo
714 1947 800 2002 certe
824 1939 1025 2004 desideraret.
1049 1939 1131 2018 Quid
1156 1961 1281 2017 censes,
1306 1943 1352 2003 mi
1370 1938 1487 2005 lectori
1508 1963 1612 2007 nonne
1631 1941 1707 2005 haee
1729 1943 1789 2006 tibi

596 2052 669 2107 nata
701 2044 853 2107 videntur
884 2065 922 2109 ex
945 2047 985 2107 iis
1008 2065 1088 2128 quae
1111 2047 1261 2110 continuo
1286 2051 1480 2129 sequuntur:
1504 2049 1643 2111 άθετεῖτε
1667 2050 1721 2119 την
1746 2048 1788 2108 ἐν-

596 2152 687 2220 τολὴν
713 2154 766 2212 τοῦ
790 2151 874 2225 θεοῦ,
898 2149 946 2213 ἵνα
970 2153 1023 2222 την
1048 2149 1215 2229 παράδοσιν
1240 2152 1321 2223 ὑμῶν
1345 2149 1517 2229 τηρησητεέ

642 2255 701 2319 Ev.
734 2275 795 2317 seo.
829 2255 941 2318 Matri.
966 2254 1059 2318 1:18
1090 2256 1124 2318 in
1148 2258 1270 2319 eunetis
1294 2255 1385 2319 libris
1409 2257 1564 2338 seriptum
1588 2259 1787 2321 invenimus:

595 2366 648 2424 τοῦ
674 2359 708 2424 δέ
731 2363 832 2432 Ἰησοῦ
858 2364 985 2437 Χριστοῦ
1010 2362 1027 2433 ἦ
1052 2361 1170 2437 γένεσις
1197 2358 1291 2430 οὕτως
1317 2355 1360 2431 ἦν.
1386 2363 1624 2435 μνηστενθεέσης
1648 2370 1701 2434 τῆς
1730 2386 1789 2435 μη·

597 2466 664 2542 τρὸς
696 2464 793 2529 αὑτοῦ
826 2466 952 2545 Μαρίας
986 2467 1028 2545 τῷ
1060 2467 1194 2544 Ἰωσήφ,
1219 2467 1286 2543 πρὶν
1313 2465 1329 2538 ἢ
1354 2467 1506 2529 συνελθεῖν
1531 2468 1662 2543 αὐτούς,
1688 2467 1788 2542 εὑρέθη

599 2574 627 2634 έν
661 2570 775 2648 γαστρὶ
809 2570 926 2648 έχοντα
960 2573 1016 2651 [έκ
1052 2572 1287 2643 πνεύματος
1323 2571 1458 2653 stylos]
1491 2572 1554 2635 κτὲ.
1590 2571 1651 2651 Qui
1683 2580 1787 2636 totum

595 2675 705 2740 loenm
737 2675 911 2760 diiigenter
933 2676 1181 2741 consideraverit
1205 2698 1279 2740 eum
1304 2675 1440 2742 Vnunun
1466 2677 1677 2741 Marianarum
1702 2678 1790 2740 Bau·

596 2798 759 2845 nurzuuro
794 2781 892 2846 verba
927 2783 1053 2845 uncinis
1086 2779 1210 2845 inclusa
1240 2802 1258 2845 a
1289 2787 1381 2846 textu
1413 2781 1517 2846 aliena
1547 2803 1615 2847 esse
1638 2783 1787 2847 censebit.

596 2886 721 2971 Nempe
752 2885 892 2949 Mariam
922 2893 1150 2971 praegnantem
1182 2907 1249 2951 esse
1277 2909 1293 2949 e
1324 2887 1443 2969 Spiritu
1469 2888 1585 2965 Soracte,
1618 2894 1788 2972 antequam

595 2990 732 3078 angelus
759 2990 893 3077 Iosepho
921 2993 954 3055 in
984 2994 1109 3056 somnio
1139 2994 1288 3076 apparuit
1313 3028 1355 3039 -
1380 2992 1420 3055 ef.
1446 3013 1492 3057 vs.
1518 2992 1579 3057 20:
1613 2993 1647 3055 rt
1671 2996 1733 3070 γὰρ
1758 2994 1787 3055 έν

597 3100 679 3177 αὐτῇ
712 3098 851 3173 γεννηθέν
881 3098 922 3160 έκ
946 3097 1183 3173 πνεύματός
1209 3097 1290 3160 έστιν
1313 3098 1453 3175 άγέου,
1479 3098 1562 3162 unde
1588 3121 1639 3162 vv.
1666 3098 1787 3163 seclusa

595 3202 768 3287 desumpta
798 3209 939 3267 sunt-
963 3225 1021 3268 neo
1050 3205 1118 3288 ipse
1148 3203 1302 3288 losephus
1333 3225 1390 3268 nea
1421 3207 1591 3289 quisquam
1614 3204 1696 3268 alius
1720 3203 1788 3269 ullo

596 3309 694 3374 modo
718 3312 797 3373 seire
820 3314 955 3394 poterat.

642 3415 704 3479 Er.
736 3435 797 3479 sec.
831 3416 943 3479 Massi.
975 3413 1115 3480 V11:18.
1132 3435 1216 3499 seqq.
1249 3415 1368 3479 tradita
1394 3414 1490 3480 lectio
1513 3423 1577 3480 est:
1603 3415 1787 3480 adtriverat

597 3520 713 3599 δένδρον
732 3521 851 3597 tratti
876 3521 1009 3599 καρποὺς
1035 3520 1175 3599 πονηροὺς
1197 3522 1333 3597 ἐνεγκεῖν
1354 3520 1419 3585 οὐδέ
1445 3520 1556 3598 δένδρον
1580 3521 1696 3598 σαπρὸν
1720 3545 1790 3599 καρ

596 3627 675 3697 ποῦς
708 3626 823 3696 καλοὺς
856 3627 1001 3704 ε’νεγκεῖν.
1033 3628 1112 3708 [πάν
1142 3624 1253 3702 δένδρον
1287 3629 1330 3701 μη
1363 3631 1464 3690 ποιοῦν
1487 3627 1602 3704 καρπὸν
1626 3627 1720 3691 καλὸν
1745 3629 1791 3691 έκ·

598 3736 749 3795 κόπτεται
784 3731 835 3795 καὶ
868 3733 911 3803 εἷς
944 3736 1003 3808 πῦρ
1034 3731 1219 3813 βάλλεται]
1251 3729 1352 3807 άρανε
1377 3732 1439 3795 άπὸ
1463 3737 1520 3794 τῶν
1545 3739 1665 3808 καρπῶν
1690 3736 1789 3796 αὐτῶν

598 3838 804 3912 ἐπιγνώσεσθε
829 3837 949 3907 αὐτοῦς.
974 3836 1090 3901 Totam
1114 3838 1307 3900 sententiam
1332 3840 1394 3899 τοῖν
1413 3835 1570 3911 δένδρον..
1586 3885 1593 3901 .
1609 3837 1790 3912 ,βάλλεται

597 3953 671 4028 post
702 3942 942 4008 Maaumuuuu
973 3944 1129 4027 expunxit
1162 3941 1421 4027 Bakhuyzeuius.
1446 3942 1566 4007 Verum
1591 3943 1720 4028 quidam
1743 3950 1792 4006 eat

598 4049 727 4112 arbores
757 4048 880 4113 steriles
911 4049 1015 4112 excidi
1046 4046 1146 4112 solere
1171 4054 1203 4110 et
1227 4049 1261 4110 in
1285 4049 1394 4132 ignem
1419 4048 1531 4123 abiioi,
1557 4047 1686 4111 sedhic
1710 4046 1791 4110 nihil

598 4154 677 4217 facit
707 4152 747 4216 ed
770 4173 848 4218 rem.
879 4154 1093 4239 Adscripserit
1116 4151 1232 4235 aliquis
1254 4154 1288 4215 in
1311 4155 1456 4237 margine
1478 4153 1511 4216 id
1535 4152 1619 4235 quod
1643 4152 1682 4215 de
1705 4151 1792 4215 arbo-

599 4258 689 4321 ribus
720 4257 883 4321 sterilibus
914 4278 947 4322 se
978 4257 1095 4342 legisse
1124 4259 1316 4320 meminerat
1339 4258 1451 4319 Μοῖσά.
1475 4255 1601 4320 111210
1625 4256 1694 4334 (ἤδη
1718 4255 1748 4317 δὲ
1775 4255 1790 4325 η

600 4361 689 4439 άξθνη
714 4362 787 4439 πρὸς
811 4364 865 4435 την
887 4360 972 4442 ῥίζαν
996 4368 1054 4426 τῶν
1078 4360 1198 4438 δένδριον
1221 4368 1340 4425 κεῖται·
1372 4366 1451 4425 πάν
1476 4358 1537 4425 οὖν
1561 4360 1715 4439 δένδρον
1739 4362 1791 4436 μη

599 4471 741 4531 ποιοῦν
776 4472 928 4547 καρπὸν
964 4468 1090 4531 καλὸν
1122 4466 1374 4531 έκκθπτεται
1405 4467 1472 4531 καὶ
1503 4467 1559 4537 εἷς
1591 4469 1665 4543 πῦρ
1695 4465 1792 4543 βάλ-

598 4580 749 4652 λεπαι).

645 4679 705 4743 Er.
738 4700 799 4743 seo.
830 4680 903 4744 Ιινο.
928 4678 1066 4744 V11:44
1089 4699 1174 4761 seqq.
1210 4678 1321 4755 (verba
1354 4677 1427 4741 Iesu
1462 4677 1501 4741 ad
1537 4675 1700 4742 Simonem
1737 4678 1793 4760 qui

595 4804 672 4847 eum
691 4783 731 4847 ad
750 4803 883 4848 coenam
901 4786 1109 4862 invitaverat)
1129 4782 1305 4846 seeundum
1327 4780 1423 4848 Oodd.
1448 4782 1487 4845 ab
1507 4784 1655 4846 omnibus
1667 4781 1790 4845 editur:

598 4887 673 4965 ὕδωρ
704 4910 755 4961 μοι
788 4889 838 4952 tet
872 4888 967 4959 πθδας
992 4889 1090 4971 [οῦκ]
1113 4884 1248 4962 έδιικας,
1272 4884 1352 4960 αὕτη
1377 4885 1408 4949 δὲ
1433 4894 1494 4958 τοῖς
1520 4887 1663 4967 δάκρυσιν
1686 4884 1792 4962 θβρεξέ

1616 5011 1647 5060 11
