5125 6150
1083 834 1290 883 rsncrnmss.
1715 810 1777 879 131

598 997 679 1063 οὐδὲν
710 998 931 1069 ἀπολείποντες
962 999 1148 1077 προθυμίας,
1185 997 1278 1063 ἀνευ
1314 1023 1349 1062 τε
1384 1000 1627 1071 Πελοποννησίων
1658 999 1780 1082 (itaque

597 1126 655 1169 suo
676 1110 790 1183 marte)
810 1106 956 1179 πλήθει
980 1106 1183 1184 παρόντες
1204 1107 1378 1178 ἀποστῆσαι
1398 1097 1457 1177 πάς
1479 1104 1582 1175 πθλεις
1602 1103 1780 1180 βονλθμενοι

597 1210 650 1273 καί
683 1209 774 1287 (olim
806 1214 931 1296 reposui
964 1233 1021 1297 pro
1052 1214 1104 1277 καί
1129 1212 1321 1293 βουλόμενοι)
1346 1209 1417 1288 ἀμα
1440 1214 1478 1284 τίς
1502 1215 1665 1280 πλείστους
1690 1210 1780 1287 σφίσι

596 1315 849 1394 ξυγκινδυνεύειν,
873 1319 1092 1395 στρατεύονται
1118 1319 1208 1382 αὐτοί
1231 1342 1264 1383 τε
1290 1317 1368 1396 τρισί
1392 1317 1444 1381 καί
1468 1317 1542 1381 δίκα
1565 1318 1699 1395 (correxi
1723 1336 1779 1400 pro

595 1422 807 1502 τρισκαίδεκα)
831 1423 935 1486 ναυσίν
961 1425 1009 1487 ε’πί
1035 1426 1089 1499 την
1113 1425 1247 1504 Λέσβον,
1272 1421 1371 1503 ίίσπερ
1396 1421 1492 1503 είρησο
1518 1423 1574 1488 ὑπδ
1598 1428 1655 1486 τῶν
1679 1432 1780 1486 Λακε-

595 1527 753 1604 δαιμονίων
779 1528 915 1607 δεύτερον
939 1531 987 1593 ἐπ’
1012 1533 1107 1604 αὐτην
1130 1530 1206 1595 ίίναι
1230 1531 1282 1595 καί
1308 1531 1419 1595 ἐκεῖθεν
1441 1529 1490 1594 ἐπί
1515 1527 1567 1594 τθν
1591 1530 1779 1603 Ἐλλνίσπον·

593 1658 654 1712 τον,
687 1635 739 1699 καί
770 1637 784 1699 ὃ
816 1635 906 1717 πεζδς
936 1633 1007 1713 ἀμα
1041 1639 1285 1713 Πελοποννησίων
1314 1662 1350 1702 τε
1380 1642 1438 1702 τῶν
1462 1634 1616 1715 παρόντων
1639 1633 1691 1697 καί
1716 1637 1775 1696 τῶν

594 1740 720 1806 αὖτθθεν
744 1739 921 1823 ξυμμάχων
945 1746 1053 1826 παρίει
1078 1747 1113 1824 (i.
1130 1765 1158 1809 e.
1183 1742 1297 1821 ἔμελλε
1321 1741 1474 1823 παριέναι)
1498 1743 1548 1808 ε’πὶ
1573 1747 1596 1818 †
1618 1737 1776 1818 Κλαζομε·

592 1854 646 1912 νῶν
671 1855 694 1924 †
717 1873 752 1912 τε
775 1849 826 1913 καί
853 1850 977 1924 Κύμης·
1003 1851 1067 1915 κτέ.
1103 1850 1166 1915 Pro
1189 1852 1294 1915 verbis
1318 1851 1493 1915 sanissimis
1517 1848 1588 1913 ἀνευ
1606 1884 1649 1896 -
1665 1846 1772 1920 πλήθει

593 1926 741 2034 παρθντες
762 1956 813 2033 (ci.
835 1954 976 2029 Classen)
997 1962 1116 2021 temera
1137 1978 1175 2022 ex
1195 1977 1267 2021 msa
1287 1956 1415 2042 quidem
1439 1958 1595 2021 sententia
1618 1961 1650 2020 ei
1672 1955 1776 2019 invito

592 2061 779 2147 Thucydide
802 2061 903 2125 editor
927 2065 961 2126 in
985 2069 1110 2127 textum
1134 2065 1253 2148 recepit
1270 2061 1432 2127 infelicem
1451 2083 1542 2127 snam
1562 2063 1776 2126 coniecturam

593 2165 665 2242 ἅμα
686 2204 727 2215 -
749 2169 856 2240 πλήθει
888 2171 1055 2245 πειρῶντες.
1092 2167 1209 2236 Contra
1238 2169 1380 2256 neglexit
1410 2189 1537 2233 monere
1566 2167 1604 2232 de
1635 2166 1775 2231 evidenti

592 2275 731 2336 nominis
754 2273 954 2353 Κλαζομενῶν
977 2274 1173 2359 corruptela,
1198 2295 1254 2359 pro
1277 2296 1338 2361 quo
1362 2295 1435 2339 eum
1455 2271 1614 2339 Glasasnio
1634 2280 1775 2357 expecta·

592 2384 647 2442 tur
672 2381 825 2450 Φωκαίας.
850 2378 898 2445 cf.
923 2401 991 2464 cap.
1017 2379 1057 2444 31
1083 2379 1143 2464 §3.

638 2596 726 2674 22,5
758 2598 948 2673 ἀπεκομίσθη
973 2597 1003 2662 δὲ
1029 2598 1124 2663 πάλιν
1150 2598 1233 2662 κατά
1257 2597 1362 2670 πίλοις
1386 2599 1437 2664 καί
1463 2600 1477 2662 ί
1501 2598 1562 2663 ἀπθ
1586 2600 1659 2663 τῶν
1682 2605 1773 2663 νεῶν

592 2703 693 2783 πεζός.
725 2704 759 2769 Si
786 2706 881 2768 verba
905 2704 966 2770 ἀπὸ
989 2711 1046 2769 τῶν
1071 2713 1149 2783 νεῶν,
1174 2726 1254 2791 quae
1277 2706 1384 2792 Poppe
1408 2706 1627 2792 emungebat,
1652 2705 1774 2791 aliquid

591 2812 725 2895 genuini
759 2813 938 2887 continent,
974 2814 1051 2875 satis
1085 2811 1187 2896 placet
1222 2809 1343 2877 Gerizii
1375 2819 1407 2877 st
1436 2812 1566 2877 editoris
1597 2815 1775 2877 coniectura

594 2917 657 2979 ἀπὸ
681 2921 753 2980 τῶν
777 2919 919 2981 Ἰώνων.
943 2918 993 2981 An
1016 2918 1078 2982 ἀπὸ
1102 2915 1254 2982 Ἰιίνανί

638 3121 725 3197 24,6
753 3121 935 3199 είργομίνοις
960 3121 985 3187 δ’
1009 3118 1057 3186 οὖν
1081 3124 1185 3194 αὐτοῖς
1211 3120 1326 3201 (chiis)
1349 3130 1406 3196 τῆς
1429 3122 1587 3197 θαλάσσης
1612 3123 1663 3187 καί
1688 3123 1773 3187 κατά

590 3235 650 3306 γῆν
673 3230 877 3306 πορθουμένοις
901 3228 1096 3309 ε’νεχείρησάν
1119 3253 1197 3299 τινες
1222 3231 1292 3308 πρὸς
1317 3229 1491 3301 Ἀθηναίους
1516 3232 1698 3307 ἀγαγεῖν
1720 3231 1775 3303 την

591 3335 689 3399 πίλιν.
714 3334 828 3399 Malim
852 3336 1104 3413 ἀναγαγεῖν,
1130 3337 1286 3411 reducere,
1312 3355 1387 3400 nam
1412 3334 1539 3400 abillis
1563 3335 1727 3400 defecerat.

638 3550 689 3616 34.
711 3554 762 3615 καί
782 3557 900 3632 χειμών
918 3576 952 3616 τε
971 3553 1074 3630 μέγας
1095 3554 1294 3629 ἐπιγίγνεται
1315 3552 1366 3616 καί
1388 3555 1420 3617 cl
1440 3552 1495 3627 uls
1516 3557 1573 3617 τῶν
1593 3552 1670 3617 Χίων
1689 3558 1772 3633 (νῆες

589 3663 648 3733 sc.)
679 3657 768 3732 μίλις
793 3660 1046 3738 καταφεύγουσιν
1068 3660 1098 3728 ἐς
1122 3659 1173 3723 σθν
1197 3658 1329 3736 λιμένα,
1354 3660 1388 3723 αί
1412 3659 1442 3724 δὲ
1466 3665 1524 3723 τῶν
1548 3659 1714 3733 ’Λθηναίαν
1739 3660 1772 3724 αί

590 3764 646 3839 μὲν
678 3764 820 3839 μάλιστα
853 3765 1023 3843 θρμνίσασαι
1054 3772 1132 3845 τρεῖς
1165 3765 1388 3842 διαφθείρονται
1420 3765 1487 3830 καί
1519 3766 1770 3830 ἐκπίπτουσι

590 3870 663 3947 πρὸς
698 3873 752 3943 τὴν
788 3870 877 3937 πίλιν
909 3878 966 3937 τῶν
1002 3874 1078 3936 Χίων
1108 3871 1172 3937 κτί.
1205 3871 1294 3937 Num
1325 3872 1405 3937 forte
1435 3872 1658 3954 διαφθείρονται
1691 3871 1773 3957 [καί]

590 3976 903 4059 ἐκπίπτουσ<α>ι
928 3978 999 4056 πρὸς
1022 3980 1076 4049 την
1102 3977 1191 4042 πίλιν
1215 3979 1274 4041 τῶν
1300 3975 1398 4043 Χίοονί

636 4195 723 4273 35,2
748 4198 798 4260 καί
825 4199 936 4269 αὐτοὺς
958 4199 982 4261 οί
1003 4199 1033 4261 ἐν
1054 4206 1093 4278 τῇ
1114 4199 1244 4277 Μιλήτῳ
1263 4199 1299 4277 (i.
1313 4218 1340 4263 a.
1363 4196 1575 4263 Theramenes
1593 4202 1625 4261 et
1645 4195 1775 4260 fortasse

590 4301 792 4383 Alcibiades),
827 4306 865 4374 τίς
902 4302 1038 4386 ᾔσθοντο,
1072 4304 1208 4369 ίκίλενον
1236 4312 1308 4377 ταῖς
1340 4305 1396 4382 μὲν
1428 4307 1581 4380 ημισείαις
1615 4307 1673 4367 τῶν
1707 4307 1776 4366 νεῖον

590 4407 694 4472 Κνίδον
713 4408 897 4486 Φνλάσσειν,
918 4417 1009 4481 ταῖς
1030 4410 1047 4474 δ
1055 4411 1068 4474 ὲ
1089 4410 1155 4489 περί
1176 4410 1316 4491 Τριθπιον
1336 4408 1442 4482 οθσαις
1461 4410 1519 4483 τάς
1541 4408 1598 4475 ἀπ’
1612 4408 1774 4487 Αίγύπτον

586 4514 726 4585 θλκάδας
757 4515 994 4595 προσβαλούσας
1020 4517 1107 4597 (ful.)
1130 4515 1377 4595 ξυλλαμβάνειν.
1409 4516 1623 4602 Expectabam
1647 4524 1717 4587 ταῖς
1742 4515 1774 4580 δὲ

586 4622 791 4700 <ἦμισείαις>
815 4621 868 4687 vel
891 4632 960 4694 ταῖς
986 4622 1017 4688 δὲ
1042 4629 1216 4701 (λοιπαῖς)
1241 4624 1307 4705 περί
1334 4624 1475 4704 Τριθπιον
1497 4622 1600 4695 οὔσαις
1625 4622 1690 4688 κτὲ.

637 4840 723 4916 41,2
756 4841 808 4906 καί
842 4843 870 4914 ἐς
903 4849 967 4906 Κῶν
997 4844 1051 4915 την
1083 4842 1243 4924 Μεροπίδα
1268 4843 1297 4906 ἕν
1323 4836 1364 4921 τῷ
1388 4843 1544 4925 παράπλιρ
1568 4844 1693 4921 ἀποβάς
1718 4846 1773 4920 τήν

588 4971 624 5012 τε
656 4949 745 5012 πθλιν
775 4949 953 5028 ἀτείχιστον
983 4944 1075 5014 οὖσαν
1098 4950 1150 5013 καί
1176 4949 1233 5014 ὑπὸ
1259 4953 1398 5030 σεισμοῦ,
1421 4940 1453 5023 lc
1476 4953 1578 5025 αὐτοῖς
1604 4949 1699 5035 ίτνχε
1722 4950 1775 5029 μί-
