5125 6150
703 818 769 883 440
1234 834 1354 883 arnse.

703 1012 766 1075 τοῖς
796 1004 992 1082 βουλομένοις
1015 1003 1165 1069 δουλεύειν
1188 1001 1370 1080 μετέδοσαν,
1394 1010 1451 1074 τῆς
1473 1002 1501 1065 δ’
1524 1004 1641 1067 έιείνιιυ
1663 1002 1801 1073 δουλείας
1823 1004 1885 1068 σύ·

702 1111 763 1175 τοί
795 1111 942 1190 μετέχειν
974 1112 1026 1176 otia
1057 1108 1199 1186 ἧξίιισον.
1231 1108 1379 1195 Quinque
1408 1110 1506 1174 verba
1537 1109 1602 1174 οὔτ’
1633 1110 1720 1176 οὗτοί
1750 1123 1806 1174 τλ
1831 1108 1883 1188 έχ.

703 1218 834 1295 δείμενοι
858 1218 971 1283 desunt
995 1222 1027 1282 in
1052 1217 1087 1294 F,
1110 1218 1150 1282 ob
1173 1218 1400 1291 lucretianum
1424 1220 1546 1302 opinor,
1570 1221 1631 1282 etsi
1653 1219 1809 1282 sententia
1826 1220 1886 1280 im·

702 1326 849 1411 perfecta.
875 1324 936 1390 Sed
959 1324 1035 1410 qnid
1059 1325 1120 1389 sibi
1142 1323 1213 1387 vult
1238 1324 1325 1388 οὗτοί
1349 1325 1404 1387 nbi
1428 1323 1518 1388 nulla
1540 1340 1588 1388 est
1611 1345 1685 1389 curn
1705 1322 1887 1410 praeceden-

701 1434 787 1497 tibus
818 1430 998 1518 oppositio?
1026 1432 1138 1517 ltaque
1160 1448 1215 1495 ant
1239 1430 1428 1507 delendum,
1452 1446 1508 1495 ant
1533 1468 1575 1481 -
1599 1432 1683 1517 qnod
1706 1430 1817 1496 malim
1839 1469 1883 1479 —

701 1539 941 1627 corrigendum:
976 1539 1039 1603 οὔτ’
1071 1535 1118 1604 οὗ
1150 1537 1244 1603 τλίον
1275 1537 1359 1618 ἔχειν
1392 1536 1536 1611 δείμενοι.
1570 1538 1612 1603 Et
1642 1542 1687 1604 sic
1717 1539 1781 1603 t'ere
1804 1537 1885 1603 olim

702 1646 928 1712 Wakefieldins
952 1649 1007 1732 qni
1031 1643 1072 1711 ad
1093 1645 1135 1708 τί
1159 1661 1214 1709 τλ.
1239 1642 1291 1725 ίχ.
1316 1645 1514 1710 coniiciebat.

746 1842 798 1908 Or.
824 1842 854 1908 ll
879 1860 895 1928 ς
920 1842 968 1908 ι4.
994 1841 1029 1907 ln
1052 1846 1330 1908 commiseratione
1348 1859 1518 1927 parentum
1537 1864 1648 1908 eorum
1669 1846 1724 1929 qni
1744 1863 1883 1929 pugnan-

701 1958 748 2017 tes
780 1951 1005 2016 occubuerant:
1037 1956 1100 2021 τῶς
1132 1950 1158 2014 δ’
1182 1950 1295 2022 adscite
1326 1952 1388 2030 χρέο
1420 1949 1513 2027 λῆξαι
1537 1957 1592 2022 τῆς
1617 1949 1735 2027 ariam
1761 1950 1885 2031 τίτερον

699 2058 729 2121 έν
759 2065 829 2129 τοῖς
861 2064 915 2129 τῆς
940 2057 1058 2128 τίλεσις
1082 2063 1273 2135 συμφορῆς
1300 2058 1389 2121 ιίλλὰ
1413 2056 1485 2121 τίτε
1509 2060 1610 2122 αὐτῶν
1632 2058 1713 2128 siais
1736 2058 1788 2120 ul
1812 2057 1883 2129 τοὺς

699 2162 816 2234 ἄλλους
850 2165 1035 2241 μεμνῆσίιι.
1070 2165 1145 2228 ιίλλ“
1177 2165 1206 2227 έν
1236 2172 1307 2236 ταῖς
1339 2163 1500 2244 εὐτυχίσις
1532 2172 1603 2236 τοῖς
1634 2172 1764 2239 nasein
1795 2164 1885 2228 ἄλλ’

699 2272 839 2337 laevir
857 2270 962 2345 λὐτιῐ
972 2294 1057 2348 cat,
1077 2273 1134 2335 τῶν
1153 2272 1210 2347 μέν
1228 2270 1384 2351 σφετέρων
1403 2270 1515 2335 τέκνον
1533 2270 1805 2348 τετελευτνκίτιιν,
1826 2277 1886 2336 τῶν

699 2378 732 2442 δέ
763 2376 877 2457 (eram
907 2377 1125 2444 ιίτυλουίντινν
1155 2384 1209 2450 τῆς
1240 2379 1353 2443 τούτων
1384 2381 1504 2456 ἀρετῆς.
1544 2380 1619 2443 ἀλλ’
1649 2380 1680 2442 έν
1711 2385 1774 2450 τοῖς
1802 2377 1884 2450 ίδίοις

700 2483 855 2562 κινδύνοις,
886 2480 960 2548 ίτιιν
988 2485 1071 2562 δρῶσι
1102 2485 1173 2557 τοὺς
1204 2486 1261 2562 μέν
1294 2485 1432 2564 πρότερον
1460 2485 1550 2557 ἔντος
1572 2489 1682 2566 φίλους
1705 2486 1885 2564 Φεύγοντος

700 2594 755 2666 τίοι
786 2592 885 2656 airas
914 2594 1055 2673 ἀτιμίαν,
1086 2591 1156 2663 τοὺς
1185 2592 1210 2656 δ’
1235 2593 1359 2672 έχίιοέις
1382 2592 1471 2670 μέγσ
1494 2598 1678 2672 Φιονιῦντοις
1701 2592 1766 2655 ε’τὶ
1790 2601 1884 2664 ταῖς

702 2699 950 2780 δυστυχίαις
982 2706 1075 2771 τοῖς
1107 2697 1276 2776 τιιίτιιι;
1309 2699 1380 2764 Duo
1410 2705 1484 2764 sunt
1517 2703 1551 2764 in
1581 2700 1632 2764 his
1663 2698 1800 2784 querelis
1831 2721 1887 2784 per

702 2806 873 2871 rhetoricas
895 2808 1162 2891 interrogationes
1185 2808 1360 2870 enuntiatis
1383 2826 1464 2891 quae
1487 2827 1550 2870 non
1574 2804 1736 2892 intellego.
1761 2808 1806 2870 Ac
1826 2808 1887 2890 pri·

701 2935 793 2978 mum
816 2912 961 2999 quidem,
985 2913 1063 2998 quid
1086 2926 1133 2977 est
1156 2914 1231 2977 ἄλλ’
1254 2911 1392 2977 ίιιονὸν
1413 2910 1574 2987 λυτῆσσιῗ
1594 2912 1731 2977 Plurimi
1750 2912 1886 2978 editores

699 3019 896 3086 intellexisse
918 3019 1079 3097 ridentur,
1102 3022 1163 3085 etsi
1182 3020 1331 3086 adiectiti
1351 3024 1455 3086 neutri
1476 3023 1604 3107 generis
1622 3022 1703 3084 ratio
1726 3022 1779 3084 vix
1799 3018 1887 3084 reddi

700 3135 804 3214 potest
835 3131 896 3192 nisi
926 3131 1083 3193 sententia
1106 3130 1151 3192 sic
1175 3131 1351 3214 accipiatur
1374 3132 1463 3213 quasi
1487 3131 1624 3213 scriptor
1646 3127 1785 3192 dederit:
1810 3128 1887 3191 ἀλλ’

701 3236 803 3300 turta
837 3234 908 3300 τότε
944 3236 1056 3307 αὐτοὺς
1087 3238 1269 3312 λυτεΐσίοι,
1301 3235 1386 3320 quod
1420 3243 1526 3299 tamen
1558 3234 1646 3299 salta
1676 3238 1887 3321 grammatica

701 3340 768 3406 fieri
799 3345 870 3426 quis
901 3339 1088 3406 contendat?
1123 3341 1214 3407 Unus
1247 3341 1332 3427 quod
1364 3345 1462 3406 sciam
1494 3341 1620 3407 offendit
1646 3340 1795 3405 Reislrius
1818 3362 1889 3406 acn-

699 3450 823 3512 tissime
853 3469 979 3513 cemere
1008 3448 1138 3526 solitus,
1170 3437 1225 3533 qni
1256 3448 1404 3513 lacunam
1428 3449 1556 3513 subesse
1580 3449 1801 3513 arbitrabatun
1826 3448 1888 3513 Sed

700 3576 768 3620 rem
807 3575 890 3619 nunc
924 3559 1046 3620 minore
1078 3554 1244 3620 molimine
1275 3559 1403 3620 restitui
1436 3577 1526 3641 posse
1558 3554 1666 3630 credo,
1703 3576 1816 3640 nempe
1850 3564 1889 3620 ut

701 3662 874 3727 scribatur:
909 3662 983 3725 ἀλλ’
1019 3662 1156 3726 isaac}
1194 3671 1349 3741 λυπῆσαι,
1386 3662 1470 3747 quod
1506 3663 1643 3727 refertur
1676 3662 1714 3726 ad
1750 3663 1888 3741 ιίτυχίος

701 3767 775 3832 illas
799 3767 898 3838 κοινὰς
920 3767 1013 3832 modo
1034 3776 1236 3834 memoratas.
1261 3768 1324 3849 Qui
1345 3769 1411 3834 fieri
1432 3776 1535 3855 potest
1554 3807 1595 3817 —
1614 3777 1707 3855 rogat
1727 3776 1832 3833 orator
1846 3808 1886 3818 -

702 3882 739 3940 ut
762 3881 906 3961 parentes
930 3877 1107 3939 occisorum
1132 3898 1272 3962 unquam
1296 3885 1416 3941 cessent
1441 3897 1459 3940 a
1478 3873 1589 3940 luctu?
1608 3876 1725 3941 Utrum
1745 3879 1777 3939 in
1798 3877 1888 3941 urbis

702 3980 863 4047 cladibus?
883 3981 944 4046 Sed
965 3994 1040 4046 tunc
1060 4003 1169 4048 omnes
1188 4005 1241 4048 eos
1261 3986 1317 4067 qui
1331 4004 1413 4047 nunc
1426 3983 1641 4047 occubuerunt
1654 3980 1887 4046 desiderabunt.

702 4090 752 4154 An
782 4095 890 4153 contra
914 4091 947 4152 in
970 4090 1193 4153 communibus
1217 4088 1373 4155 laetitiis?
1396 4092 1454 4153 Sed
1475 4091 1531 4152 tce
1554 4090 1685 4171 (potius)
1709 4091 1752 4151 ita
1776 4112 1889 4172 compa-

702 4203 788 4259 ratae
806 4203 876 4258 aunt
896 4203 929 4258 ut
942 4204 1085 4277 parentes
1104 4197 1205 4259 dolore
1224 4198 1376 4279 afficiant,
1398 4219 1471 4261 cunr
1492 4198 1681 4280 perspiciant
1701 4199 1890 4280 superstites

702 4305 789 4368 cives
820 4304 884 4366 frui
915 4323 990 4387 pace
1020 4325 1075 4388 per
1099 4305 1273 4368 occisorum
1298 4307 1455 4368 virtutem
1479 4310 1578 4388 parta.
1603 4303 1674 4366 Etsi
1696 4303 1759 4367 fere
1784 4324 1892 4388 super-

702 4430 841 4474 vacuum
865 4414 931 4486 est,
954 4413 1048 4474 iuvat
1072 4425 1178 4474 tamen
1201 4411 1340 4475 conterre
1360 4411 1436 4475 haec
1457 4410 1677 4494 Xenophontis
1695 4412 1728 4472 in
1748 4409 1833 4473 Hell.
1846 4409 1890 4473 VI

704 4512 838 4597 3514,
871 4516 927 4580 ubi
960 4515 1163 4582 Callistratus
1194 4525 1299 4581 orator
1322 4518 1361 4581 ad
1384 4516 1665 4581 Lacedaemonios:
1691 4516 1742 4579 sal
1767 4515 1831 4596 γὰρ
1854 4516 1890 4590 δίς

703 4621 788 4683 sard
812 4631 871 4697 γῆν
895 4627 951 4697 μὲν
972 4623 1019 4694 τίς
1039 4622 1077 4687 ἂν
1100 4624 1180 4697 ὑμῶν
1199 4624 1299 4704 Φίλων
1319 4623 1408 4688 ὄντων
1432 4623 1572 4694 icaria
1599 4621 1760 4699 γένοιτο
1786 4626 1889 4700 ίςμῑις

705 4734 903 4803 tonicam
930 4730 1013 4794 ιιιιτίι
1041 4730 1203 4795 ίιίλιιττιίν
1226 4755 1265 4805 γε
1291 4731 1351 4806 μὲν
1374 4733 1420 4799 τίς
1446 4731 1484 4793 ἂν
1505 4730 1586 4807 ὑμᾶς
1606 4730 1736 4807 βλάψαι
1756 4754 1785 4793 τι
1807 4732 1891 4804 ἡμῶν

705 4830 774 4903 ὑμῖν
799 4834 974 4906 ἐπιτηδείων
998 4835 1103 4914 ίιτων;
1130 4836 1165 4901 Si
1189 4859 1286 4922 quem
1312 4844 1420 4903 movet
1445 4845 1552 4901 λυπεῖν
1573 4835 1716 4902 absolute
1735 4840 1889 4923 positum,

706 4935 806 5002 refero
832 4938 870 5002 ad
894 4941 1052 5029 Aristoph.
1078 4943 1148 5008 Poe.
1174 4942 1250 5021 333,
1276 4945 1330 5010 ubi
1355 4942 1537 5031 Trygaens:
1563 4944 1717 5021 ἐπιδίδωμι
1741 4945 1831 5009 τοῦτό
1855 4946 1889 5021 γ’
