5125 6150
733 855 735 860 .
795 803 859 870 138
1281 822 1470 874 rrunurrus.

792 989 920 1052 nomine
951 989 1019 1052 eius
1048 1007 1176 1073 operam
1201 993 1257 1053 aut
1279 988 1513 1074 indulgentiam
1539 992 1716 1077 significare
1737 1015 1801 1059 non
1823 1018 1973 1081 possm,

792 1097 943 1179 quoniam
967 1093 1004 1158 de
1027 1095 1062 1158 vi
1083 1092 1172 1158 illata
1196 1092 1275 1174 (308
1296 1093 1368 1159 coll.
1390 1093 1468 1175 470)
1491 1096 1537 1161 nil
1561 1098 1652 1162 credo
1674 1136 1714 1147 -
1736 1106 1847 1185 potitae
1866 1106 1978 1169 minus

791 1200 952 1266 offensioni
976 1200 1072 1264 fuisse
1094 1199 1223 1265 videtur
1246 1222 1342 1286 quam
1366 1201 1544 1268 avunculus
1566 1202 1700 1270 lenonie.
1725 1205 1808 1286 Quid
1832 1209 1978 1276 mirum?

791 1306 918 1373 Scimus
940 1309 1088 1391 antiquos
1111 1306 1244 1371 feminas
1268 1328 1328 1372 non
1353 1310 1463 1393 magni
1486 1315 1690 1376 aestumasse.

836 1412 918 1478 Dein
952 1412 1049 1477 Micio
1084 1412 1216 1477 fortasse
1246 1415 1278 1476 in
1309 1416 1487 1479 narratione
1519 1415 1556 1479 de
1587 1416 1660 1482 ficto
1690 1417 1818 1484 Milesio
1850 1420 1975 1505 voluit,

792 1520 985 1585 Aeschinum
1017 1518 1141 1583 credere
1172 1519 1238 1583 fore
1269 1525 1306 1583 ut
1334 1519 1538 1604 Pamphilam
1571 1521 1699 1587 duceret
1724 1524 1839 1611 Hegio.
1863 1527 1978 1612 Neque

794 1645 902 1690 vereor
932 1645 971 1689 ne
1001 1627 1072 1709 quis
1103 1624 1184 1688 mihi
1214 1625 1331 1689 obiciat
1355 1625 1536 1711 Hegionem
1560 1629 1716 1695 Aeschino
1739 1634 1888 1716 ignotum
1912 1656 1978 1699 non

790 1731 903 1810 fuisse;
943 1751 1017 1794 nam
1056 1730 1140 1794 haud
1178 1751 1247 1794 rara
1280 1733 1315 1793 in
1348 1729 1463 1795 fabulis
1486 1738 1534 1797 est
1569 1735 1726 1800 eiusmodi
1760 1737 1978 1824 neglegentia.

791 1838 902 1903 Nonne
924 1837 1021 1903 Micio
1046 1836 1138 1921 fingit
1161 1836 1355 1901 Aeschinum
1379 1840 1499 1903 vicinas
1522 1860 1594 1903 suas
1619 1861 1680 1905 non
1701 1841 1815 1907 nosse?
1839 1842 1976 1924 Hercle,

791 1947 819 2010 si
850 1943 935 2009 haud
963 1941 1137 2008 absurdum
1166 1963 1232 2007 esse
1255 1949 1388 2027 putatur
1410 1943 1640 2010 adulescentem
1667 1950 1806 2013 vicinam
1830 1949 1976 2034 puellam

790 2052 938 2117 festivam
962 2072 1024 2116 non
1047 2070 1155 2127 nosse,
1179 2048 1256 2134 quid
1278 2051 1399 2114 mirum
1423 2070 1497 2115 eum
1523 2052 1561 2117 ad
1581 2073 1689 2118 senem
1709 2055 1876 2120 horridum
1895 2080 1978 2124 nun-

792 2179 889 2244 quam
911 2152 1103 2222 attendisse?

835 2263 918 2329 Utut
936 2264 995 2329 hoc
1014 2270 1079 2340 est,
1100 2260 1282 2339 Terentius,
1302 2264 1451 2327 instituta
1470 2263 1510 2330 ad
1528 2263 1739 2349 epiclerorum
1755 2268 1977 2336 condicionem

790 2371 980 2456 pertinentia
998 2371 1032 2433 in
1051 2367 1158 2433 fabula
1176 2389 1234 2433 sua
1252 2371 1371 2433 intacta
1383 2390 1511 2434 servans
1524 2376 1556 2434 et
1567 2370 1777 2437 nihilominus
1789 2373 1976 2461 Hegionem

790 2478 974 2564 proximum
993 2479 1166 2561 cognatum
1185 2471 1303 2539 Simuli
1323 2474 1456 2551 faciens,
1474 2479 1615 2561 corrupit
1628 2477 1790 2564 exemplar
1802 2478 1974 2549 Graecum.

1170 2730 1213 2778 so
1236 2731 1308 2778 nus.
1333 2730 1415 2777 mnu.
1441 2712 1584 2778 43-46.

833 2864 1014 2932 Multorum
1044 2864 1128 2951 apud
1158 2872 1281 2931 veteres
1313 2867 1481 2949 scriptores
1513 2873 1583 2930 tum
1608 2864 1723 2932 latinos
1746 2874 1817 2932 tum
1840 2891 1973 2956 graecos

788 2956 933 3025 locorum
960 2978 1106 3043 perverse
1135 2958 1251 3021 iniecta
1282 2957 1536 3041 interpunctione
1559 2956 1721 3023 detortum
1745 2967 1839 3044 atque
1863 2963 1974 3028 obscu-

788 3060 896 3117 ratum
926 3070 993 3115 esse
1023 3069 1150 3114 sensum
1181 3069 1243 3114 non
1265 3047 1362 3112 huius
1386 3050 1539 3133 temporis
1563 3070 1664 3134 neque
1688 3054 1817 3117 omniuo
1843 3074 1972 3122 necesse

787 3151 836 3208 est
859 3150 896 3206 ut
919 3141 1115 3206 admoneam.
1139 3139 1249 3204 Unum
1272 3145 1398 3203 tantum
1422 3161 1460 3204 ex
1483 3142 1608 3224 ingenti
1631 3163 1763 3208 numero
1787 3144 1839 3208 hic
1859 3166 1970 3231 repur

786 3255 863 3321 gare
886 3233 1029 3297 conabor.
1053 3232 1111 3296 Est
1134 3235 1162 3296 is
1184 3230 1272 3296 locus
1295 3230 1371 3294 Eur.
1394 3231 1490 3312 Hipp.
1516 3230 1658 3310 43-46,
1684 3234 1739 3297 ubi
1761 3236 1796 3297 in
1820 3238 1971 3303 omnibus

787 3331 1005 3410 quaecumque
1036 3323 1117 3387 mihi
1147 3322 1277 3407 quidem
1306 3324 1513 3387 innotuerunt
1544 3322 1734 3388 editionibus
1764 3331 1835 3410 post
1872 3329 1971 3406 γέρας

785 3415 980 3481 vocabulum
1011 3412 1140 3501 virgula
1163 3418 1286 3477 intrusa
1308 3419 1371 3490 est,
1396 3434 1475 3497 quae
1499 3415 1527 3476 si
1550 3412 1674 3479 sublata
1697 3418 1774 3493 erit,
1799 3421 1912 3482 statim
1938 3427 1970 3485 et

787 3528 882 3574 verus
912 3508 1082 3571 verborum
1113 3513 1207 3589 atque
1235 3507 1467 3569 sententiarum
1491 3511 1657 3569 contextus
1680 3514 1823 3593 emerget
1847 3516 1879 3573 et
1904 3531 1971 3576 cor·

786 3601 924 3663 rectione
952 3597 1116 3662 levissima
1143 3595 1202 3660 illa
1223 3595 1352 3680 quidem
1376 3615 1502 3659 versum
1529 3595 1570 3659 46
1594 3597 1768 3662 sanandum
1793 3620 1860 3664 esse
1883 3621 1970 3667 com-

785 3690 919 3775 parebit.
939 3688 1056 3753 'lotum
1077 3688 1114 3753 de
1133 3709 1195 3772 quo
1214 3689 1323 3772 agitur
1341 3685 1449 3751 locum
1467 3687 1551 3751 hunc
1569 3690 1603 3751 in
1620 3689 1751 3753 modum
1763 3691 1969 3759 scribendum

788 3801 854 3845 esse
877 3798 1004 3844 censeo:

1057 3870 1107 3934 καὶ
1132 3870 1261 3946 τὸνμὲν
1286 3871 1358 3944 ἡμῖν
1381 3866 1524 3941 πολέμιον
1548 3872 1669 3934 νεανίαν

1056 3970 1159 4026 κτενεῖ
1178 3963 1280 4038 πατὴρ
1305 3960 1424 4037 ἀραῖσιν
1448 3951 1487 4029 ἃς
1511 3958 1524 4021 ὃ
1548 3961 1667 4032 πόντιος

1055 4049 1135 4130 ἅναξ
1157 4050 1302 4118 Ποσειδῶν
1326 4050 1446 4116 ὤπασεν
1471 4059 1568 4124 Θησεῖ
1589 4050 1684 4130 γέρας

1055 4142 1147 4219 μηδὲν
1171 4142 1325 4219 ματαίους
1350 4143 1381 4214 ἒς
1404 4142 1468 4217 τρὶς
1491 4140 1636 4219 εὔξασθαι
1662 4144 1742 4221 θεῶν,

786 4255 896 4303 sensus
931 4242 1040 4300 autem
1075 4242 1139 4299 est:
1176 4242 1204 4298 et
1234 4234 1384 4317 insensum
1414 4232 1501 4295 illum
1532 4234 1614 4296 nodia
1646 4234 1776 4298 iuuenem
1806 4234 1970 4319 interficiet

780 4336 873 4412 pater
900 4328 1040 4410 precibus
1074 4325 1179 4411 quidne
1210 4325 1344 4388 marinna
1378 4323 1433 4386 ille
1463 4346 1516 4385 nen
1546 4324 1705 4406 Neptunus
1733 4326 1853 4388 bonurn
1876 4352 1970 4392 couno

787 4421 892 4483 Theano
914 4419 1054 4481 concessit
1073 4425 1106 4480 nt
1125 4416 1243 4480 minine.
1260 4414 1360 4477 inritis
1379 4422 1423 4477 ter
1442 4414 1541 4477 adiret
1560 4416 1653 4479 deun.
1674 4414 1734 4479 Vix
1753 4416 1969 4486 admonendos

783 4532 850 4578 esse
881 4508 1014 4575 lectores
1043 4509 1179 4573 arbitror
1210 4503 1401 4572 vocabulum
1432 4503 1515 4589 quod
1545 4512 1592 4570 est
1628 4508 1691 4570 θεῶν
1726 4506 1835 4572 eodem
1872 4512 1969 4577 modo

784 4623 841 4685 pro
876 4602 969 4665 αὐτῶν
1008 4604 1147 4685 positum
1179 4620 1245 4663 esse
1275 4605 1371 4681 atque
1402 4617 1498 4680 supra
1528 4595 1611 4661 illud
1643 4606 1747 4672 Θησεῖ.
1780 4598 1827 4662 llx
1858 4609 1969 4667 mente

783 4688 944 4777 loquentis
978 4690 1046 4768 vel,
1082 4697 1118 4755 ut
1152 4691 1364 4755 recentiorum
1398 4685 1660 4772 philosophorum
1695 4689 1818 4755 dicendi
1842 4696 1967 4759 ratione

785 4790 866 4860 utar,
889 4785 1044 4849 obiective
1066 4804 1130 4847 non
1152 4782 1327 4847 subiective
1350 4786 1523 4863 utrumque
1547 4779 1679 4845 dictum.

850 4904 916 4954 raon
932 4908 1049 4957 amarer.
1439 4883 1616 4951 Moarrnus
1640 4886 1770 4951 Larisos
1797 4887 1919 4954 Eanum
