5125 6150
901 843 944 889 an
967 841 1148 889 rnurmom
1169 842 1270 888 vum
1293 840 1429 890 urcuncr
1451 837 1532 904 (one.
1556 831 1670 903 xxm).

733 991 909 1057 Euomeret
939 992 1132 1056 Plutarchus
1161 991 1281 1069 multa,
1315 1013 1395 1075 quae
1418 992 1456 1057 de
1479 993 1644 1076 sepultura
1667 1000 1700 1058 et
1723 994 1762 1058 de
1785 992 1878 1058 luctu

687 1098 773 1184 apud
802 1097 972 1183 Spartanos
1001 1098 1171 1184 Lycurgus
1202 1100 1427 1162 constituerat:
1452 1098 1562 1163 ἔπειτα
1585 1101 1769 1163 συνθάπτειν
1794 1098 1881 1163 οὐθὲν

689 1202 847 1282 εἴασεν,
876 1207 950 1269 άλλ’
976 1205 1005 1268 έν
1029 1205 1171 1281 Φοινικίδι
1194 1205 1246 1269 καί
1271 1207 1402 1281 Φάλλοις
1427 1205 1538 1277 ἐλαίας
1563 1207 1701 1276 θέντες
1724 1206 1758 1269 τὸ
1784 1207 1880 1279 σῶμα

688 1311 993 1382 τεριέστελλον.
1017 1311 1085 1376 Iam
1109 1310 1233 1396 pridem
1256 1313 1435 1396 suspicatus
1457 1332 1545 1376 eram
1564 1314 1639 1376 vitii
1658 1311 1781 1397 aliquid
1800 1312 1881 1376 haee

687 1418 782 1483 verba
812 1421 1021 1493 contraxisse3
1054 1439 1116 1481 non
1147 1419 1232 1481 enim
1264 1417 1302 1481 de
1332 1418 1459 1480 moribus
1485 1419 1731 1503 Spartanorum,
1757 1417 1813 1482 sed
1839 1417 1880 1482 de

686 1525 798 1604 lepidae
828 1523 972 1610 Lycurgi
1001 1544 1058 1608 per
1088 1529 1193 1588 totum
1216 1529 1313 1609 caput
1334 1544 1436 1587 sermo
1460 1531 1518 1589 est.
1544 1523 1741 1590 Recordabar
1764 1530 1879 1589 autem

684 1629 847 1704 locorum,
867 1615 974 1715 quales
993 1629 1077 1714 apud
1098 1629 1299 1693 Herodotum
1319 1629 1497 1713 complures
1515 1629 1686 1716 leguntur:
1713 1632 1782 1695 οὐκ
1808 1630 1882 1694 έῶν

687 1735 860 1813 <paoem
885 1735 966 1800 οὐδέν
987 1737 1099 1806 πλῆθος
1121 1737 1278 1813 άνθρώπυν
1298 1737 1332 1799 ἐκ
1352 1735 1482 1817 μάχης,
1507 1738 1594 1801 άλλά
1619 1737 1820 1810 μένοντας
1850 1738 1882 1801 έν

687 1851 726 1923 τῇ
758 1841 830 1919 τάξι
860 1841 1124 1920 ἐπικρατέειν
1156 1841 1457 1916 ἣάπθλλυοθοιι
1483 1842 1620 1923 (7.104)
1644 1851 1692 1908 et:
1715 1846 1785 1907 οὐκ
1809 1840 1883 1907 έιον

686 1950 866 2030 ναυμαχίην
898 1949 1058 2027 άρτέεοθαι
1184 1948 1271 2014 άλλά
1296 1949 1545 2021 έκλιπθντας
1569 1952 1668 2029 χώρην
1692 1951 1746 2022 την
1774 1949 1885 2014 'Arre-

686 2057 740 2129 κίον
760 2053 860 2129 άλλην
880 2058 949 2121 τινά
973 2054 1144 2136 οἰκίζειν
1168 2053 1307 2136 (7.143)
1327 2062 1376 2121 et:
1401 2056 1488 2120 οὐδὲ
1513 2055 1580 2120 έυν
1604 2056 1679 2121 ίίναι
1700 2057 1882 2136 ἑκαστέρω,

686 2160 763 2226 άλλ’
781 2162 875 2227 αὐτοῦ
897 2162 1083 2242 ἱζόμενον
1103 2160 1255 2225 ποιέειν
1276 2158 1350 2230 duee
1371 2163 1518 2241 άμαχητί
1540 2167 1594 2233 την
1609 2168 1716 2227 πάσαν
1729 2163 1883 2229 Ἐλλάδα

686 2267 939 2346 καταστρέψεται
959 2268 1004 2347 (9.
1018 2268 1068 2348 2);
1095 2267 1179 2332 unde
1197 2269 1404 2333 coniiciebam
1423 2270 1483 2334 hoc
1501 2290 1625 2355 quoque
1644 2268 1712 2335 loco
1732 2268 1884 2355 eleganti

685 2373 793 2460 ellipsi
822 2396 918 2440 usum
949 2374 1161 2439 Plutarchum
1186 2374 1326 2439 dedisse:
1352 2376 1425 2438 ἀλλ’
1450 2375 1480 2438 έν
1504 2383 1541 2456 Φ.
1566 2401 1594 2441 κ.
1619 2383 1656 2456 Φ.
1681 2376 1705 2440 ε’.
1729 2376 1885 2447 θέντας

685 2482 719 2545 σθ
752 2486 842 2555 σῶμα
875 2479 1177 2558 περιστέλλειν.
1212 2479 1365 2545 Restabat
1395 2490 1519 2558 tamen,
1552 2489 1589 2547 ut
1619 2485 1653 2545 in
1676 2485 1884 2561 coniectura,

686 2591 747 2653 etsi
767 2588 849 2652 mihi
869 2586 1043 2652 admodum
1063 2585 1236 2671 probabilis
1256 2586 1435 2664 videbatur,
1454 2591 1566 2652 incerti
1586 2587 1724 2673 aliquid,
1748 2590 1885 2654 etmihi

686 2696 770 2778 ipse,
802 2704 840 2756 ut
870 2693 973 2768 soleo,
1005 2691 1206 2776 obloquebar.
1239 2691 1301 2756 Sed
1324 2692 1404 2757 forte
1427 2693 1553 2758 fortuna
1575 2693 1672 2758 incidi
1695 2697 1727 2757 in
1757 2693 1884 2772 locum,

686 2802 741 2884 qui
775 2803 841 2864 iam
876 2819 1003 2863 omnem
1039 2798 1271 2862 dubitationem
1303 2798 1400 2863 tollit.
1432 2798 1549 2865 Scribit
1577 2803 1662 2864 enim
1692 2803 1885 2886 quicunque

684 2905 848 2970 'Instituta
878 2903 1040 2969 Laconica'
1073 2924 1111 2967 ex
1142 2905 1252 2988 pannis
1275 2903 1473 2968 Plutaroheis
1497 2908 1743 2982 consarcinavit,
1770 2908 1885 2973 verbis

684 3010 800 3077 leviter
830 3013 1031 3074 immutatis:
1065 3011 1248 3074 condoleam
1280 3009 1312 3074 δέ
1342 3009 1453 3076 οὐδέν
1477 3010 1721 3091 ἐπέτρεψεν,
1747 3014 1828 3078 ἀλλ’
1853 3015 1884 3078 έν

686 3117 828 3200 φοινικίδι
862 3118 912 3180 καὶ
945 3119 1076 3195 Φύλλοις
1109 3115 1217 3182 ἐλαίας
1243 3118 1385 3186 θέντας
1410 3118 1444 3180 τὸ
1469 3124 1560 3193 σῶμα
1584 3120 1883 3193 περιστέλλειν

688 3231 758 3289 κατ’
772 3224 833 3289 ίσον
846 3222 988 3294 ἅπαντας
1002 3222 1129 3303 (Moral.
1144 3221 1264 3302 2381)).
1284 3222 1374 3302 Quod
1388 3223 1669 3290 demonstrandum
1680 3234 1759 3301 erat,
1774 3229 1881 3291 aiunt.

732 3330 864 3396 Nullam
888 3353 982 3415 opem
1006 3329 1081 3393 tulit
1105 3329 1192 3393 idem
1215 3328 1405 3413 compilator
1428 3328 1516 3407 loco,
1541 3335 1596 3415 qui
1615 3330 1722 3416 paullo
1743 3333 1832 3397 iufra
1848 3338 1882 3398 in

685 3459 749 3502 uno
780 3438 877 3503 verbo
908 3439 1015 3500 minus
1046 3443 1128 3500 recte
1152 3438 1197 3499 sic
1221 3434 1271 3499 edi
1296 3434 1395 3500 solet:
1419 3432 1481 3500 ὅθεν
1506 3437 1566 3501 οὐδ’
1591 3438 1762 3513 ἀποδημεῖν
1786 3438 1883 3503 ἔδακε

686 3554 747 3617 τοῖς
780 3545 974 3622 βουλομένοις
1007 3543 1058 3606 καί
1088 3543 1264 3606 πλανᾶσθαι
1288 3541 1429 3618 ξενικά
1453 3545 1644 3620 συνάγοντας
1668 3544 1721 3619 ἤθη
1748 3546 1803 3609 καί
1831 3570 1883 3622 μι-

687 3653 823 3726 μήματα
856 3650 931 3726 βίων
960 3647 1220 3711 άπαιδεύτων
1251 3647 1302 3712 καί
1335 3649 1570 3724 πολιτευμάτων
1594 3649 1812 3730 διαφέρων.
1847 3651 1883 3717 Si

686 3779 742 3843 per
772 3778 805 3820 se
837 3762 976 3840 spectas,
1007 3753 1090 3818 nihil
1114 3754 1211 3818 babet
1236 3753 1415 3817 offensionis
1439 3755 1717 3831 άπαιδεύτυν,
1743 3777 1823 3821 nam
1848 3780 1883 3824 re

685 3884 759 3928 vere
790 3861 965 3947 Spartiatae
996 3860 1138 3946 Lycurgi
1170 3857 1339 3943 disciplina
1369 3881 1430 3924 non
1455 3862 1594 3927 imbutos
1620 3870 1656 3926 ut
1678 3863 1824 3929 incultos
1850 3871 1882 3930 et

685 3969 779 4034 rudes
811 3968 1043 4053 despiciebant,
1075 3972 1111 4029 ut
1143 3968 1227 4029 inter
1259 3987 1292 4030 se
1323 3974 1540 4051 opponantur:
1575 3970 1627 4032 οὐκ
1658 3969 1787 4046 άνεννές
1816 3970 1881 4035 οὐδ’

687 4074 956 4150 άπαίδεντον,
988 4075 1063 4135 άλλ’
1095 4071 1254 4150 έλευθέριον
1283 4071 1366 4136 πάνυ
1397 4073 1449 4135 καί
1483 4076 1718 4139 Λακωνικόν
1744 4076 1879 4156 (Moral.

686 4180 729 4246 46
739 4181 789 4261 Β).
810 4179 929 4245 Verum
949 4180 1173 4243 inconcinnum
1192 4185 1239 4242 est
1252 4177 1374 4243 duobus
1386 4181 1553 4263 ιριιοιιροιὶε
1565 4184 1723 4267 interponi
1737 4184 1879 4248 verbum

686 4289 724 4353 ab
745 4308 855 4352 eorum
875 4284 1107 4372 significatione
1126 4283 1281 4362 alienum;
1304 4291 1335 4348 et
1354 4288 1527 4369 requiritur
1547 4285 1669 4371 aliquid
1686 4290 1720 4351 in
1738 4289 1881 4355 eundem

685 4414 824 4458 sensum.
850 4390 1058 4457 Scribendum
1083 4392 1248 4453 existimo:
1273 4390 1349 4465 βίον
1373 4390 1624 4472 άπριδάνπυν,
1649 4393 1732 4477 quod
1754 4399 1881 4479 optime

684 4502 802 4567 dicitur
821 4499 859 4563 de
879 4500 999 4562 ratione
1019 4499 1105 4561 vitae
1125 4496 1321 4577 discrepante,
1342 4519 1401 4559 που
1419 4499 1597 4576 concinente,
1618 4505 1655 4563 nt
1673 4502 1707 4563 in
1728 4501 1789 4566 boc
1808 4506 1880 4588 ipso

685 4611 804 4690 capite:
826 4604 1009 4684 προαιρέσεις
1031 4602 1272 4686 άπριδοιίσας
1293 4605 1364 4683 πρὸς
1385 4606 1438 4676 την
1459 4606 1655 4670 καθεστῶσαν
1667 4610 1834 4673 πολιτείαν
1846 4616 1879 4674 et

686 4711 720 4770 in
743 4711 874 4777 Luciani
897 4711 1057 4775 Piscatore
1081 4708 1129 4789 (Ο.
1153 4708 1203 4789 6):
1228 4711 1266 4779 cis
1288 4712 1330 4784 μθ
1355 4710 1530 4792 dapem
1555 4713 1675 4792 θάτερον
1697 4713 1826 4794 θατέρου
1847 4723 1880 4782 et

687 4808 789 4896 Imag.
806 4815 854 4893 (0.
869 4816 918 4896 5):
935 4812 1014 4885 ὅπως
1036 4815 1069 4877 έκ
1089 4815 1235 4879 τοσούτων
1253 4820 1330 4890 μίαν
1350 4818 1417 4878 τινά
1432 4818 1545 4887 συνθεὶς
1559 4821 1611 4883 οὐκ
1631 4819 1878 4900 άπάδουσαν

689 4913 913 4989 ἀπεργάσεται.
1446 4924 1486 4989 K.
1512 4922 1551 4990 G.
1576 4924 1611 4989 P.
1636 4923 1831 4995 Scffwalt'l'z.

1173 5030 1364 5039 -—
