5125 6150
1215 831 1357 879 rnomns.
1812 814 1873 879 197

691 996 808 1079 spioe'’.
839 993 899 1058 Sed
932 995 1007 1078 qnid
1036 996 1175 1082 logicam
1201 1004 1291 1062 curat
1314 1017 1475 1061 morarum
1498 999 1668 1082 impatiens
1689 993 1835 1061 iuvenis?
1849 994 1875 1076 ¹)

737 1100 896 1185 Denique,
929 1123 1122 1188 quamquam
1152 1125 1214 1168 non
1248 1103 1341 1189 plane
1373 1123 1411 1166 ex
1442 1103 1551 1168 eodem
1574 1109 1622 1168 θεῖ
1644 1122 1776 1188 genere,
1801 1110 1873 1187 apte

690 1207 743 1269 hic
773 1205 860 1270 locus
891 1211 1018 1271 tractari
1046 1217 1167 1293 potest,
1192 1212 1246 1294 qui
1269 1208 1393 1296 legitur
1414 1207 1456 1274 Η.
1481 1208 1521 1285 II,
1547 1208 1599 1284 76,
1622 1229 1696 1273 nam
1720 1207 1776 1272 ille
1801 1229 1874 1293 quo-

690 1334 750 1397 que
785 1315 866 1377 vitio
900 1312 1038 1391 laborat,
1073 1315 1128 1378 sed
1164 1318 1243 1380 vitio
1276 1316 1359 1399 quod
1389 1313 1547 1399 loquentis
1580 1321 1720 1378 mentem
1745 1317 1873 1400 egregie

691 1421 814 1485 referat.
851 1420 895 1483 Ut
926 1419 1053 1483 tandem
1083 1419 1251 1506 aliquando
1282 1423 1456 1504 imperium
1486 1420 1545 1484 sibi
1576 1422 1648 1484 fatis
1678 1419 1872 1485 destinatum

689 1528 825 1610 accipiat
844 1525 1073 1610 Vespasianum
1094 1534 1203 1591 monet
1222 1527 1401 1592 Mucianus.
1423 1525 1528 1603 „Satis
1547 1524 1623 1589 diu”
1642 1528 1687 1590 ait
1700 1528 1873 1611 „quievisti

690 1639 722 1697 θῖ
753 1635 959 1717 exspectasti,
992 1654 1076 1697 nunc
1107 1633 1256 1699 audacter
1287 1633 1446 1719 agendum
1477 1632 1557 1697 est”.
1588 1632 1675 1697 Haeo
1705 1635 1775 1718 ipsa
1797 1636 1872 1697 sunt

689 1739 801 1813 verba,
826 1741 942 1824 quibus
965 1760 1040 1803 eum
1063 1747 1208 1806 utentem
1233 1741 1308 1805 facit
1333 1739 1478 1805 Tacitus:

737 1844 894 1930 „Torpere
925 1845 1010 1910 ultra
1045 1853 1076 1911 et
1110 1847 1315 1932 polluendam
1350 1845 1604 1931 perdendamque
1638 1843 1870 1930 rempublicam

688 1950 883 2036 relinquere,
914 1973 1007 2036 sopor
1040 1961 1071 2017 et
1101 1956 1231 2040 ignavia
1262 1953 1434 2028 videretur,
1459 1954 1585 2017 etiamsi
1609 1952 1685 2027 tibi,
1710 1971 1807 2035 quam
1825 1953 1871 2015 in·

689 2059 837 2135 honesta,
862 2065 928 2122 tam
953 2065 1023 2122 tuta
1047 2063 1183 2124 servitus
1206 2067 1298 2125 esset.
1329 2061 1418 2124 Abiit
1440 2061 1505 2123 iam
1529 2065 1559 2122 et
1583 2062 1799 2122 transvectum
1824 2062 1871 2120 est

688 2169 830 2248 tempus,
866 2186 928 2248 quo
963 2186 1069 2250 posses
1104 2166 1205 2229 videri
1239 2167 1439 2250 concupisse:
1475 2164 1723 2249 confugiendum
1754 2167 1803 2227 est
1831 2162 1870 2227 ad

686 2270 894 2354 imperium”.

733 2376 795 2441 Hic
826 2380 966 2462 primum
996 2378 1208 2463 reputandum
1231 2386 1277 2443 est
1301 2378 1437 2444 eundem
1463 2377 1651 2441 Mucianum
1676 2375 1772 2462 paulo
1796 2381 1869 2441 ante

687 2485 821 2547 dixisse:
856 2505 894 2560 „a
922 2484 1115 2549 contumelia
1148 2505 1242 2569 quam
1274 2506 1292 2549 a
1320 2485 1413 2550 laude
1443 2487 1573 2571 propius
1605 2483 1701 2547 fuerit
1718 2490 1796 2567 'post
1818 2480 1870 2545 Vi·

686 2588 816 2654 tellium
835 2588 946 2674 eligi’',
966 2590 1077 2654 deinde
1097 2590 1303 2676 cogitandum
1323 2591 1361 2655 de
1382 2590 1541 2676 praeclara
1560 2589 1682 2654 Lucani
1697 2589 1868 2652 sententia:

688 2695 748 2772 „ad
780 2693 900 2758 bellum
932 2695 1089 2780 fugitnr”.
1114 2694 1195 2775 Quid
1220 2718 1296 2783 ergo
1319 2697 1469 2762 Muciano
1491 2696 1660 2761 dicendum
1684 2698 1747 2769 est,
1772 2694 1798 2756 si
1822 2712 1870 2756 ac·

685 2808 794 2865 curate
824 2798 912 2885 loqui
945 2799 1037 2865 vult?
1061 2802 1200 2886 Nempe:
1227 2825 1309 2880 „non
1332 2806 1397 2867 iam
1420 2808 1512 2889 grata
1536 2823 1584 2866 res
1608 2806 1656 2865 est
1678 2800 1867 2884 imperium,

686 2928 783 2992 quam
814 2910 893 2990 quis,
916 2908 977 2971 sibi
1008 2917 1149 2992 expetat3
1183 2909 1237 2973 sed
1268 2915 1376 2973 actum
1402 2909 1438 2972 de
1462 2915 1493 2973 te
1517 2915 1565 2972 est
1588 2909 1650 2972 nisi
1672 2907 1710 2972 ab
1733 2907 1868 2990 imperio

686 3012 821 3079 salutem
844 3013 948 3098 petis'’
972 3016 993 3077 i.
1014 3034 1039 3079 θ.
1066 3014 1151 3079 hisce
1173 3018 1203 3079 ei
1227 3021 1275 3080 est
1298 3015 1454 3080 utendum
1478 3015 1599 3080 verbis:
1626 3013 1726 3091 „abiit
1747 3015 1811 3077 iam
1835 3016 1868 3078 θῖ

683 3126 901 3185 transvectum
925 3127 972 3184 est
995 3127 1138 3204 tempus,
1163 3142 1225 3205 quo
1247 3143 1354 3206 posses
1377 3123 1595 3203 concupiscere,
1620 3120 1867 3206 confugiendum

684 3234 732 3291 θεῖ
762 3225 800 3288 ad
832 3226 1038 3311 imperium”.
1070 3226 1130 3292 Sed
1163 3227 1300 3293 affectati
1323 3249 1465 3313 unquam
1487 3230 1616 3312 imperii
1638 3226 1867 3312 Vespasianum

685 3331 871 3396 insimulare
896 3337 987 3397 anxie
1011 3341 1118 3409 cavet·;
1145 3338 1233 3418 atqui
1257 3337 1289 3397 in
1313 3334 1418 3397 verbis
1437 3356 1538 3415 posses
1560 3333 1762 3415 concupiscere
1783 3336 1867 3396 inest

686 3439 918 3524 quodammodo
949 3439 1105 3505 eiusmodi
1136 3441 1352 3525 reprehensio,
1381 3447 1467 3506 certe
1497 3442 1599 3505 inesse
1627 3460 1696 3505 eam
1720 3441 1867 3525 suspicax

684 3546 780 3610 homo
812 3546 935 3609 credere
966 3549 1075 3630 possit.
1106 3546 1174 3611 Hoc
1204 3550 1321 3612 metuit
1350 3547 1537 3624 Mucianus,
1562 3547 1635 3611 hinc
1658 3548 1865 3630 praeteritum

685 3652 769 3717 illud
794 3652 972 3734 concupisse,
998 3653 1089 3730 hino,
1116 3654 1199 3737 quod
1223 3652 1359 3731 additur,
1383 3654 1491 3718 sideri.

729 3756 889 3822 Pollianae
913 3766 1078 3843 cognatam
1100 3758 1354 3824 observationem
1374 3760 1509 3844 protulit
1527 3758 1702 3825 Pdtanerus
1721 3757 1792 3835 ille,
1810 3760 1866 3842 qui

683 3867 748 3929 iam
784 3863 856 3949 plus
891 3864 999 3928 decem
1029 3864 1130 3929 lustra
1162 3865 1371 3930 utilissimam
1401 3865 1510 3930 Tacito
1540 3871 1636 3931 navat
1667 3885 1803 3950 oporam.
1836 3863 1866 3928 Is

684 3973 770 4036 enim
795 3992 895 4054 nuper
918 3970 1017 4034 diario
1040 3993 1065 4034 o.
1087 3977 1109 4036 t.
1133 3970 1318 4035 Zeitsohrift
1340 3972 1361 4035 f.
1382 3971 1411 4035 d.
1433 3970 1517 4036 Oest.
1539 3969 1658 4059 Gymn.
1679 3972 1729 4047 (A.
1742 3988 1865 4037 unacco
1957 4053 1962 4062 1

683 4077 757 4141 inde
781 4098 798 4141 a
822 4099 851 4161 p.
878 4075 957 4154 673)
988 4077 1205 4142 doctissimam
1229 4078 1428 4143 inserendam
1452 4082 1576 4144 curavit
1598 4079 1864 4164 disputationem,

683 4205 745 4268 qua
776 4190 807 4246 et
838 4181 901 4246 alia
932 4182 1041 4248 dooere
1071 4184 1178 4249 studet
1209 4191 1241 4249 et
1271 4184 1418 4251 Tacitum
1447 4186 1609 4252 interdum
1637 4183 1687 4250 vel
1710 4188 1865 4251 sermonis

682 4291 789 4366 vitiis,
826 4286 878 4353 vel
914 4290 996 4352 mira
1027 4296 1058 4353 et
1088 4289 1218 4355 insolita
1249 4294 1408 4369 oratione,
1440 4291 1493 4358 rel
1523 4295 1620 4357 etiam
1644 4293 1802 4356 erroribus
1825 4291 1864 4356 ad

683 4395 850 4458 historiam
881 4396 1113 4480 pertinentibus
1136 4395 1270 4462 illorum
1293 4397 1443 4483 loquendi
1466 4419 1567 4484 genus
1591 4404 1699 4463 notare
1722 4396 1775 4463 vel
1798 4420 1865 4485 per·

684 4502 840 4585 stringere
876 4523 952 4585 quos
986 4504 1019 4565 in
1055 4523 1179 4568 scenam
1212 4504 1346 4569 inducit.
1381 4504 1517 4569 Minime
1547 4503 1719 4588 spernenda
1750 4526 1786 4569 ea
1816 4510 1865 4569 θεῖ

682 4609 855 4683 sententia,
880 4611 970 4672 cuius
994 4630 1170 4674 memorem
1193 4631 1261 4676 esse
1284 4611 1373 4676 decet
1395 4630 1653 4695 unumquemque
1677 4614 1731 4696 qui
1754 4610 1863 4678 Tacito

716 4869 741 4932 l)
760 4868 884 4917 Furnosux
901 4884 993 4938 qnoque
1010 4868 1083 4921 sensit
1097 4882 1147 4920 ecee
1161 4868 1185 4921 in
1200 4868 1244 4922 hoc
1259 4869 1310 4921 loco
1324 4868 1415 4922 insoliti
1430 4869 1534 4939 aliquid,
1546 4872 1586 4922 scd
1602 4871 1663 4924 illud
1676 4871 1766 4924 trustra
1779 4872 1863 4926 tollere

681 4954 789 5001 conatur.
