5125 6150
1109 837 1267 885 enarres.
1720 827 1788 892 353

588 1005 620 1067 ei
646 1002 748 1065 fuisse
773 1002 893 1065 fontem
917 997 1078 1065 Crantoris
1101 999 1222 1062 librum
1247 1007 1378 1087 propter
1403 1002 1500 1067 Plinii
1525 1005 1622 1070 verba
1645 1006 1788 1071 credunt.

590 1105 655 1187 Qui
680 1105 720 1170 de
744 1103 893 1171 Cicerone
916 1108 962 1169 ita
985 1111 1128 1181 censent,
1160 1107 1201 1168 iis
1224 1109 1258 1169 in
1282 1109 1474 1172 memoriam
1497 1111 1673 1175 revocanda
1695 1118 1788 1190 sunt,

589 1233 674 1298 quae
698 1213 816 1276 diserte
839 1214 907 1295 ipse
930 1210 1057 1282 Tullius
1082 1210 1164 1273 dixit
1186 1213 1218 1274 in
1239 1211 1321 1276 libro
1340 1213 1355 1276 l
1374 1212 1412 1277 de
1433 1213 1553 1278 Officiis
1572 1215 1637 1279 2.6
1661 1237 1789 1301 „seque-

589 1339 668 1382 mur
687 1317 747 1382 hoc
767 1316 897 1401 quidem
918 1321 1061 1400 ternpore
1081 1322 1112 1378 et
1125 1318 1157 1377 in
1170 1315 1228 1380 hac
1241 1321 1425 1400 quaestione
1438 1322 1642 1402 potissimum
1654 1319 1787 1399 Stoicos,

589 1445 655 1488 non
685 1429 724 1486 ut
747 1425 935 1506 interpretes
959 1420 1013 1484 sed
1037 1428 1070 1482 oc
1092 1420 1217 1482 solemus
1240 1442 1257 1485 e
1281 1422 1423 1486 sontibus
1448 1444 1577 1502 eorum,
1600 1424 1719 1491 iudicio
1741 1447 1787 1491 ar·

587 1528 752 1612 bitrioque
776 1533 901 1601 nostro,
927 1529 1083 1609 quantum
1104 1546 1230 1609 quoque
1250 1527 1344 1591 modo
1364 1527 1527 1592 videbitur
1546 1528 1763 1595 hauriemus'’.

637 1631 742 1696 Verba
771 1634 849 1695 satis
879 1633 1007 1716 cognita
1030 1630 1150 1706 resero,
1175 1636 1319 1695 attamen
1344 1631 1442 1718 digna
1465 1654 1546 1717 quae
1570 1636 1668 1698 etiam
1691 1641 1786 1720 atque

586 1741 691 1802 etiam
724 1735 917 1821 relegamus.
952 1734 1033 1799 Nam
1058 1738 1164 1799 neseio
1190 1756 1253 1819 quo
1276 1737 1388 1814 modo,
1413 1741 1519 1823 magis
1542 1742 1710 1824 magisque
1735 1741 1786 1805 ho

585 1846 696 1908 mines
716 1842 800 1907 docti
821 1848 944 1906 nostrae
963 1844 1093 1918 aetatis,
1114 1840 1192 1905 dum
1214 1841 1438 1907 historicorum
1458 1843 1786 1930 philosophorumque

586 1952 798 2033 antiquorum
834 1948 937 2011 fontes
966 1946 1137 2031 indagant,
1174 1947 1236 2011 sibi
1265 1947 1385 2033 fingere
1417 1956 1588 2034 coeperunt
1618 1953 1787 2036 scriptores

586 2052 729 2119 Graecos
748 2052 970 2136 Romanosque
993 2051 1241 2136 Byzantiuorum
1262 2053 1523 2137 magistellorum
1544 2055 1583 2119 ad
1602 2057 1703 2119 instar
1720 2063 1786 2121 tota

585 2161 697 2244 capita
727 2157 874 2241 deinceps
897 2179 935 2221 ex
959 2158 1177 2240 antiquiorum
1202 2156 1294 2221 libris
1317 2159 1530 2223 exscribentes
1553 2166 1591 2224 ut
1614 2182 1711 2245 parvo
1735 2182 1787 2226 ne·

587 2267 682 2350 gotio
714 2265 852 2347 speciem
882 2262 1071 2326 eruditionis
1094 2262 1155 2326 sibi
1178 2270 1409 2347 comparerent.
1433 2262 1543 2330 Cicero
1567 2264 1681 2330 saltem
1705 2266 1788 2330 mihi

586 2369 720 2435 ridetur
743 2390 806 2433 non
831 2375 898 2431 tam
923 2367 1128 2452 impudenter
1151 2367 1416 2454 philosophorum
1440 2368 1636 2435 Graecorum
1661 2370 1786 2436 thesau-

587 2498 643 2542 ros
673 2474 838 2559 expilasse.
870 2473 919 2537 Ita
950 2495 1025 2537 vere
1056 2479 1150 2557 atque
1181 2479 1327 2538 accurate
1357 2475 1528 2551 indicavit,
1564 2483 1720 2560 quatenus
1751 2478 1784 2540 in

586 2582 683 2648 libris
714 2580 752 2644 de
783 2579 901 2644 Officiis
932 2580 1124 2644 Panaetium
1154 2587 1238 2643 esset
1266 2586 1412 2644 secutus:
1439 2580 1653 2657 „Panaetius”
1678 2583 1783 2664 inquit

585 2686 663 2767 (011.
687 2685 728 2749 Π.
754 2686 785 2749 2.
802 2683 834 2762 7)
869 2687 945 2768 „qui
977 2687 1044 2748 sine
1078 2687 1294 2749 controversia
1329 2685 1367 2749 de
1403 2684 1514 2749 officiis
1545 2688 1784 2750 accuratissime

585 2792 787 2876 disputavit,
820 2810 977 2874 quemque
1009 2810 1082 2865 nos,
1116 2791 1295 2852 correctione
1328 2792 1456 2874 quadam
1489 2791 1627 2853 adhibita
1661 2792 1781 2874 potissi·

587 2917 684 2961 mum
715 2898 815 2959 secuti
847 2893 991 2958 sumus''.
1024 2891 1225 2958 Conveniunt
1257 2894 1334 2959 haec
1362 2895 1457 2959 verba
1480 2915 1553 2958 cum
1578 2917 1614 2959 eo
1639 2895 1721 2980 quod
1745 2894 1783 2960 de

586 3000 753 3070 Ciceronis
792 2998 961 3085 diligentia
1001 3001 1035 3063 in
1076 2999 1311 3085 perscrutandis
1351 3001 1535 3065 auctoribus
1569 3003 1652 3065 notis
1687 3007 1782 3086 atque

585 3108 710 3193 ignotis
741 3108 889 3190 cognosci
925 3111 1029 3190 potest
1063 3125 1102 3168 ex
1138 3105 1286 3189 epistulis
1318 3105 1357 3169 ad
1390 3107 1546 3170 Atticum.
1580 3105 1664 3185 Quos
1695 3108 1781 3169 enim

583 3211 685 3277 libros
709 3232 773 3274 non
796 3212 914 3294 petivit
938 3210 976 3273 ab
1000 3207 1125 3274 amicol
1149 3210 1276 3285 Nonne,
1301 3231 1376 3275 cum
1400 3214 1434 3273 iu
1458 3211 1683 3296 componendis
1706 3210 1781 3275 Tus

585 3316 713 3383 culanis
744 3316 939 3392 versabatur,
974 3319 1020 3380 ita
1051 3317 1179 3399 scripsit
1209 3316 1248 3379 ad
1279 3318 1426 3380 Atticum
1464 3315 1534 3394 (Ill.
1560 3316 1603 3380 32
1634 3317 1672 3381 cf.
1706 3316 1780 3396 31):

586 3421 797 3501 „Dicaearchi
829 3421 894 3499 περὶ
924 3426 1032 3499 ψυχῆς
1057 3426 1208 3504 utrosque
1232 3421 1332 3485 velim
1356 3424 1468 3485 mittas
1492 3427 1524 3486 et
1548 3422 1778 3500 natalicium

586 3526 792 3605 relevamen
816 3548 878 3590 non
900 3529 1029 3591 invenio
1051 3533 1083 3589 et
1103 3525 1276 3609 epistulam
1295 3528 1364 3589 eius
1384 3547 1481 3610 quam
1500 3526 1539 3589 ad
1553 3528 1780 3593 Aristoxenum

586 3631 714 3698 misit''.
746 3629 901 3697 Credasne
932 3633 1035 3716 igitur
1058 3630 1205 3695 Tullium
1228 3652 1303 3694 cum
1328 3630 1511 3695 Dicaearchi
1535 3634 1715 3717 opinionem
1743 3633 1781 3698 de

586 3737 835 3803 immortalitate
867 3739 967 3801 animi
997 3736 1128 3801 referret
1159 3735 1264 3815 (Tusc.
1294 3734 1319 3798 I.
1345 3735 1401 3806 42)
1432 3758 1495 3799 non
1525 3739 1633 3821 ipsum
1665 3739 1779 3803 adiisse

586 3847 777 3928 scriptorem
810 3863 905 3926 quem
931 3848 1038 3906 tamen
1062 3847 1190 3906 vocaret
1216 3840 1367 3917 „delicias
1390 3839 1506 3905 suas’'l
1535 3841 1672 3906 Minime
1695 3847 1781 3927 equi-

587 3949 675 4013 dem.
702 3947 791 4027 Quod
815 3954 924 4012 autem
949 3947 987 4012 ad
1012 3953 1154 4010 nostram
1178 3948 1397 4030 quaestionem
1422 3948 1555 4023 attinet,
1580 3968 1654 4011 cum
1678 3950 1780 4032 ipsius

587 4054 637 4120 M.
659 4050 759 4116 'Pullii
777 4055 961 4117 testimonio
979 4057 1118 4129 constet,
1139 4073 1230 4127 eum,
1249 4054 1283 4114 in
1304 4048 1536 4117 Consolationis
1553 4056 1780 4137 compositione

584 4164 797 4244 occupatum,
819 4155 946 4221 nullum
966 4159 1152 4241 scriptorem
1173 4158 1228 4241 qui
1247 4155 1286 4221 de
1302 4155 1394 4220 luctu
1413 4159 1590 4241 scripsisset
1602 4157 1780 4243 neglexisse

585 4302 631 4314 -
656 4264 765 4328 scribit
788 4265 875 4327 enim
899 4261 937 4325 ad
962 4263 1107 4325 Atticum
1137 4260 1239 4338 „nihil
1262 4260 1301 4325 de
1325 4282 1466 4325 maerore
1490 4263 1717 4345 scriptumest
1741 4264 1779 4326 ab

583 4370 655 4435 ullo
686 4368 770 4454 quod
794 4389 853 4453 ego
877 4388 938 4431 non
964 4366 1052 4430 domi
1075 4373 1149 4430 tuae
1173 4365 1331 4451 legerim'’
1359 4404 1397 4413 —
1423 4365 1631 4430 concedamus
1655 4387 1778 4431 necesse

584 4481 651 4551 est,
685 4473 724 4538 ad
756 4471 919 4539 Crantoris
950 4470 1071 4535 librum
1102 4471 1140 4535 de
1161 4471 1253 4536 luctu
1276 4471 1531 4557 cognoscendum
1554 4492 1667 4555 parum
1690 4472 1777 4553 adiu-

584 4600 662 4645 vare
682 4577 938 4663 disputationum
956 4575 1209 4641 Tusculanarum
1229 4579 1511 4661 comparationem.
1535 4576 1717 4660 Nusquam,
1737 4600 1777 4643 ne

584 4693 658 4749 tum
676 4684 808 4769 quidem
829 4704 904 4749 cum
924 4689 1009 4746 arcte
1031 4685 1116 4745 inter
1139 4703 1172 4746 se
1196 4683 1391 4745 conveniunt
1415 4678 1541 4756 Cicero,
1565 4664 1721 4766 ps.-Plato
1745 4688 1778 4747 et

585 4788 861 4875 ps.-Plutarchus,
897 4786 1053 4852 affirmare
1089 4786 1199 4851 licebit
1234 4784 1422 4852 Crantorem
1457 4789 1497 4849 iis
1529 4785 1625 4850 fuisse
1655 4787 1777 4851 fontem

585 4914 812 4966 communem,
844 4892 905 4954 nisi
935 4893 1025 4954 huius
1056 4914 1157 4954 nomen
1188 4892 1224 4952 ab
1255 4913 1314 4953 uno
1337 4913 1434 4953 corum
1457 4889 1593 4953 additum
1617 4892 1668 4953 cic.
1692 4891 1776 4957 Nam
