<?xml version="1.0" encoding="UTF-8"?>
<!DOCTYPE html PUBLIC "-//W3C//DTD XHTML 1.0 Transitional//EN"
    "http://www.w3.org/TR/xhtml1/DTD/xhtml1-transitional.dtd">
<html xmlns="http://www.w3.org/1999/xhtml" xml:lang="en" lang="en">
 <head>
  <title>
</title>
<meta http-equiv="Content-Type" content="text/html;charset=utf-8" />
  <meta name='ocr-system' content='tesseract 3.04.00' />
  <meta name='ocr-capabilities' content='ocr_page ocr_carea ocr_par ocr_line ocrx_word'/>
</head>
<body>
  <div class='ocr_page' id='page_1' title='image "./mnemosyne04verdgoog_0250.png"; bbox 0 0 5125 6150; ppageno 0'>
   <div class='ocr_carea' id='block_1_1' title="bbox 1127 822 1805 887">
    <p class='ocr_par' dir='ltr' id='par_1_1' title="bbox 1127 822 1805 887">
     <span class='ocr_line' id='line_1_1' title="bbox 1127 822 1805 887; baseline 0.004 -3"><span class='ocrx_word' id='word_1_1' title='bbox 1127 837 1294 886; x_wconf 74' lang='lat' dir='ltr'><strong>cuminus.</strong></span> <span class='ocrx_word' id='word_1_2' title='bbox 1738 822 1805 887; x_wconf 80' lang='lat'><strong>249</strong></span> 
     </span>
    </p>
   </div>
   <div class='ocr_carea' id='block_1_2' title="bbox 608 990 1807 1196">
    <p class='ocr_par' dir='ltr' id='par_1_2' title="bbox 608 990 1807 1196">
     <span class='ocr_line' id='line_1_2' title="bbox 608 990 1806 1088; baseline 0 -19"><span class='ocrx_word' id='word_1_3' title='bbox 608 1026 679 1069; x_wconf 86' lang='lat' dir='ltr'><strong>esse</strong></span> <span class='ocrx_word' id='word_1_4' title='bbox 710 1003 879 1068; x_wconf 86' lang='lat' dir='ltr'><strong>lectionem</strong></span> <span class='ocrx_word' id='word_1_5' title='bbox 913 1003 1117 1080; x_wconf 73' lang='grc' dir='ltr'><strong><em>ἐπενθήσατε,</em></strong></span> <span class='ocrx_word' id='word_1_6' title='bbox 1150 1022 1225 1066; x_wconf 89' lang='lat' dir='ltr'><strong>cum</strong></span> <span class='ocrx_word' id='word_1_7' title='bbox 1248 1001 1390 1086; x_wconf 85' lang='lat' dir='ltr'><strong>lugendo</strong></span> <span class='ocrx_word' id='word_1_8' title='bbox 1414 1003 1447 1065; x_wconf 93' lang='lat' dir='ltr'><strong>in</strong></span> <span class='ocrx_word' id='word_1_9' title='bbox 1471 1023 1508 1067; x_wconf 92' lang='lat' dir='ltr'><strong>ea</strong></span> <span class='ocrx_word' id='word_1_10' title='bbox 1532 990 1567 1067; x_wconf 92' lang='lat' dir='ltr'><strong>re</strong></span> <span class='ocrx_word' id='word_1_11' title='bbox 1588 1003 1670 1068; x_wconf 86' lang='lat' dir='ltr'>nihil</span> <span class='ocrx_word' id='word_1_12' title='bbox 1695 1005 1806 1088; x_wconf 90' lang='lat' dir='ltr'><strong>profici</strong></span> 
     </span>
     <span class='ocr_line' id='line_1_3' title="bbox 608 1106 1807 1196; baseline -0.002 -20"><span class='ocrx_word' id='word_1_13' title='bbox 608 1115 735 1196; x_wconf 87' lang='lat' dir='ltr'><strong>posset;</strong></span> <span class='ocrx_word' id='word_1_14' title='bbox 767 1110 887 1173; x_wconf 83' lang='lat' dir='ltr'><strong>etenim</strong></span> <span class='ocrx_word' id='word_1_15' title='bbox 919 1129 1018 1172; x_wconf 90' lang='lat' dir='ltr'><strong>manu</strong></span> <span class='ocrx_word' id='word_1_16' title='bbox 1050 1113 1083 1171; x_wconf 91' lang='lat' dir='ltr'><strong>et</strong></span> <span class='ocrx_word' id='word_1_17' title='bbox 1110 1106 1240 1171; x_wconf 91' lang='lat' dir='ltr'><strong>consilio</strong></span> <span class='ocrx_word' id='word_1_18' title='bbox 1263 1127 1343 1192; x_wconf 90' lang='lat' dir='ltr'><strong>opus</strong></span> <span class='ocrx_word' id='word_1_19' title='bbox 1367 1113 1434 1172; x_wconf 91' lang='lat' dir='ltr'><strong>erat</strong></span> <span class='ocrx_word' id='word_1_20' title='bbox 1458 1114 1495 1171; x_wconf 90' lang='lat' dir='ltr'><strong>ut</strong></span> <span class='ocrx_word' id='word_1_21' title='bbox 1518 1128 1555 1172; x_wconf 95' lang='lat' dir='ltr'><strong>ea</strong></span> <span class='ocrx_word' id='word_1_22' title='bbox 1578 1106 1662 1173; x_wconf 88' lang='lat' dir='ltr'><strong>labes</strong></span> <span class='ocrx_word' id='word_1_23' title='bbox 1687 1113 1807 1174; x_wconf 83' lang='lat' dir='ltr'><strong>exscin-</strong></span> 
     </span>
    </p>
   </div>
   <div class='ocr_carea' id='block_1_3' title="bbox 599 1211 1837 4982">
    <p class='ocr_par' dir='ltr' id='par_1_3' title="bbox 609 1211 1805 1299">
     <span class='ocr_line' id='line_1_4' title="bbox 609 1211 1805 1299; baseline -0.001 -19"><span class='ocrx_word' id='word_1_24' title='bbox 609 1218 741 1280; x_wconf 79' lang='lat' dir='ltr'><strong>deretur</strong></span> <span class='ocrx_word' id='word_1_25' title='bbox 756 1218 864 1299; x_wconf 90' lang='lat' dir='ltr'><strong>itaque</strong></span> <span class='ocrx_word' id='word_1_26' title='bbox 881 1211 1103 1278; x_wconf 87' lang='lat' dir='ltr'><strong>commendavi</strong></span> <span class='ocrx_word' id='word_1_27' title='bbox 1123 1213 1137 1275; x_wconf 83' lang='grc' dir='ltr'><strong><em>ε’</em></strong></span> <span class='ocrx_word' id='word_1_28' title='bbox 1145 1238 1168 1276; x_wconf 93' lang='grc' dir='ltr'><strong><em>π</em></strong></span> <span class='ocrx_word' id='word_1_29' title='bbox 1178 1237 1192 1277; x_wconf 83' lang='grc' dir='ltr'><strong><em>ε</em></strong></span> <span class='ocrx_word' id='word_1_30' title='bbox 1202 1237 1216 1275; x_wconf 89' lang='grc' dir='ltr'><strong><em>ν</em></strong></span> <span class='ocrx_word' id='word_1_31' title='bbox 1225 1236 1239 1277; x_wconf 95' lang='grc' dir='ltr'><strong><em>ο</em></strong></span> <span class='ocrx_word' id='word_1_32' title='bbox 1249 1215 1266 1286; x_wconf 75' lang='grc' dir='ltr'><strong><em>η</em></strong></span> <span class='ocrx_word' id='word_1_33' title='bbox 1276 1235 1296 1274; x_wconf 95' lang='grc' dir='ltr'><strong><em>σ</em></strong></span> <span class='ocrx_word' id='word_1_34' title='bbox 1305 1236 1394 1290; x_wconf 89' lang='grc' dir='ltr'><strong><em>ατε,</em></strong></span> <span class='ocrx_word' id='word_1_35' title='bbox 1408 1233 1482 1278; x_wconf 89' lang='lat' dir='ltr'><strong>cum</strong></span> <span class='ocrx_word' id='word_1_36' title='bbox 1495 1218 1682 1297; x_wconf 88' lang='lat' dir='ltr'><strong>praesertim</strong></span> <span class='ocrx_word' id='word_1_37' title='bbox 1695 1215 1805 1280; x_wconf 89' lang='lat' dir='ltr'><strong>eadem</strong></span> 
     </span>
    </p>

    <p class='ocr_par' dir='ltr' id='par_1_4' title="bbox 607 1316 1806 1404">
     <span class='ocr_line' id='line_1_5' title="bbox 607 1316 1806 1404; baseline -0.001 -18"><span class='ocrx_word' id='word_1_38' title='bbox 607 1319 791 1404; x_wconf 90' lang='lat' dir='ltr'><strong>corruptela</strong></span> <span class='ocrx_word' id='word_1_39' title='bbox 821 1321 920 1383; x_wconf 90' lang='lat' dir='ltr'><strong>etiam</strong></span> <span class='ocrx_word' id='word_1_40' title='bbox 951 1316 1029 1382; x_wconf 90' lang='lat' dir='ltr'><strong>alibi</strong></span> <span class='ocrx_word' id='word_1_41' title='bbox 1058 1323 1217 1394; x_wconf 89' lang='lat' dir='ltr'><strong>recurrat,</strong></span> <span class='ocrx_word' id='word_1_42' title='bbox 1250 1316 1289 1381; x_wconf 90' lang='lat' dir='ltr'><strong>cf.</strong></span> <span class='ocrx_word' id='word_1_43' title='bbox 1322 1319 1435 1381; x_wconf 84' lang='grc' dir='ltr'><strong><em>Μαονι.</em></strong></span> <span class='ocrx_word' id='word_1_44' title='bbox 1473 1316 1560 1384; x_wconf 82' lang='grc'><strong>1857</strong></span> <span class='ocrx_word' id='word_1_45' title='bbox 1592 1342 1623 1404; x_wconf 91' lang='lat' dir='ltr'><strong>p.</strong></span> <span class='ocrx_word' id='word_1_46' title='bbox 1648 1318 1724 1396; x_wconf 85' lang='grc'><strong>278,</strong></span> <span class='ocrx_word' id='word_1_47' title='bbox 1749 1321 1806 1385; x_wconf 88' lang='lat' dir='ltr'><strong>ubi</strong></span> 
     </span>
    </p>

    <p class='ocr_par' dir='ltr' id='par_1_5' title="bbox 608 1421 1828 1614">
     <span class='ocr_line' id='line_1_6' title="bbox 608 1421 1828 1507; baseline -0.002 -15"><span class='ocrx_word' id='word_1_48' title='bbox 608 1426 787 1492; x_wconf 83' lang='lat' dir='ltr'><strong>admodum</strong></span> <span class='ocrx_word' id='word_1_49' title='bbox 805 1424 969 1489; x_wconf 86' lang='lat' dir='ltr'><strong>luculenta</strong></span> <span class='ocrx_word' id='word_1_50' title='bbox 988 1429 1063 1487; x_wconf 90' lang='lat' dir='ltr'><strong>sunt</strong></span> <span class='ocrx_word' id='word_1_51' title='bbox 1084 1444 1163 1507; x_wconf 91' lang='lat' dir='ltr'><strong>quae</strong></span> <span class='ocrx_word' id='word_1_52' title='bbox 1183 1421 1325 1489; x_wconf 81' lang='lat' dir='ltr'><strong>Cobetus</strong></span> <span class='ocrx_word' id='word_1_53' title='bbox 1338 1425 1530 1489; x_wconf 77' lang='lat' dir='ltr'><strong>observavit.</strong></span> <span class='ocrx_word' id='word_1_54' title='bbox 1553 1423 1613 1489; x_wconf 82' lang='lat' dir='ltr'><strong>Sed</strong></span> <span class='ocrx_word' id='word_1_55' title='bbox 1627 1425 1808 1490; x_wconf 88' lang='lat' dir='ltr'><strong>cuiusmodi</strong></span> <span class='ocrx_word' id='word_1_56' title='bbox 1824 1439 1828 1448; x_wconf 90' lang='grc'><strong>’</strong></span> 
     </span>
     <span class='ocr_line' id='line_1_7' title="bbox 608 1526 1806 1614; baseline -0.002 -18"><span class='ocrx_word' id='word_1_57' title='bbox 608 1530 695 1596; x_wconf 89' lang='lat' dir='ltr'><strong>illud</strong></span> <span class='ocrx_word' id='word_1_58' title='bbox 725 1537 774 1595; x_wconf 92' lang='lat' dir='ltr'><strong>est</strong></span> <span class='ocrx_word' id='word_1_59' title='bbox 804 1528 888 1614; x_wconf 93' lang='lat' dir='ltr'><strong>quod</strong></span> <span class='ocrx_word' id='word_1_60' title='bbox 918 1528 1028 1593; x_wconf 90' lang='lat' dir='ltr'><strong>scribit</strong></span> <span class='ocrx_word' id='word_1_61' title='bbox 1059 1526 1234 1612; x_wconf 79' lang='lat' dir='ltr'>Apostolus</span> <span class='ocrx_word' id='word_1_62' title='bbox 1265 1527 1329 1592; x_wconf 92' lang='lat' dir='ltr'><strong>tale</strong></span> <span class='ocrx_word' id='word_1_63' title='bbox 1353 1527 1516 1613; x_wconf 79' lang='lat' dir='ltr'><strong>flagItium</strong></span> <span class='ocrx_word' id='word_1_64' title='bbox 1540 1550 1579 1593; x_wconf 90' lang='lat' dir='ltr'><strong>ne</strong></span> <span class='ocrx_word' id='word_1_65' title='bbox 1604 1530 1684 1593; x_wconf 78' lang='lat' dir='ltr'><strong>inter</strong></span> <span class='ocrx_word' id='word_1_66' title='bbox 1703 1538 1806 1610; x_wconf 76' lang='grc' dir='ltr'><strong><em>ροαοσε</em></strong></span> 
     </span>
    </p>

    <p class='ocr_par' dir='ltr' id='par_1_6' title="bbox 608 1630 1806 1721">
     <span class='ocr_line' id='line_1_8' title="bbox 608 1630 1806 1721; baseline -0.003 -20"><span class='ocrx_word' id='word_1_67' title='bbox 608 1636 741 1721; x_wconf 86' lang='lat' dir='ltr'><strong>quidem</strong></span> <span class='ocrx_word' id='word_1_68' title='bbox 765 1630 917 1719; x_wconf 84' lang='lat' dir='ltr'><strong>reperiri?</strong></span> <span class='ocrx_word' id='word_1_69' title='bbox 940 1632 1016 1708; x_wconf 87' lang='lat' dir='ltr'><strong>Est,</strong></span> <span class='ocrx_word' id='word_1_70' title='bbox 1040 1631 1142 1696; x_wconf 84' lang='lat' dir='ltr'><strong>fateor</strong></span> <span class='ocrx_word' id='word_1_71' title='bbox 1164 1631 1326 1718; x_wconf 88' lang='lat' dir='ltr'><strong>flagitium</strong></span> <span class='ocrx_word' id='word_1_72' title='bbox 1347 1635 1374 1695; x_wconf 90' lang='lat' dir='ltr'><strong>si</strong></span> <span class='ocrx_word' id='word_1_73' title='bbox 1395 1635 1466 1717; x_wconf 92' lang='lat' dir='ltr'><strong>quis</strong></span> <span class='ocrx_word' id='word_1_74' title='bbox 1487 1654 1561 1697; x_wconf 93' lang='lat' dir='ltr'><strong>cum</strong></span> <span class='ocrx_word' id='word_1_75' title='bbox 1581 1655 1717 1700; x_wconf 92' lang='lat' dir='ltr'><strong>noverca</strong></span> <span class='ocrx_word' id='word_1_76' title='bbox 1736 1656 1806 1699; x_wconf 91' lang='lat' dir='ltr'><strong>rem</strong></span> 
     </span>
    </p>

    <p class='ocr_par' dir='ltr' id='par_1_7' title="bbox 608 1734 1806 1821">
     <span class='ocr_line' id='line_1_9' title="bbox 608 1734 1806 1821; baseline -0.003 -15"><span class='ocrx_word' id='word_1_77' title='bbox 608 1742 724 1817; x_wconf 91' lang='lat' dir='ltr'><strong>habet;</strong></span> <span class='ocrx_word' id='word_1_78' title='bbox 751 1760 865 1804; x_wconf 92' lang='lat' dir='ltr'><strong>verum</strong></span> <span class='ocrx_word' id='word_1_79' title='bbox 890 1740 917 1801; x_wconf 94' lang='lat' dir='ltr'><strong>si</strong></span> <span class='ocrx_word' id='word_1_80' title='bbox 941 1739 1012 1821; x_wconf 94' lang='lat' dir='ltr'><strong>quis</strong></span> <span class='ocrx_word' id='word_1_81' title='bbox 1036 1758 1109 1800; x_wconf 92' lang='lat' dir='ltr'><strong>cum</strong></span> <span class='ocrx_word' id='word_1_82' title='bbox 1131 1734 1237 1801; x_wconf 85' lang='lat' dir='ltr'><strong>nuru?</strong></span> <span class='ocrx_word' id='word_1_83' title='bbox 1259 1738 1332 1802; x_wconf 92' lang='lat' dir='ltr'><strong>Non</strong></span> <span class='ocrx_word' id='word_1_84' title='bbox 1351 1736 1457 1801; x_wconf 91' lang='lat' dir='ltr'><strong>levius</strong></span> <span class='ocrx_word' id='word_1_85' title='bbox 1476 1740 1596 1802; x_wconf 83' lang='lat' dir='ltr'><strong>crimen</strong></span> <span class='ocrx_word' id='word_1_86' title='bbox 1617 1745 1674 1802; x_wconf 91' lang='lat' dir='ltr'><strong>est.</strong></span> <span class='ocrx_word' id='word_1_87' title='bbox 1700 1738 1806 1803; x_wconf 88' lang='lat' dir='ltr'><strong>Attuli</strong></span> 
     </span>
    </p>

    <p class='ocr_par' dir='ltr' id='par_1_8' title="bbox 608 1840 1805 1928">
     <span class='ocr_line' id='line_1_10' title="bbox 608 1840 1805 1928; baseline -0.002 -18"><span class='ocrx_word' id='word_1_88' title='bbox 608 1854 688 1911; x_wconf 89' lang='lat' dir='ltr'><strong>tunc</strong></span> <span class='ocrx_word' id='word_1_89' title='bbox 719 1867 757 1909; x_wconf 88' lang='lat' dir='ltr'><strong>ex</strong></span> <span class='ocrx_word' id='word_1_90' title='bbox 781 1844 997 1928; x_wconf 80' lang='lat' dir='ltr'><strong>Theophrasto</strong></span> <span class='ocrx_word' id='word_1_91' title='bbox 1021 1841 1144 1917; x_wconf 89' lang='lat' dir='ltr'><strong>locum,</strong></span> <span class='ocrx_word' id='word_1_92' title='bbox 1170 1842 1226 1905; x_wconf 93' lang='lat' dir='ltr'><strong>ubi</strong></span> <span class='ocrx_word' id='word_1_93' title='bbox 1249 1841 1346 1915; x_wconf 77' lang='grc' dir='ltr'><strong><em>ώηδης</em></strong></span> <span class='ocrx_word' id='word_1_94' title='bbox 1370 1840 1570 1920; x_wconf 80' lang='lat' dir='ltr'><strong>describitur,</strong></span> <span class='ocrx_word' id='word_1_95' title='bbox 1596 1845 1651 1927; x_wconf 93' lang='lat' dir='ltr'><strong>qui</strong></span> <span class='ocrx_word' id='word_1_96' title='bbox 1675 1845 1709 1908; x_wconf 79' lang='grc' dir='ltr'><strong>τὸ</strong></span> <span class='ocrx_word' id='word_1_97' title='bbox 1734 1866 1805 1908; x_wconf 87' lang='grc' dir='ltr'><strong><em>ται-</em></strong></span> 
     </span>
    </p>

    <p class='ocr_par' dir='ltr' id='par_1_9' title="bbox 608 1943 1806 2029">
     <span class='ocr_line' id='line_1_11' title="bbox 608 1943 1806 2029; baseline -0.003 -13"><span class='ocrx_word' id='word_1_98' title='bbox 608 1952 671 2016; x_wconf 78' lang='grc' dir='ltr'><strong><em>δέον</em></strong></span> <span class='ocrx_word' id='word_1_99' title='bbox 703 1958 758 2024; x_wconf 79' lang='grc' dir='ltr'><strong>τῆς</strong></span> <span class='ocrx_word' id='word_1_100' title='bbox 786 1950 890 2022; x_wconf 82' lang='grc' dir='ltr'><strong><em>τέτύης</em></strong></span> <span class='ocrx_word' id='word_1_101' title='bbox 922 1946 1115 2026; x_wconf 77' lang='grc' dir='ltr'><strong><em>οὶφελύμενος</em></strong></span> <span class='ocrx_word' id='word_1_102' title='bbox 1141 1946 1321 2022; x_wconf 75' lang='grc' dir='ltr'><strong><em>μασώμενος</em></strong></span> <span class='ocrx_word' id='word_1_103' title='bbox 1347 1943 1454 2025; x_wconf 69' lang='grc' dir='ltr'><strong><em>σιτίζει</em></strong></span> <span class='ocrx_word' id='word_1_104' title='bbox 1478 1946 1571 2018; x_wconf 80' lang='grc' dir='ltr'><strong><em>αὐτὸς</em></strong></span> <span class='ocrx_word' id='word_1_105' title='bbox 1598 1948 1648 2012; x_wconf 75' lang='grc' dir='ltr'><strong>καὶ</strong></span> <span class='ocrx_word' id='word_1_106' title='bbox 1674 1950 1806 2029; x_wconf 85' lang='grc' dir='ltr'><strong><em>ύποκορέ-</em></strong></span> 
     </span>
    </p>

    <p class='ocr_par' dir='ltr' id='par_1_10' title="bbox 607 2047 1803 2136">
     <span class='ocr_line' id='line_1_12' title="bbox 607 2047 1803 2136; baseline -0.003 -16"><span class='ocrx_word' id='word_1_107' title='bbox 607 2056 698 2136; x_wconf 79' lang='grc' dir='ltr'><strong><em>ζεται</em></strong></span> <span class='ocrx_word' id='word_1_108' title='bbox 717 2053 885 2133; x_wconf 84' lang='grc' dir='ltr'><strong><em>ποττύζον</em></strong></span> <span class='ocrx_word' id='word_1_109' title='bbox 905 2049 957 2114; x_wconf 76' lang='grc' dir='ltr'><strong><em>καὶ</em></strong></span> <span class='ocrx_word' id='word_1_110' title='bbox 983 2049 1258 2130; x_wconf 71' lang='grc' dir='ltr'><strong>πανούργημα</strong></span> <span class='ocrx_word' id='word_1_111' title='bbox 1280 2055 1335 2115; x_wconf 83' lang='grc' dir='ltr'><strong>τοῦ</strong></span> <span class='ocrx_word' id='word_1_112' title='bbox 1359 2047 1491 2116; x_wconf 81' lang='grc' dir='ltr'><strong><em>τύπτου</em></strong></span> <span class='ocrx_word' id='word_1_113' title='bbox 1516 2060 1624 2117; x_wconf 80' lang='grc' dir='ltr'><strong><em>καλεῖ·</em></strong></span> <span class='ocrx_word' id='word_1_114' title='bbox 1648 2055 1693 2118; x_wconf 90' lang='lat' dir='ltr'><strong>sic</strong></span> <span class='ocrx_word' id='word_1_115' title='bbox 1717 2056 1803 2118; x_wconf 91' lang='lat' dir='ltr'><strong>enim</strong></span> 
     </span>
    </p>

    <p class='ocr_par' dir='ltr' id='par_1_11' title="bbox 605 2154 1804 2247">
     <span class='ocr_line' id='line_1_13' title="bbox 605 2154 1804 2247; baseline -0.003 -21"><span class='ocrx_word' id='word_1_116' title='bbox 605 2160 784 2247; x_wconf 85' lang='lat' dir='ltr'><strong>legendum</strong></span> <span class='ocrx_word' id='word_1_117' title='bbox 807 2179 874 2223; x_wconf 92' lang='lat' dir='ltr'><strong>esse</strong></span> <span class='ocrx_word' id='word_1_118' title='bbox 897 2154 1105 2235; x_wconf 71' lang='grc' dir='ltr'><strong>πανούργημα</strong></span> <span class='ocrx_word' id='word_1_119' title='bbox 1130 2177 1168 2220; x_wconf 86' lang='lat' dir='ltr'><strong>ox</strong></span> <span class='ocrx_word' id='word_1_120' title='bbox 1193 2156 1414 2221; x_wconf 85' lang='lat' dir='ltr'><strong>emendatione</strong></span> <span class='ocrx_word' id='word_1_121' title='bbox 1438 2155 1560 2223; x_wconf 81' lang='lat' dir='ltr'><strong>Cobeti.</strong></span> <span class='ocrx_word' id='word_1_122' title='bbox 1585 2157 1675 2236; x_wconf 78' lang='lat' dir='ltr'><strong>Quod</strong></span> <span class='ocrx_word' id='word_1_123' title='bbox 1694 2164 1804 2223; x_wconf 92' lang='lat' dir='ltr'><strong>autem</strong></span> 
     </span>
    </p>

    <p class='ocr_par' dir='ltr' id='par_1_12' title="bbox 606 2261 1804 2347">
     <span class='ocr_line' id='line_1_14' title="bbox 606 2261 1804 2347; baseline -0.004 -15"><span class='ocrx_word' id='word_1_124' title='bbox 606 2267 720 2332; x_wconf 85' lang='lat' dir='ltr'><strong>scribit</strong></span> <span class='ocrx_word' id='word_1_125' title='bbox 743 2262 864 2329; x_wconf 91' lang='lat' dir='ltr'><strong>Paulus</strong></span> <span class='ocrx_word' id='word_1_126' title='bbox 887 2261 1071 2326; x_wconf 89' lang='lat' dir='ltr'><strong>inauditum</strong></span> <span class='ocrx_word' id='word_1_127' title='bbox 1096 2261 1217 2325; x_wconf 89' lang='lat' dir='ltr'><strong>facinus</strong></span> <span class='ocrx_word' id='word_1_128' title='bbox 1238 2281 1305 2325; x_wconf 89' lang='lat' dir='ltr'><strong>esse</strong></span> <span class='ocrx_word' id='word_1_129' title='bbox 1325 2261 1405 2324; x_wconf 81' lang='lat' dir='ltr'><strong>inter</strong></span> <span class='ocrx_word' id='word_1_130' title='bbox 1419 2270 1536 2341; x_wconf 78' lang='grc' dir='ltr'><strong><em>ροαοσε,</em></strong></span> <span class='ocrx_word' id='word_1_131' title='bbox 1558 2265 1701 2346; x_wconf 90' lang='lat' dir='ltr'><strong>primum</strong></span> <span class='ocrx_word' id='word_1_132' title='bbox 1719 2263 1804 2347; x_wconf 92' lang='lat' dir='ltr'><strong>apud</strong></span> 
     </span>
    </p>

    <p class='ocr_par' dir='ltr' id='par_1_13' title="bbox 605 2366 1803 2453">
     <span class='ocr_line' id='line_1_15' title="bbox 605 2366 1803 2453; baseline -0.004 -17"><span class='ocrx_word' id='word_1_133' title='bbox 605 2370 768 2436; x_wconf 85' lang='lat' dir='ltr'><strong>Israelitas</strong></span> <span class='ocrx_word' id='word_1_134' title='bbox 787 2371 873 2453; x_wconf 90' lang='lat' dir='ltr'><strong>ipsos</strong></span> <span class='ocrx_word' id='word_1_135' title='bbox 893 2371 1010 2431; x_wconf 89' lang='lat' dir='ltr'><strong>norunt</strong></span> <span class='ocrx_word' id='word_1_136' title='bbox 1031 2387 1141 2431; x_wconf 91' lang='lat' dir='ltr'><strong>omnes</strong></span> <span class='ocrx_word' id='word_1_137' title='bbox 1160 2366 1329 2430; x_wconf 83' lang='lat' dir='ltr'><strong>historiam</strong></span> <span class='ocrx_word' id='word_1_138' title='bbox 1350 2366 1388 2430; x_wconf 89' lang='lat' dir='ltr'><strong>de</strong></span> <span class='ocrx_word' id='word_1_139' title='bbox 1408 2366 1487 2431; x_wconf 89' lang='lat' dir='ltr'><strong>Iuda</strong></span> <span class='ocrx_word' id='word_1_140' title='bbox 1507 2372 1540 2432; x_wconf 91' lang='lat' dir='ltr'><strong>et</strong></span> <span class='ocrx_word' id='word_1_141' title='bbox 1558 2388 1642 2431; x_wconf 89' lang='lat' dir='ltr'><strong>nuru</strong></span> <span class='ocrx_word' id='word_1_142' title='bbox 1654 2367 1803 2444; x_wconf 78' lang='lat' dir='ltr'><strong>Thamar,</strong></span> 
     </span>
    </p>

    <p class='ocr_par' dir='ltr' id='par_1_14' title="bbox 608 2469 1803 2556">
     <span class='ocr_line' id='line_1_16' title="bbox 608 2469 1803 2556; baseline -0.005 -15"><span class='ocrx_word' id='word_1_143' title='bbox 608 2476 725 2542; x_wconf 88' lang='lat' dir='ltr'><strong>Genes.</strong></span> <span class='ocrx_word' id='word_1_144' title='bbox 751 2474 803 2538; x_wconf 88' lang='lat'><strong>38.</strong></span> <span class='ocrx_word' id='word_1_145' title='bbox 828 2473 913 2538; x_wconf 83' lang='lat' dir='ltr'><strong>Sunt</strong></span> <span class='ocrx_word' id='word_1_146' title='bbox 936 2478 1099 2556; x_wconf 88' lang='lat' dir='ltr'><strong>praeterea</strong></span> <span class='ocrx_word' id='word_1_147' title='bbox 1121 2469 1208 2556; x_wconf 89' lang='lat' dir='ltr'><strong>legas</strong></span> <span class='ocrx_word' id='word_1_148' title='bbox 1233 2470 1368 2535; x_wconf 87' lang='lat' dir='ltr'><strong>Levitic.</strong></span> <span class='ocrx_word' id='word_1_149' title='bbox 1396 2470 1501 2536; x_wconf 85' lang='lat' dir='ltr'>XVIII</span> <span class='ocrx_word' id='word_1_150' title='bbox 1525 2471 1597 2536; x_wconf 78' lang='lat' dir='ltr'><strong>set</strong></span> <span class='ocrx_word' id='word_1_151' title='bbox 1618 2472 1677 2536; x_wconf 82' lang='lat'><strong>15:</strong></span> <span class='ocrx_word' id='word_1_152' title='bbox 1704 2471 1803 2547; x_wconf 79' lang='lat' dir='ltr'><strong>„Tur-</strong></span> 
     </span>
    </p>

    <p class='ocr_par' dir='ltr' id='par_1_15' title="bbox 607 2574 1802 2666">
     <span class='ocr_line' id='line_1_17' title="bbox 607 2574 1802 2666; baseline -0.007 -20"><span class='ocrx_word' id='word_1_153' title='bbox 607 2581 789 2666; x_wconf 89' lang='lat' dir='ltr'><strong>pitudinem</strong></span> <span class='ocrx_word' id='word_1_154' title='bbox 819 2581 929 2643; x_wconf 85' lang='lat' dir='ltr'><strong>uxoris</strong></span> <span class='ocrx_word' id='word_1_155' title='bbox 961 2579 1060 2661; x_wconf 84' lang='lat' dir='ltr'><strong>patris</strong></span> <span class='ocrx_word' id='word_1_156' title='bbox 1093 2579 1142 2640; x_wconf 92' lang='lat' dir='ltr'><strong>tui</strong></span> <span class='ocrx_word' id='word_1_157' title='bbox 1172 2598 1234 2640; x_wconf 90' lang='lat' dir='ltr'><strong>non</strong></span> <span class='ocrx_word' id='word_1_158' title='bbox 1265 2574 1492 2659; x_wconf 74' lang='lat' dir='ltr'><strong>discooperies,</strong></span> <span class='ocrx_word' id='word_1_159' title='bbox 1525 2576 1691 2661; x_wconf 87' lang='lat' dir='ltr'><strong>turpitudo</strong></span> <span class='ocrx_word' id='word_1_160' title='bbox 1717 2578 1802 2641; x_wconf 90' lang='lat' dir='ltr'><strong>enim</strong></span> 
     </span>
    </p>

    <p class='ocr_par' dir='ltr' id='par_1_16' title="bbox 606 2680 1803 2772">
     <span class='ocr_line' id='line_1_18' title="bbox 606 2680 1803 2772; baseline -0.003 -22"><span class='ocrx_word' id='word_1_161' title='bbox 606 2690 707 2772; x_wconf 92' lang='lat' dir='ltr'><strong>patris</strong></span> <span class='ocrx_word' id='word_1_162' title='bbox 732 2688 781 2749; x_wconf 92' lang='lat' dir='ltr'><strong>tui</strong></span> <span class='ocrx_word' id='word_1_163' title='bbox 805 2689 863 2748; x_wconf 88' lang='lat' dir='ltr'><strong>est.</strong></span> <span class='ocrx_word' id='word_1_164' title='bbox 888 2719 930 2732; x_wconf 89' lang='lat'>—</span> <span class='ocrx_word' id='word_1_165' title='bbox 955 2680 1201 2765; x_wconf 84' lang='lat' dir='ltr'><strong>Turpitudinenr</strong></span> <span class='ocrx_word' id='word_1_166' title='bbox 1225 2701 1326 2744; x_wconf 87' lang='lat' dir='ltr'><strong>nurus</strong></span> <span class='ocrx_word' id='word_1_167' title='bbox 1350 2688 1424 2745; x_wconf 91' lang='lat' dir='ltr'><strong>tuae</strong></span> <span class='ocrx_word' id='word_1_168' title='bbox 1448 2703 1510 2745; x_wconf 91' lang='lat' dir='ltr'><strong>non</strong></span> <span class='ocrx_word' id='word_1_169' title='bbox 1533 2681 1705 2757; x_wconf 85' lang='lat' dir='ltr'><strong>revelabis,</strong></span> <span class='ocrx_word' id='word_1_170' title='bbox 1727 2684 1803 2765; x_wconf 92' lang='lat' dir='ltr'><strong>quia</strong></span> 
     </span>
    </p>

    <p class='ocr_par' dir='ltr' id='par_1_17' title="bbox 605 2785 1800 2870">
     <span class='ocr_line' id='line_1_19' title="bbox 605 2785 1800 2870; baseline -0.003 -15"><span class='ocrx_word' id='word_1_171' title='bbox 605 2811 689 2855; x_wconf 80' lang='lat' dir='ltr'><strong>uxor</strong></span> <span class='ocrx_word' id='word_1_172' title='bbox 720 2789 779 2853; x_wconf 86' lang='lat' dir='ltr'><strong>filii</strong></span> <span class='ocrx_word' id='word_1_173' title='bbox 810 2791 859 2853; x_wconf 92' lang='lat' dir='ltr'><strong>tui</strong></span> <span class='ocrx_word' id='word_1_174' title='bbox 889 2794 955 2863; x_wconf 89' lang='lat' dir='ltr'><strong>est,</strong></span> <span class='ocrx_word' id='word_1_175' title='bbox 988 2808 1045 2850; x_wconf 93' lang='lat' dir='ltr'><strong>nec</strong></span> <span class='ocrx_word' id='word_1_176' title='bbox 1069 2785 1278 2869; x_wconf 87' lang='lat' dir='ltr'><strong>discooperies</strong></span> <span class='ocrx_word' id='word_1_177' title='bbox 1302 2788 1514 2870; x_wconf 81' lang='lat' dir='ltr'><strong>ignominiam</strong></span> <span class='ocrx_word' id='word_1_178' title='bbox 1538 2787 1641 2850; x_wconf 87' lang='lat' dir='ltr'><strong>eius.’&#39;</strong></span> <span class='ocrx_word' id='word_1_179' title='bbox 1667 2786 1800 2851; x_wconf 92' lang='lat' dir='ltr'><strong>Verum-</strong></span> 
     </span>
    </p>

    <p class='ocr_par' dir='ltr' id='par_1_18' title="bbox 606 2890 1802 2977">
     <span class='ocr_line' id='line_1_20' title="bbox 606 2890 1802 2977; baseline -0.003 -17"><span class='ocrx_word' id='word_1_180' title='bbox 606 2899 771 2961; x_wconf 89' lang='lat' dir='ltr'><strong>enimvero</strong></span> <span class='ocrx_word' id='word_1_181' title='bbox 795 2894 915 2958; x_wconf 87' lang='lat' dir='ltr'><strong>talibus</strong></span> <span class='ocrx_word' id='word_1_182' title='bbox 938 2892 1065 2977; x_wconf 87' lang='lat' dir='ltr'><strong>legibus</strong></span> <span class='ocrx_word' id='word_1_183' title='bbox 1088 2893 1247 2976; x_wconf 87' lang='lat' dir='ltr'><strong>potuisset</strong></span> <span class='ocrx_word' id='word_1_184' title='bbox 1270 2890 1486 2976; x_wconf 86' lang='lat' dir='ltr'><strong>supersederi,</strong></span> <span class='ocrx_word' id='word_1_185' title='bbox 1510 2894 1572 2954; x_wconf 90' lang='lat' dir='ltr'><strong>nisi</strong></span> <span class='ocrx_word' id='word_1_186' title='bbox 1591 2891 1725 2956; x_wconf 84' lang='lat' dir='ltr'><strong>fuissent</strong></span> <span class='ocrx_word' id='word_1_187' title='bbox 1746 2895 1802 2976; x_wconf 93' lang='lat' dir='ltr'><strong>qui</strong></span> 
     </span>
    </p>

    <p class='ocr_par' dir='ltr' id='par_1_19' title="bbox 607 2995 1801 3084">
     <span class='ocr_line' id='line_1_21' title="bbox 607 2995 1801 3084; baseline -0.003 -19"><span class='ocrx_word' id='word_1_188' title='bbox 607 3003 689 3067; x_wconf 89' lang='lat' dir='ltr'><strong>hanc</strong></span> <span class='ocrx_word' id='word_1_189' title='bbox 724 2999 893 3065; x_wconf 84' lang='lat' dir='ltr'><strong>nefandam</strong></span> <span class='ocrx_word' id='word_1_190' title='bbox 926 2997 1079 3061; x_wconf 88' lang='lat' dir='ltr'><strong>Venerem</strong></span> <span class='ocrx_word' id='word_1_191' title='bbox 1111 3001 1316 3060; x_wconf 90' lang='lat' dir='ltr'><strong>sectarentur.</strong></span> <span class='ocrx_word' id='word_1_192' title='bbox 1358 2995 1440 3074; x_wconf 83' lang='lat' dir='ltr'><strong>Quid</strong></span> <span class='ocrx_word' id='word_1_193' title='bbox 1472 3001 1581 3061; x_wconf 89' lang='lat' dir='ltr'><strong>autem</strong></span> <span class='ocrx_word' id='word_1_194' title='bbox 1612 2995 1701 3084; x_wconf 88' lang='lat' dir='ltr'><strong>leges</strong></span> <span class='ocrx_word' id='word_1_195' title='bbox 1733 2999 1801 3062; x_wconf 91' lang='lat' dir='ltr'><strong>sine</strong></span> 
     </span>
    </p>

    <p class='ocr_par' dir='ltr' id='par_1_20' title="bbox 607 3100 1799 3189">
     <span class='ocr_line' id='line_1_22' title="bbox 607 3100 1799 3189; baseline -0.005 -16"><span class='ocrx_word' id='word_1_196' title='bbox 607 3108 753 3173; x_wconf 90' lang='lat' dir='ltr'><strong>moribus</strong></span> <span class='ocrx_word' id='word_1_197' title='bbox 783 3126 883 3170; x_wconf 88' lang='lat' dir='ltr'><strong>vanae</strong></span> <span class='ocrx_word' id='word_1_198' title='bbox 914 3100 1105 3189; x_wconf 82' lang='lat' dir='ltr'><strong>proficiunt?</strong></span> <span class='ocrx_word' id='word_1_199' title='bbox 1138 3102 1264 3187; x_wconf 82' lang='lat' dir='ltr'><strong>Fugato</strong></span> <span class='ocrx_word' id='word_1_200' title='bbox 1296 3107 1402 3185; x_wconf 86' lang='lat' dir='ltr'><strong>patre,</strong></span> <span class='ocrx_word' id='word_1_201' title='bbox 1435 3101 1455 3166; x_wconf 85' lang='lat'><strong><em>2</em></strong></span> <span class='ocrx_word' id='word_1_202' title='bbox 1486 3101 1590 3189; x_wconf 84' lang='lat' dir='ltr'><strong>Regg.</strong></span> <span class='ocrx_word' id='word_1_203' title='bbox 1621 3102 1706 3168; x_wconf 87' lang='lat' dir='ltr'>XVI.</span> <span class='ocrx_word' id='word_1_204' title='bbox 1739 3102 1799 3181; x_wconf 83' lang='lat'><strong>22,</strong></span> 
     </span>
    </p>

    <p class='ocr_par' dir='ltr' id='par_1_21' title="bbox 606 3205 1802 3292">
     <span class='ocr_line' id='line_1_23' title="bbox 606 3205 1802 3292; baseline -0.006 -14"><span class='ocrx_word' id='word_1_205' title='bbox 606 3211 811 3278; x_wconf 85' lang='lat' dir='ltr'><strong>tetenderunt</strong></span> <span class='ocrx_word' id='word_1_206' title='bbox 843 3207 1012 3274; x_wconf 84' lang='lat' dir='ltr'><strong>Absalamo</strong></span> <span class='ocrx_word' id='word_1_207' title='bbox 1043 3205 1284 3272; x_wconf 89' lang='lat' dir='ltr'><strong>tabernaculum</strong></span> <span class='ocrx_word' id='word_1_208' title='bbox 1309 3210 1534 3292; x_wconf 80' lang='lat' dir='ltr'><strong>ingressusque</strong></span> <span class='ocrx_word' id='word_1_209' title='bbox 1557 3208 1667 3272; x_wconf 89' lang='lat' dir='ltr'><strong>estad</strong></span> <span class='ocrx_word' id='word_1_210' title='bbox 1692 3229 1802 3273; x_wconf 89' lang='lat' dir='ltr'><strong>concu-</strong></span> 
     </span>
    </p>

    <p class='ocr_par' dir='ltr' id='par_1_22' title="bbox 606 3309 1800 3401">
     <span class='ocr_line' id='line_1_24' title="bbox 606 3309 1800 3401; baseline -0.003 -19"><span class='ocrx_word' id='word_1_211' title='bbox 606 3320 697 3383; x_wconf 88' lang='lat' dir='ltr'><strong>binas</strong></span> <span class='ocrx_word' id='word_1_212' title='bbox 720 3318 820 3401; x_wconf 87' lang='lat' dir='ltr'><strong>patris</strong></span> <span class='ocrx_word' id='word_1_213' title='bbox 844 3316 895 3379; x_wconf 91' lang='lat' dir='ltr'><strong>sni</strong></span> <span class='ocrx_word' id='word_1_214' title='bbox 915 3333 1020 3378; x_wconf 90' lang='lat' dir='ltr'><strong>coram</strong></span> <span class='ocrx_word' id='word_1_215' title='bbox 1043 3315 1192 3377; x_wconf 92' lang='lat' dir='ltr'><strong>universo</strong></span> <span class='ocrx_word' id='word_1_216' title='bbox 1215 3309 1322 3375; x_wconf 89' lang='lat' dir='ltr'><strong>lsrael.</strong></span> <span class='ocrx_word' id='word_1_217' title='bbox 1348 3312 1503 3397; x_wconf 86' lang='lat' dir='ltr'><strong>Legimus</strong></span> <span class='ocrx_word' id='word_1_218' title='bbox 1527 3313 1611 3396; x_wconf 85' lang='lat' dir='ltr'><strong>apud</strong></span> <span class='ocrx_word' id='word_1_219' title='bbox 1630 3312 1800 3397; x_wconf 92' lang='lat' dir='ltr'><strong>Iosephum</strong></span> 
     </span>
    </p>

    <p class='ocr_par' dir='ltr' id='par_1_23' title="bbox 606 3416 1802 3507">
     <span class='ocr_line' id='line_1_25' title="bbox 606 3416 1802 3507; baseline -0.003 -20"><span class='ocrx_word' id='word_1_220' title='bbox 606 3426 739 3507; x_wconf 82' lang='lat' dir='ltr'><strong>Antiqq.</strong></span> <span class='ocrx_word' id='word_1_221' title='bbox 771 3420 840 3485; x_wconf 90' lang='lat' dir='ltr'><strong>Iud.</strong></span> <span class='ocrx_word' id='word_1_222' title='bbox 874 3418 949 3483; x_wconf 86' lang='lat' dir='ltr'><strong>XVI</strong></span> <span class='ocrx_word' id='word_1_223' title='bbox 972 3418 1087 3503; x_wconf 77' lang='lat'>§2062</span> <span class='ocrx_word' id='word_1_224' title='bbox 1119 3419 1133 3482; x_wconf 79' lang='grc' dir='ltr'><em>ὃ</em></span> <span class='ocrx_word' id='word_1_225' title='bbox 1158 3419 1220 3495; x_wconf 79' lang='grc' dir='ltr'><strong>γαρ</strong></span> <span class='ocrx_word' id='word_1_226' title='bbox 1247 3416 1383 3496; x_wconf 77' lang='grc' dir='ltr'><strong><em>Φερώρας</em></strong></span> <span class='ocrx_word' id='word_1_227' title='bbox 1410 3418 1500 3481; x_wconf 71' lang='lat' dir='ltr'><strong>tates</strong></span> <span class='ocrx_word' id='word_1_228' title='bbox 1524 3420 1610 3497; x_wconf 74' lang='grc' dir='ltr'><strong><em>παρὰ</em></strong></span> <span class='ocrx_word' id='word_1_229' title='bbox 1635 3419 1687 3482; x_wconf 79' lang='grc' dir='ltr'><strong>τὸν</strong></span> <span class='ocrx_word' id='word_1_230' title='bbox 1713 3419 1802 3483; x_wconf 79' lang='grc' dir='ltr'><strong><em>Ἀλέ-</em></strong></span> 
     </span>
    </p>

    <p class='ocr_par' dir='ltr' id='par_1_24' title="bbox 600 3522 1837 4566">
     <span class='ocr_line' id='line_1_26' title="bbox 606 3522 1837 3610; baseline -0.003 -18"><span class='ocrx_word' id='word_1_231' title='bbox 606 3527 730 3606; x_wconf 77' lang='grc' dir='ltr'><strong><em>ξανδρον</em></strong></span> <span class='ocrx_word' id='word_1_232' title='bbox 755 3524 869 3605; x_wconf 80' lang='grc' dir='ltr'><strong><em>ἔχοντα</em></strong></span> <span class='ocrx_word' id='word_1_233' title='bbox 891 3525 945 3597; x_wconf 71' lang='grc' dir='ltr'><strong>τὴν</strong></span> <span class='ocrx_word' id='word_1_234' title='bbox 969 3523 1146 3603; x_wconf 82' lang='grc' dir='ltr'><strong><em>’Λρχελύου</em></strong></span> <span class='ocrx_word' id='word_1_235' title='bbox 1170 3524 1327 3601; x_wconf 74' lang='grc' dir='ltr'><strong><em>θυγατέρα</em></strong></span> <span class='ocrx_word' id='word_1_236' title='bbox 1352 3522 1533 3603; x_wconf 80' lang='grc' dir='ltr'><strong><em>Γλαφύραν,</em></strong></span> <span class='ocrx_word' id='word_1_237' title='bbox 1560 3524 1717 3600; x_wconf 75' lang='grc' dir='ltr'><strong><em>Σαλώμης</em></strong></span> <span class='ocrx_word' id='word_1_238' title='bbox 1738 3523 1799 3604; x_wconf 78' lang='grc' dir='ltr'><strong>ἔφη</strong></span> <span class='ocrx_word' id='word_1_239' title='bbox 1832 3603 1837 3610; x_wconf 27' lang='lat'>¹</span> 
     </span>
     <span class='ocr_line' id='line_1_27' title="bbox 605 3627 1802 3713; baseline -0.004 -14"><span class='ocrx_word' id='word_1_240' title='bbox 605 3632 759 3713; x_wconf 75' lang='grc' dir='ltr'><strong>λεγούσης</strong></span> <span class='ocrx_word' id='word_1_241' title='bbox 789 3630 951 3705; x_wconf 77' lang='grc' dir='ltr'><strong><em>ἆκηιιοέναι</em></strong></span> <span class='ocrx_word' id='word_1_242' title='bbox 975 3630 1027 3693; x_wconf 80' lang='grc' dir='ltr'><strong>τὸν</strong></span> <span class='ocrx_word' id='word_1_243' title='bbox 1051 3628 1181 3709; x_wconf 79' lang='grc' dir='ltr'><strong><em>Ἡρώδην</em></strong></span> <span class='ocrx_word' id='word_1_244' title='bbox 1207 3631 1356 3703; x_wconf 75' lang='grc' dir='ltr'><strong><em>ύττῆσύαι</em></strong></span> <span class='ocrx_word' id='word_1_245' title='bbox 1379 3633 1433 3693; x_wconf 84' lang='grc' dir='ltr'><strong>τοῦ</strong></span> <span class='ocrx_word' id='word_1_246' title='bbox 1458 3637 1513 3703; x_wconf 76' lang='grc' dir='ltr'><strong><em>τοῖς</em></strong></span> <span class='ocrx_word' id='word_1_247' title='bbox 1539 3628 1710 3709; x_wconf 79' lang='grc' dir='ltr'><strong><em>Γλαφύρας</em></strong></span> <span class='ocrx_word' id='word_1_248' title='bbox 1735 3627 1802 3708; x_wconf 76' lang='grc' dir='ltr'><strong><em>ἔροι-</em></strong></span> 
     </span>
     <span class='ocr_line' id='line_1_28' title="bbox 604 3730 1799 3817; baseline -0.003 -12"><span class='ocrx_word' id='word_1_249' title='bbox 604 3766 656 3813; x_wconf 91' lang='grc' dir='ltr'><strong>τος</strong></span> <span class='ocrx_word' id='word_1_250' title='bbox 689 3739 740 3803; x_wconf 76' lang='grc' dir='ltr'><strong>καὶ</strong></span> <span class='ocrx_word' id='word_1_251' title='bbox 775 3737 1047 3817; x_wconf 73' lang='grc' dir='ltr'><strong><em>δνσπαραγύρητον</em></strong></span> <span class='ocrx_word' id='word_1_252' title='bbox 1079 3736 1163 3813; x_wconf 75' lang='grc' dir='ltr'><strong><em>αὐτῷ</em></strong></span> <span class='ocrx_word' id='word_1_253' title='bbox 1196 3735 1251 3808; x_wconf 73' lang='grc' dir='ltr'><strong>την</strong></span> <span class='ocrx_word' id='word_1_254' title='bbox 1284 3734 1448 3812; x_wconf 82' lang='grc' dir='ltr'><strong><em>έπιύνμέαν</em></strong></span> <span class='ocrx_word' id='word_1_255' title='bbox 1480 3730 1566 3799; x_wconf 73' lang='grc' dir='ltr'><strong><em>εἶναι.</em></strong></span> <span class='ocrx_word' id='word_1_256' title='bbox 1603 3735 1685 3800; x_wconf 89' lang='lat' dir='ltr'><strong>Item</strong></span> <span class='ocrx_word' id='word_1_257' title='bbox 1717 3734 1799 3802; x_wconf 90' lang='lat' dir='ltr'><strong>Bell.</strong></span> 
     </span>
     <span class='ocr_line' id='line_1_29' title="bbox 603 3839 1800 3927; baseline -0.004 -17"><span class='ocrx_word' id='word_1_258' title='bbox 603 3846 724 3912; x_wconf 90' lang='lat' dir='ltr'><strong>Iudaic.</strong></span> <span class='ocrx_word' id='word_1_259' title='bbox 749 3844 763 3908; x_wconf 94' lang='lat' dir='ltr'>I</span> <span class='ocrx_word' id='word_1_260' title='bbox 786 3842 901 3927; x_wconf 60' lang='lat' dir='ltr'><strong>tiso:</strong></span> <span class='ocrx_word' id='word_1_261' title='bbox 926 3839 1103 3905; x_wconf 87' lang='lat' dir='ltr'><strong>Ptolemaei</strong></span> <span class='ocrx_word' id='word_1_262' title='bbox 1127 3840 1277 3904; x_wconf 89' lang='lat' dir='ltr'><strong>Mennaei</strong></span> <span class='ocrx_word' id='word_1_263' title='bbox 1297 3839 1383 3904; x_wconf 86' lang='lat' dir='ltr'><strong>filius</strong></span> <span class='ocrx_word' id='word_1_264' title='bbox 1403 3839 1590 3925; x_wconf 85' lang='lat' dir='ltr'><strong>Philippica</strong></span> <span class='ocrx_word' id='word_1_265' title='bbox 1610 3841 1800 3913; x_wconf 70' lang='grc' dir='ltr'><strong><em>ἀποσπάσας</em></strong></span> 
     </span>
     <span class='ocr_line' id='line_1_30' title="bbox 602 3944 1799 4027; baseline -0.003 -13"><span class='ocrx_word' id='word_1_266' title='bbox 602 3959 660 4024; x_wconf 75' lang='grc' dir='ltr'><strong>τῆς</strong></span> <span class='ocrx_word' id='word_1_267' title='bbox 685 3948 901 4027; x_wconf 80' lang='grc' dir='ltr'><strong><em>Ἀριςοβούλον</em></strong></span> <span class='ocrx_word' id='word_1_268' title='bbox 925 3948 1068 4023; x_wconf 84' lang='grc' dir='ltr'><strong><em>γυναικὸς</em></strong></span> <span class='ocrx_word' id='word_1_269' title='bbox 1095 3946 1270 4021; x_wconf 82' lang='grc' dir='ltr'><strong><em>’Λντέγονον</em></strong></span> <span class='ocrx_word' id='word_1_270' title='bbox 1291 3946 1345 4008; x_wconf 82' lang='grc' dir='ltr'><strong><em>καὶ</em></strong></span> <span class='ocrx_word' id='word_1_271' title='bbox 1365 3946 1424 4017; x_wconf 74' lang='grc' dir='ltr'><strong><em>τοὶς</em></strong></span> <span class='ocrx_word' id='word_1_272' title='bbox 1444 3944 1590 4024; x_wconf 70' lang='grc' dir='ltr'><strong><em>ἀδελφὰς</em></strong></span> <span class='ocrx_word' id='word_1_273' title='bbox 1611 3948 1707 4011; x_wconf 81' lang='grc' dir='ltr'><strong><em>αὑτοῦ</em></strong></span> <span class='ocrx_word' id='word_1_274' title='bbox 1727 3947 1799 4026; x_wconf 80' lang='grc' dir='ltr'><strong><em>πρὸς</em></strong></span> 
     </span>
     <span class='ocr_line' id='line_1_31' title="bbox 602 4037 1798 4133; baseline -0.003 -13"><span class='ocrx_word' id='word_1_275' title='bbox 602 4060 657 4125; x_wconf 80' lang='grc' dir='ltr'><strong>τὸν</strong></span> <span class='ocrx_word' id='word_1_276' title='bbox 690 4053 811 4133; x_wconf 89' lang='grc' dir='ltr'><strong><em>πατέρα</em></strong></span> <span class='ocrx_word' id='word_1_277' title='bbox 843 4054 1017 4130; x_wconf 80' lang='grc' dir='ltr'><strong><em>οὶνύγαγεν.</em></strong></span> <span class='ocrx_word' id='word_1_278' title='bbox 1050 4037 1161 4121; x_wconf 77' lang='grc' dir='ltr'><strong><em>’Λλύύς</em></strong></span> <span class='ocrx_word' id='word_1_279' title='bbox 1195 4050 1220 4114; x_wconf 72' lang='grc' dir='ltr'><strong>δ’</strong></span> <span class='ocrx_word' id='word_1_280' title='bbox 1244 4049 1330 4128; x_wconf 83' lang='grc' dir='ltr'><strong><em>έριοτι</em></strong></span> <span class='ocrx_word' id='word_1_281' title='bbox 1363 4058 1469 4126; x_wconf 80' lang='grc' dir='ltr'><strong><em>γαμεῖ</em></strong></span> <span class='ocrx_word' id='word_1_282' title='bbox 1497 4053 1552 4125; x_wconf 74' lang='grc' dir='ltr'><strong>την</strong></span> <span class='ocrx_word' id='word_1_283' title='bbox 1576 4053 1721 4131; x_wconf 76' lang='grc' dir='ltr'><strong><em>νεωτέραν</em></strong></span> <span class='ocrx_word' id='word_1_284' title='bbox 1745 4052 1798 4116; x_wconf 75' lang='grc' dir='ltr'><strong><em>καὶ</em></strong></span> 
     </span>
     <span class='ocr_line' id='line_1_32' title="bbox 602 4154 1800 4240; baseline -0.004 -14"><span class='ocrx_word' id='word_1_285' title='bbox 602 4165 691 4240; x_wconf 80' lang='grc' dir='ltr'><strong><em>μετα</em></strong></span> <span class='ocrx_word' id='word_1_286' title='bbox 723 4161 812 4223; x_wconf 72' lang='grc' dir='ltr'><strong><em>ταύύ·</em></strong></span> <span class='ocrx_word' id='word_1_287' title='bbox 841 4158 899 4222; x_wconf 76' lang='grc' dir='ltr'><strong>ὑπὸ</strong></span> <span class='ocrx_word' id='word_1_288' title='bbox 922 4162 976 4222; x_wconf 84' lang='grc' dir='ltr'><strong>τού</strong></span> <span class='ocrx_word' id='word_1_289' title='bbox 1000 4157 1113 4235; x_wconf 82' lang='grc' dir='ltr'><strong><em>πατρὸς</em></strong></span> <span class='ocrx_word' id='word_1_290' title='bbox 1141 4154 1178 4220; x_wconf 74' lang='lat' dir='ltr'><strong>tr·</strong></span> <span class='ocrx_word' id='word_1_291' title='bbox 1202 4157 1299 4230; x_wconf 75' lang='grc' dir='ltr'><strong><em>αύτην</em></strong></span> <span class='ocrx_word' id='word_1_292' title='bbox 1323 4157 1486 4219; x_wconf 75' lang='grc' dir='ltr'><strong><em>κτείνεται.</em></strong></span> <span class='ocrx_word' id='word_1_293' title='bbox 1511 4164 1616 4233; x_wconf 80' lang='grc' dir='ltr'><strong><em>γαμεῖ</em></strong></span> <span class='ocrx_word' id='word_1_294' title='bbox 1636 4158 1698 4236; x_wconf 76' lang='grc' dir='ltr'><strong>γὰρ</strong></span> <span class='ocrx_word' id='word_1_295' title='bbox 1723 4168 1800 4223; x_wconf 88' lang='grc' dir='ltr'><strong><em>Πτο-</em></strong></span> 
     </span>
     <span class='ocr_line' id='line_1_33' title="bbox 600 4260 1799 4349; baseline -0.003 -17"><span class='ocrx_word' id='word_1_296' title='bbox 600 4274 734 4342; x_wconf 82' lang='grc' dir='ltr'><strong><em>λεμαῖος</em></strong></span> <span class='ocrx_word' id='word_1_297' title='bbox 758 4265 813 4336; x_wconf 73' lang='grc' dir='ltr'><strong>την</strong></span> <span class='ocrx_word' id='word_1_298' title='bbox 837 4261 1056 4340; x_wconf 69' lang='grc' dir='ltr'><strong><em>Ἀλεξάνδραν.</em></strong></span> <span class='ocrx_word' id='word_1_299' title='bbox 1082 4261 1194 4346; x_wconf 86' lang='lat' dir='ltr'><strong>Itaque</strong></span> <span class='ocrx_word' id='word_1_300' title='bbox 1216 4260 1300 4325; x_wconf 91' lang='lat' dir='ltr'><strong>nihi]</strong></span> <span class='ocrx_word' id='word_1_301' title='bbox 1323 4263 1445 4325; x_wconf 92' lang='lat' dir='ltr'><strong>mirum</strong></span> <span class='ocrx_word' id='word_1_302' title='bbox 1469 4265 1517 4324; x_wconf 87' lang='lat' dir='ltr'><strong>est</strong></span> <span class='ocrx_word' id='word_1_303' title='bbox 1540 4260 1799 4349; x_wconf 82' lang='lat' dir='ltr'><strong>PseudoPhocy·</strong></span> 
     </span>
     <span class='ocr_line' id='line_1_34' title="bbox 600 4365 1799 4454; baseline -0.006 -15"><span class='ocrx_word' id='word_1_304' title='bbox 600 4374 704 4440; x_wconf 86' lang='lat' dir='ltr'><strong>Iidem</strong></span> <span class='ocrx_word' id='word_1_305' title='bbox 728 4371 885 4454; x_wconf 90' lang='lat' dir='ltr'><strong>corruptis</strong></span> <span class='ocrx_word' id='word_1_306' title='bbox 907 4370 1049 4433; x_wconf 90' lang='lat' dir='ltr'><strong>moribus</strong></span> <span class='ocrx_word' id='word_1_307' title='bbox 1074 4369 1351 4452; x_wconf 89' lang='lat' dir='ltr'><strong>operaepretium</strong></span> <span class='ocrx_word' id='word_1_308' title='bbox 1375 4366 1523 4430; x_wconf 85' lang='lat' dir='ltr'><strong>habuisse</strong></span> <span class='ocrx_word' id='word_1_309' title='bbox 1547 4365 1674 4430; x_wconf 88' lang='lat' dir='ltr'><strong>disertis</strong></span> <span class='ocrx_word' id='word_1_310' title='bbox 1693 4368 1799 4432; x_wconf 92' lang='lat' dir='ltr'><strong>verbis</strong></span> 
     </span>
     <span class='ocr_line' id='line_1_35' title="bbox 602 4472 968 4566; baseline -0.019 -22"><span class='ocrx_word' id='word_1_311' title='bbox 602 4481 787 4566; x_wconf 91' lang='lat' dir='ltr'><strong>praecipere</strong></span> <span class='ocrx_word' id='word_1_312' title='bbox 810 4496 858 4539; x_wconf 90' lang='lat' dir='ltr'><strong>vs.</strong></span> <span class='ocrx_word' id='word_1_313' title='bbox 887 4472 968 4540; x_wconf 84' lang='lat'>179:</span> 
     </span>
    </p>

    <p class='ocr_par' dir='ltr' id='par_1_25' title="bbox 784 4575 1606 4658">
     <span class='ocr_line' id='line_1_36' title="bbox 784 4575 1606 4658; baseline -0.002 -16"><span class='ocrx_word' id='word_1_314' title='bbox 784 4587 931 4657; x_wconf 77' lang='grc' dir='ltr'><strong><em>μητρυιῆς</em></strong></span> <span class='ocrx_word' id='word_1_315' title='bbox 956 4579 1000 4653; x_wconf 73' lang='grc' dir='ltr'><strong>μη</strong></span> <span class='ocrx_word' id='word_1_316' title='bbox 1023 4581 1107 4658; x_wconf 82' lang='grc' dir='ltr'><strong><em>ψαῦε</em></strong></span> <span class='ocrx_word' id='word_1_317' title='bbox 1132 4577 1173 4640; x_wconf 73' lang='grc' dir='ltr'><strong>τοὶ</strong></span> <span class='ocrx_word' id='word_1_318' title='bbox 1200 4576 1325 4654; x_wconf 69' lang='grc' dir='ltr'><strong><em>δεύτερα</em></strong></span> <span class='ocrx_word' id='word_1_319' title='bbox 1351 4575 1464 4655; x_wconf 85' lang='grc' dir='ltr'><strong><em>λέκτρα</em></strong></span> <span class='ocrx_word' id='word_1_320' title='bbox 1490 4583 1606 4652; x_wconf 75' lang='grc' dir='ltr'><strong><em>γονῆος.</em></strong></span> 
     </span>
    </p>

    <p class='ocr_par' dir='ltr' id='par_1_26' title="bbox 599 4680 1798 4982">
     <span class='ocr_line' id='line_1_37' title="bbox 601 4680 1797 4759; baseline -0.007 -6"><span class='ocrx_word' id='word_1_321' title='bbox 601 4686 696 4753; x_wconf 84' lang='lat' dir='ltr'><strong>Addo</strong></span> <span class='ocrx_word' id='word_1_322' title='bbox 720 4684 820 4749; x_wconf 85' lang='lat' dir='ltr'><strong>Vatic.</strong></span> <span class='ocrx_word' id='word_1_323' title='bbox 845 4685 955 4747; x_wconf 81' lang='lat' dir='ltr'><strong>Amos.</strong></span> <span class='ocrx_word' id='word_1_324' title='bbox 978 4680 1063 4748; x_wconf 85' lang='lat'>117:</span> <span class='ocrx_word' id='word_1_325' title='bbox 1088 4682 1140 4745; x_wconf 76' lang='grc' dir='ltr'><strong><em>καὶ</em></strong></span> <span class='ocrx_word' id='word_1_326' title='bbox 1165 4682 1226 4751; x_wconf 77' lang='grc' dir='ltr'><strong>υἱὸς</strong></span> <span class='ocrx_word' id='word_1_327' title='bbox 1251 4681 1302 4743; x_wconf 75' lang='grc' dir='ltr'><strong><em>καὶ</em></strong></span> <span class='ocrx_word' id='word_1_328' title='bbox 1329 4682 1431 4759; x_wconf 66' lang='grc' dir='ltr'><strong><em>πατὴρ</em></strong></span> <span class='ocrx_word' id='word_1_329' title='bbox 1455 4683 1550 4745; x_wconf 79' lang='grc' dir='ltr'><strong><em>αὑτοῦ</em></strong></span> <span class='ocrx_word' id='word_1_330' title='bbox 1576 4681 1797 4759; x_wconf 74' lang='grc' dir='ltr'><strong><em>εἰσεπορεύοντο</em></strong></span> 
     </span>
     <span class='ocr_line' id='line_1_38' title="bbox 599 4783 1798 4871; baseline -0.006 -15"><span class='ocrx_word' id='word_1_331' title='bbox 599 4793 676 4871; x_wconf 82' lang='grc' dir='ltr'><strong><em>πρὸς</em></strong></span> <span class='ocrx_word' id='word_1_332' title='bbox 709 4791 764 4860; x_wconf 70' lang='grc' dir='ltr'><strong>τὴν</strong></span> <span class='ocrx_word' id='word_1_333' title='bbox 788 4789 885 4861; x_wconf 78' lang='grc' dir='ltr'><strong><em>αὐτην</em></strong></span> <span class='ocrx_word' id='word_1_334' title='bbox 911 4786 1086 4864; x_wconf 73' lang='grc' dir='ltr'><strong><em>παιδίσκην,</em></strong></span> <span class='ocrx_word' id='word_1_335' title='bbox 1112 4783 1191 4857; x_wconf 82' lang='grc' dir='ltr'><strong><em>ύτονς</em></strong></span> <span class='ocrx_word' id='word_1_336' title='bbox 1214 4785 1378 4863; x_wconf 80' lang='grc' dir='ltr'><strong><em>βεβηλώσι</em></strong></span> <span class='ocrx_word' id='word_1_337' title='bbox 1402 4785 1436 4849; x_wconf 80' lang='grc' dir='ltr'><strong>τὸ</strong></span> <span class='ocrx_word' id='word_1_338' title='bbox 1459 4784 1553 4863; x_wconf 82' lang='grc' dir='ltr'><strong><em>ύνομα</em></strong></span> <span class='ocrx_word' id='word_1_339' title='bbox 1577 4790 1630 4849; x_wconf 81' lang='grc' dir='ltr'><strong>τοῦ</strong></span> <span class='ocrx_word' id='word_1_340' title='bbox 1656 4787 1719 4849; x_wconf 82' lang='grc' dir='ltr'><strong><em>ύεού</em></strong></span> <span class='ocrx_word' id='word_1_341' title='bbox 1745 4786 1798 4849; x_wconf 90' lang='grc' dir='ltr'><strong>αύ-</strong></span> 
     </span>
     <span class='ocr_line' id='line_1_39' title="bbox 601 4892 1797 4982; baseline -0.007 -19"><span class='ocrx_word' id='word_1_342' title='bbox 601 4900 673 4963; x_wconf 81' lang='grc' dir='ltr'><strong><em>τῶν.</em></strong></span> <span class='ocrx_word' id='word_1_343' title='bbox 703 4894 796 4981; x_wconf 84' lang='lat' dir='ltr'><strong>Apud</strong></span> <span class='ocrx_word' id='word_1_344' title='bbox 820 4894 957 4982; x_wconf 85' lang='lat' dir='ltr'><strong>gentiles</strong></span> <span class='ocrx_word' id='word_1_345' title='bbox 981 4892 1079 4960; x_wconf 88' lang='lat' dir='ltr'><strong>multi</strong></span> <span class='ocrx_word' id='word_1_346' title='bbox 1101 4893 1237 4957; x_wconf 87' lang='lat' dir='ltr'><strong>infames</strong></span> <span class='ocrx_word' id='word_1_347' title='bbox 1261 4892 1391 4960; x_wconf 85' lang='lat' dir='ltr'><strong>fuerunt</strong></span> <span class='ocrx_word' id='word_1_348' title='bbox 1413 4894 1447 4957; x_wconf 92' lang='lat' dir='ltr'><strong>in</strong></span> <span class='ocrx_word' id='word_1_349' title='bbox 1471 4912 1620 4957; x_wconf 90' lang='lat' dir='ltr'><strong>novercas</strong></span> <span class='ocrx_word' id='word_1_350' title='bbox 1643 4897 1676 4955; x_wconf 92' lang='lat' dir='ltr'><strong>et</strong></span> <span class='ocrx_word' id='word_1_351' title='bbox 1697 4912 1797 4957; x_wconf 91' lang='lat' dir='ltr'><strong>nurus</strong></span> 
     </span>
    </p>
   </div>
   <div class='ocr_carea' id='block_1_4' title="bbox 0 0 2568 6150">
    <p class='ocr_par' dir='ltr' id='par_1_27' title="bbox 0 0 2568 6150">
     <span class='ocr_line' id='line_1_40' title="bbox 0 0 2568 6150; baseline 0 3"><span class='ocrx_word' id='word_1_352' title='bbox 0 0 2568 6150; x_wconf 95' lang='lat' dir='ltr'><strong> </strong></span> 
     </span>
    </p>
   </div>
  </div>
 </body>
</html>
