5125 6150
1108 816 1281 865 nouauror.
1722 795 1784 862 161

600 991 631 1050 31
664 982 793 1048 Veneris
816 987 987 1067 sospitatus
1010 980 1166 1066 praesidio
1190 980 1370 1068 r480eqq.
1395 1002 1458 1046 non
1485 980 1785 1056 1131313μαλαιιν1σι

602 1091 655 1156 sed
691 1091 884 1168 ἅταρτνμῑαι
920 1095 952 1154 31
986 1087 1148 1154 ὀνειδεὶιιαι
1182 1093 1303 1154 sinerer
1346 1110 1420 1154 cum
1459 1088 1569 1153 acerba
1606 1089 1707 1156 ironia
1745 1088 1783 1152 ab

602 1196 724 1261 Helena
755 1199 908 1261 incitatur
938 1200 975 1259 ut
1007 1194 1190 1260 Menelaum
1221 1196 1324 1261 denno
1355 1201 1521 1281 provocet,
1546 1197 1592 1258 ita
1616 1199 1721 1259 tamen
1747 1198 1785 1257 ut

602 1306 707 1389 potius
730 1324 800 1367 eam
823 1324 891 1367 rem
915 1302 1095 1367 dissuadere
1119 1301 1281 1383 videatur;
1308 1303 1385 1367 dicit
1408 1305 1494 1367 enim

781 1411 855 1472 ἀλλ’
880 1407 917 1473 ta
943 1413 993 1472 νῦν
1016 1403 1231 1488 προκάλεσσαι
1247 1408 1338 1489 ”Aper
1362 1408 1453 1489 otae
1477 1407 1636 1472 Μενέλαον

780 1512 905 1590 ἐξαῦτις
929 1515 1132 1594 μαχέσασθαι
1158 1516 1301 1580 ἐναντίαν.
1326 1517 1413 1580 ἄλλα
1438 1517 1466 1578 o'
1490 1514 1551 1591 ἔγω
1576 1537 1615 1592 γε

781 1622 932 1685 παύεσθαι
956 1622 1086 1698 κέλομαι
1108 1622 1184 1695 μηδὲ
1208 1621 1305 1702 ξανθῷ
1329 1620 1480 1700 Μενελάῳ

780 1728 917 1806 ἀντίβιον
942 1729 1075 1806 πόλεμον
1101 1726 1314 1808 πελεμιζέμεν
1340 1730 1388 1805 ἡδὲ
1411 1729 1584 1809 μάχεσθαι.

602 1835 662 1899 His
686 1835 814 1920 quidem
839 1838 956 1921 opponi
979 1838 1079 1920 possit
1102 1839 1205 1921 primo
1227 1857 1266 1901 ex
1290 1856 1455 1901 armorum
1479 1833 1619 1920 politura
1641 1835 1783 1899 nondum

600 1941 680 2006 effici
704 1944 845 2026 potuisse
869 1941 993 2005 Paridis
1012 1945 1045 2005 in
1066 1962 1208 2027 pugnam
1227 1942 1379 2006 redeundi
1399 1939 1586 2018 consilium,
1607 1943 1634 2005 si
1654 1940 1783 2026 quidem

599 2048 668 2112 fieri
698 2055 821 2133 poterat
853 2055 889 2112 ut
919 2048 1033 2133 poliret
1062 2051 1259 2134 repositurus
1291 2052 1322 2113 in
1356 2052 1547 2126 armarium;
1572 2048 1684 2114 deinde
1707 2069 1782 2113 eum

599 2153 740 2219 noluisse
772 2158 879 2219 ureris
909 2175 983 2219 suae
1016 2154 1204 2220 discordiam
1228 2156 1318 2220 fratri
1342 2157 1534 2240 patefacere,
1558 2156 1691 2241 ideoque
1715 2157 1783 2220 eius

599 2265 742 2326 convicia
774 2262 887 2326 blanda
918 2262 1013 2326 verba
1036 2282 1159 2327 vocare.
1184 2261 1245 2328 Sed
1269 2262 1354 2347 quod
1378 2262 1501 2327 dudum
1525 2262 1783 2327 animadversum

600 2375 664 2444 est,
700 2367 791 2433 hodie
826 2367 973 2453 intellegi
1007 2371 1135 2432 omnino
1169 2371 1296 2453 nequit,
1328 2389 1423 2453 quam
1455 2367 1599 2433 Troianis
1629 2367 1784 2432 irascendi

599 2495 729 2538 caueam
762 2476 851 2538 Paris
882 2474 1038 2538 habuerit.
1070 2473 1175 2538 Facile
1204 2473 1485 2560 intellegeremus,
1510 2478 1537 2539 si
1559 2480 1652 2560 poeta
1673 2476 1706 2539 in
1731 2496 1781 2538 su-

600 2580 779 2664 perioribus
799 2578 917 2644 alicubi
936 2579 1069 2644 dixisset
1088 2579 1238 2644 Troianos
1258 2583 1326 2645 eius
1339 2579 1460 2645 cladem
1473 2581 1621 2646 tribuisse
1633 2582 1780 2668 ignaviae

600 2686 733 2770 ideoque
767 2708 842 2751 eum
876 2687 1035 2771 probrosis
1069 2687 1175 2752 verbis
1209 2686 1342 2752 saetisve
1372 2685 1534 2751 lacerasse.
1566 2685 1656 2751 Nihil
1678 2689 1781 2773 igitur

601 2795 717 2856 certius
748 2814 815 2857 esse
843 2798 948 2876 potest
971 2813 1065 2876 quam
1088 2795 1122 2856 iu
1145 2795 1322 2877 antiquiore
1345 2791 1443 2858 Iliade
1467 2814 1516 2857 res
1538 2791 1631 2879 plane
1655 2792 1780 2858 diverso

600 2899 695 2964 modo
729 2905 869 2963 narratae
903 2899 1010 2964 fuisse.
1053 2900 1156 2964 Paene
1191 2920 1374 2964 succenseas
1407 2903 1465 2977 iis,
1502 2902 1574 2985 qui,
1610 2907 1647 2964 ut
1681 2921 1782 2985 nuper

601 3006 777 3093 Ridgeway
799 3009 832 3068 in
857 3027 949 3091 opere
974 3006 1068 3089 Eorlp
1092 3008 1153 3087 Ape
1176 3007 1216 3090 of
1240 3004 1475 3084 (1333333311,
1499 3006 1537 3072 de
1556 3007 1650 3072 rebus
1669 3008 1781 3092 priscis

545 3159 547 3161 -
601 3117 647 3177 113
679 3114 841 3197 disputant
871 3135 906 3177 ac
931 3115 957 3176 si
980 3112 1114 3176 Homeri
1137 3117 1277 3177 carmina
1300 3134 1364 3178 uno
1386 3114 1560 3200 eodemque
1583 3119 1724 3199 ternpore
1746 3116 1782 3177 in

600 3218 705 3283 lucem
732 3219 906 3303 prodierint
929 3221 1052 3295 omnia,
1083 3219 1159 3283 haec
1183 3224 1215 3283 et
1238 3219 1359 3283 similia
1383 3241 1420 3284 ex
1442 3222 1520 3305 ipsis
1543 3219 1666 3306 prolata
1689 3240 1783 3304 argu-

602 3332 710 3390 menta
746 3328 952 3409 quantumvis
994 3325 1163 3390 manifesta
1197 3325 1439 3411 vilipendentes.
1482 3326 1572 3391 Licet
1606 3325 1783 3412 permultae

602 3435 797 3516 quaestiones
818 3431 855 3495 de
875 3431 991 3496 horum
1008 3434 1185 3496 carminum
1199 3434 1427 3517 compositione
1441 3437 1496 3498 vix
1509 3453 1662 3518 umquam
1674 3432 1783 3497 dirimi

602 3541 739 3624 possint,
765 3541 920 3603 caecutiat
938 3559 1062 3603 necesse
1083 3542 1130 3602 est
1149 3541 1205 3622 qui
1223 3538 1378 3624 hodieque
1398 3540 1436 3604 ab
1455 3559 1518 3603 uno
1538 3545 1630 3623 poeta
1648 3537 1781 3604 Iliadem
1887 3540 1896 3558 ‘

591 3639 810 3729 ¹compositam
834 3666 901 3709 esse
924 3645 986 3708 sibi
1008 3643 1205 3729 persuadeat.

648 3751 742 3816 Hunc
764 3751 871 3815 locum
894 3772 957 3815 non
981 3749 1160 3836 relinquam
1183 3753 1371 3837 priusquam
1393 3771 1439 3817 vs.
1465 3748 1528 3815 335

782 3857 861 3923 οὗτοι
887 3858 947 3934 ἐγὼ
971 3860 1078 3935 Τρώων
1102 3837 1208 3922 τδσαον
1231 3857 1317 3939 χόλῳ
1341 3856 1407 3924 οὐδὲ
1431 3857 1596 3934 νεμέσσι

783 3961 861 4040 ἥμην
887 3965 916 4028 ἕν
941 3963 1091 4043 θαλάμῳ,

603 4071 658 4135 ubi
681 4077 763 4134 recte
786 4069 921 4135 editores
945 4093 1006 4135 non
1029 4071 1137 4136 ferunt
1160 4070 1284 4149 νεμέσσι
1309 4070 1432 4137 dictum
1451 4094 1507 4157 pro
1528 4069 1665 4151 νεμέσει,
1685 4078 1785 4159 temp·

602 4185 711 4244 tavero
734 4180 914 4243 coniectura
937 4184 1152 4256 νεμεααῶν.

649 4391 762 4458 2386.
833 4393 907 4457 αλλ’
932 4392 980 4457 leri
1006 4390 1121 4471 πύρνον
1144 4390 1202 4471 ἔβη
1226 4391 1332 4471 μέγαν
1355 4392 1457 4458 Ἴλαν.

602 4500 716 4577 Nabar,
747 4520 785 4564 ne
816 4500 907 4563 Ἰλίαν
938 4500 1101 4586 digamma
1130 4507 1266 4577 careret,
1298 4502 1430 4566 coniecit
1454 4504 1560 4577 τεῖχος
1583 4498 1689 4578 μέγα,
1714 4498 1783 4564 Lei·

602 4608 728 4682 denses,
765 4607 880 4691 quibus
914 4627 973 4670 non
1008 4608 1127 4670 iniuria
1163 4604 1311 4691 displicet
1345 4607 1433 4669 urbis
1468 4626 1582 4669 nomen
1618 4604 1780 4683 additum,

602 4713 688 4790 μέγα
713 4712 812 4787 enata.
839 4713 881 4776 At
904 4711 1008 4788 nulla,
1034 4713 1175 4776 ut'mihi
1198 4713 1328 4797 quidem
1353 4711 1490 4789 videtur,
1510 4732 1604 4777 causa
1623 4717 1704 4789 erat,
1725 4732 1782 4776 our

602 4818 822 4884 Andromache
854 4819 892 4884 de
923 4821 1033 4883 mariti
1061 4825 1143 4884 sorte
1166 4818 1320 4895 sollicita,
1344 4817 1397 4882 hic
1420 4820 1467 4884 ita
1489 4819 1655 4884 diceretur.
1680 4817 1783 4898 Mihi,

602 4924 715 4992 collata
731 4927 895 4990 notissima
915 4923 1050 4990 formula
1070 4924 1229 4990 homerica
1247 4925 1292 5002 βῆ
1313 4925 1339 4989 δ’
1352 4923 1471 5004 ἴμεναι,
1491 4928 1525 4990 in
1543 4932 1684 4992 mentam
1697 4926 1784 4992 venit
