5125 6150
790 785 856 849 222
1294 803 1468 851 nonnarcn.

790 967 1019 1033 miraculorum
1043 969 1177 1033 feracem
1202 989 1268 1033 esse
1288 967 1418 1032 videbit.
1438 969 1552 1031 Annon
1569 965 1665 1032 fidem
1685 987 1832 1053 superare
1853 965 1970 1032 dixeris

790 1095 870 1160 quae
893 1080 1061 1139 narrantur
1084 1075 1122 1139 de
1144 1076 1260 1139 iuvene
1283 1073 1341 1139 illo
1367 1094 1467 1159 neque
1490 1093 1620 1158 corpore
1643 1094 1744 1157 neque
1767 1094 1800 1137 re
1821 1071 1973 1136 familiari

788 1201 890 1266 usque
920 1182 1042 1265 ingenii
1072 1179 1161 1245 cultu
1192 1183 1270 1245 satis
1295 1179 1431 1256 valenti,
1454 1182 1565 1264 quiin
1588 1181 1773 1244 mercatoris
1797 1179 1972 1243 Amstelae·

789 1287 947 1351 ‹lamensis
976 1287 1106 1352 taberna
1129 1323 1171 1334 —
1196 1288 1338 1365 ἡμέτερος
1370 1286 1432 1364 γὰρ
1466 1293 1560 1357 κεῖνος
1583 1284 1811 1371 aliquantisper
1834 1286 1897 1349 fuit
1921 1309 1973 1349 πο-

789 1390 914 1466 ariano!
940 1431 982 1440 —
1006 1393 1119 1480 longos
1149 1414 1205 1478 per
1234 1415 1331 1458 annos
1363 1391 1508 1469 delituit,
1539 1396 1657 1457 mentis
1688 1398 1796 1457 autem
1828 1394 1974 1456 acumine

789 1500 923 1565 feliciter
951 1522 1028 1565 usus
1052 1508 1220 1585 postquam
1244 1500 1333 1564 dives
1357 1506 1404 1564 est
1427 1499 1540 1576 factus,
1564 1501 1678 1584 spretis
1702 1502 1785 1563 vitae
1808 1497 1974 1563 lenociniis

787 1609 822 1671 in
845 1609 990 1692 regiones
1009 1606 1200 1692 longinquas
1219 1626 1395 1691 parumque
1414 1604 1589 1691 hospitales
1608 1612 1655 1670 est
1674 1605 1849 1691 profectus,
1862 1607 1975 1689 virque

789 1734 825 1778 eo
858 1715 1004 1797 pervenit
1039 1733 1100 1797 quo
1135 1713 1313 1778 tetenderat
1342 1734 1430 1798 puer,
1463 1716 1500 1775 ut
1531 1710 1664 1776 Homeri
1694 1714 1833 1796 patriam
1855 1713 1975 1776 viseret

789 1816 962 1903 Troiaeque
985 1817 1147 1903 detegeret
1170 1817 1294 1883 rudera.

835 1923 935 1992 Onius
958 1927 1020 1989 viri
1042 1923 1118 1988 fides
1141 1908 1277 1989 infracta
1300 1930 1435 2008 quantos
1459 1931 1582 1988 montes
1604 1927 1785 2000 removerit,
1810 1943 1900 1988 caeca
1918 1922 1975 1987 illa

789 2053 861 2117 spes
890 2051 986 2116 quam
1016 2030 1131 2096 multa.
1151 2030 1306 2096 detexerit
1338 2051 1418 2115 quac
1440 2033 1641 2095 acutissimos
1664 2029 1773 2095 oculos
1795 2029 1974 2106 latuissent,

790 2140 954 2204 bominem
973 2138 1175 2222 antiquitatis
1194 2139 1301 2201 miuus
1321 2140 1460 2222 peritum
1482 2158 1577 2222 quam
1596 2157 1742 2222 sagacem
1763 2137 1872 2202 fecerit
1884 2156 1976 2201 amor

788 2243 845 2309 ille
868 2240 898 2308 ὃν
923 2242 1058 2323 odimur
1081 2243 1173 2322 οὐδέν,
1198 2244 1275 2329 quid
1299 2246 1414 2308 attinet
1437 2244 1581 2330 pluribus
1604 2245 1655 2308 hic
1679 2245 1840 2328 persequi;
1865 2263 1976 2308 omnes

789 2352 875 2416 enim
905 2352 971 2413 iam
1003 2352 1184 2436 suspiciunt
1214 2356 1246 2415 et
1276 2350 1477 2415 admirantur
1506 2372 1605 2415 novae
1634 2352 1712 2415 artis
1743 2357 1875 2435 patrem.
1912 2348 1975 2427 Qui

790 2464 959 2542 postquam
988 2454 1161 2542 longorum
1190 2456 1391 2522 saeculorum
1422 2456 1542 2521 oblivia
1572 2456 1705 2542 dispulit
1729 2463 1761 2522 et
1784 2478 1801 2521 e
1824 2453 1975 2521 Graeciae

789 2565 945 2648 Asiaeque
969 2561 1037 2627 solo
1060 2563 1138 2648 quid
1161 2563 1239 2627 disci
1263 2570 1368 2648 posset
1391 2563 1593 2649 stupentibus
1617 2561 1802 2647 aequalibus
1824 2562 1974 2638 ostendit,

788 2671 928 2734 iuniores
957 2670 1075 2754 quique
1107 2669 1145 2733 ad
1176 2669 1333 2734 eiusmodi
1357 2669 1463 2734 studia
1486 2668 1602 2733 melius
1624 2671 1728 2754 parati
1751 2675 1856 2733 essent
1878 2667 1976 2731 multi

788 2774 827 2839 ad
859 2777 927 2840 eius
957 2773 1143 2859 exemplum
1174 2797 1206 2840 se
1235 2778 1455 2852 accinxerunt;
1479 2777 1608 2860 iamque
1630 2777 1699 2839 vita
1721 2777 1855 2839 heroum
1879 2775 1976 2858 prisci

789 2883 940 2966 temporis
971 2880 1171 2945 documentis
1203 2903 1219 2946 e
1253 2887 1336 2947 terra
1367 2885 1535 2967 protractis
1565 2880 1688 2946 abunde
1710 2880 1902 2946 illustratur.
1927 2878 1976 2944 De

788 2990 886 3052 armis
920 2994 952 3052 et
986 2988 1144 3063 vestibus,
1176 2987 1214 3052 de
1245 2990 1335 3052 vario
1366 2991 1451 3053 vitae
1482 2988 1683 3073 quotidianae
1706 2989 1919 3053 instrumento
1943 2990 1977 3050 et

788 3093 987 3180 supellectile
1018 3093 1151 3179 aliisque
1182 3096 1275 3159 rebus
1305 3097 1374 3160 sive
1403 3097 1533 3160 maioris
1557 3098 1713 3159 momenti
1736 3097 1803 3159 sive
1826 3094 1976 3170 levioris,

788 3200 881 3287 plura
902 3202 976 3265 sciri
999 3208 1132 3285 possunt
1156 3201 1250 3266 hodie
1274 3221 1368 3285 quarn
1393 3199 1488 3274 olim,
1513 3207 1545 3265 et
1567 3219 1756 3286 responsum
1778 3203 1844 3265 iam
1867 3198 1976 3264 estad

788 3306 961 3392 quaedam,
993 3328 1072 3392 quae
1096 3310 1123 3370 si
1146 3309 1218 3393 quis
1240 3306 1319 3371 olim
1343 3315 1515 3393 quaereret,
1540 3309 1642 3372 risum
1666 3309 1870 3393 potissimum
1891 3309 1976 3370 inter

788 3415 875 3479 viros
898 3413 1006 3478 doctos
1028 3414 1190 3477 movebat.

831 3519 939 3584 Iltiam
963 3520 1000 3584 de
1023 3522 1102 3604 ipsis
1125 3519 1272 3584 domibus
1296 3522 1592 3605 potentissimorum
1611 3517 1742 3584 illorum
1762 3540 1896 3604 regum,
1918 3520 1974 3603 qui

786 3625 866 3691 olim
896 3629 931 3690 in
961 3622 1112 3690 Graeciae
1144 3627 1269 3691 arcibus
1303 3628 1470 3703 vixerunt,
1497 3626 1601 3691 multa
1624 3629 1688 3691 iam
1711 3626 1867 3691 habemus
1889 3646 1975 3689 com·

786 3738 892 3818 perta;
924 3733 1063 3797 carmina
1094 3738 1203 3797 autem
1233 3735 1338 3819 opica,
1363 3732 1537 3819 Odysseam
1561 3734 1766 3819 praesertim,
1790 3754 1865 3798 cum
1888 3730 1973 3796 evol-

785 3841 911 3913 vimus,
942 3837 1018 3902 licet
1049 3840 1181 3903 minime
1211 3838 1439 3904 obliviscamur
1468 3861 1542 3904 oum
1566 3846 1659 3924 poeta
1683 3840 1773 3905 nobis
1796 3860 1864 3904 rem
1887 3859 1972 3914 esse,

785 3968 848 4011 non
879 3967 896 4010 a
927 3949 1007 4009 teste
1031 3942 1157 4010 oculato
1180 3966 1230 4009 res
1251 3952 1359 4032 gestas
1382 3949 1537 4024 enarrari,
1561 3946 1630 4011 fieri
1654 3954 1761 4011 tamen
1784 3969 1845 4011 non
1869 3950 1973 4030 potest-

786 4053 863 4137 quin
882 4056 1004 4115 nostros
1021 4052 1056 4114 in
1071 4072 1150 4115 usus
1162 4057 1347 4116 convertere
1359 4054 1525 4136 cupiamus
1541 4074 1621 4138 quae
1633 4052 1746 4118 'l'roiae
1757 4052 1969 4139 Mycenarum

785 4156 953 4242 Tirynthia
983 4155 1098 4221 rudera
1127 4155 1236 4221 effossa
1267 4162 1425 4222 testantur
1456 4157 1493 4223 de
1523 4161 1619 4243 prisci
1649 4162 1721 4224 aevi
1745 4161 1853 4244 regiis.
1885 4156 1970 4223 Nam

784 4263 912 4328 Ithacae
942 4261 1019 4326 dum
1050 4283 1214 4328 moramur
1242 4265 1276 4327 in
1307 4262 1411 4328 Ulixis
1435 4265 1542 4341 domo,
1566 4268 1721 4330 iuvenum
1745 4270 1971 4349 protervorum

785 4391 868 4433 nunc
902 4368 1005 4434 lustro
1013 4390 1021 4446 ;
1057 4390 1167 4454 regem
1203 4369 1281 4433 dum
1312 4370 1460 4435 videmus
1494 4370 1638 4455 squalido
1669 4373 1788 4437 vestitu
1823 4371 1971 4435 abditum

785 4476 913 4559 suisque
943 4478 978 4539 in
1008 4475 1138 4540 aedibus
1170 4476 1346 4561 hospitem;
1377 4476 1455 4540 dum
1479 4476 1619 4542 scelestis
1643 4479 1800 4564 capitibus
1822 4480 1973 4542 imminet

786 4583 938 4666 pernicies
969 4582 1159 4667 tandemque
1189 4602 1290 4667 poena
1313 4582 1351 4646 ab
1375 4585 1415 4647 iis
1439 4585 1580 4648 sumitur
1603 4582 1788 4648 tarditatem
1811 4587 1973 4669 gravitate

785 4707 1006 4772 compensans,
1030 4692 1115 4753 inter
1137 4689 1246 4753 turbas
1270 4695 1378 4754 autem
1402 4710 1480 4775 quas
1503 4692 1566 4755 ciet
1588 4689 1720 4755 lascivia
1743 4694 1886 4775 interque
1911 4689 1973 4754 diri

786 4792 900 4857 furoris
930 4792 1083 4859 clamores
1113 4794 1191 4859 dum
1214 4793 1320 4859 Ulixis
1344 4798 1514 4881 coniugem
1539 4796 1684 4860 videmus
1708 4803 1888 4862 versantem
1912 4817 1971 4861 ceu

784 4895 909 4961 almum
943 4901 1075 4983 genium
1110 4898 1187 4977 loci,
1223 4902 1401 4985 priscorum
1435 4901 1569 4966 heroum
1606 4905 1708 4966 vitam
1741 4902 1973 4987 aliquantisper
