5125 6150
1107 850 1263 898 casuros.
1716 837 1782 902 355

589 1015 714 1076 tinntur
744 1011 936 1088 Bureschio,
969 1013 1025 1095 qui
1058 1014 1150 1075 iuxta
1184 1014 1298 1096 positis
1332 1012 1417 1078 hisce
1452 1014 1714 1099 ps.·Plutarcheis
1749 1038 1785 1083 ac

590 1115 807 1183 Ciceronianis
825 1120 872 1181 ita
890 1117 1028 1181 iudicat:
1052 1119 1194 1193 „nemini
1214 1117 1350 1182 dubium
1370 1120 1435 1184 fore
1454 1127 1544 1183 totum
1565 1129 1654 1202 caput
1666 1123 1784 1185 tertium

590 1244 655 1288 esse
681 1221 865 1300 Crantoris,
889 1225 1037 1307 quamvis
1056 1224 1090 1285 in
1111 1221 1171 1286 fine
1191 1222 1323 1287 demum
1343 1224 1497 1289 laudati''.
1522 1225 1607 1289 Mihi
1627 1248 1702 1291 vero
1720 1249 1784 1292 non

591 1335 719 1392 tantum
752 1326 888 1392 dubium
919 1335 967 1392 est
998 1327 1031 1390 id
1063 1326 1146 1411 quod
1171 1326 1397 1411 plaudentibus
1420 1333 1532 1394 ceteris
1555 1334 1663 1414 posuit
1686 1331 1785 1397 Bure-

591 1434 715 1509 sebius,
747 1433 802 1498 sed
834 1435 932 1497 etiam
963 1432 1155 1497 confidenter
1185 1433 1218 1496 id
1241 1453 1334 1519 nego.
1360 1431 1531 1500 Crantorea
1553 1457 1620 1501 esse
1644 1457 1680 1502 ea
1704 1458 1785 1523 quae

590 1542 621 1603 in
652 1540 715 1605 hoo
748 1541 852 1626 capite
881 1541 1076 1603 conveniunt
1106 1559 1181 1602 cum
1211 1541 1378 1603 sententiis
1407 1559 1485 1623 quas
1516 1543 1644 1606 nomine
1675 1543 1783 1607 addito

591 1644 680 1710 affert
712 1642 842 1722 Cicero,
874 1647 946 1729 quis
975 1650 1042 1708 tam
1073 1643 1208 1708 stolidus
1238 1646 1280 1708 sit
1312 1650 1349 1708 ut
1374 1646 1432 1709 hoc
1455 1645 1565 1731 negetl
1591 1646 1653 1712 Sed
1676 1648 1784 1713 addita

589 1749 750 1835 quaedam
776 1750 872 1814 habet
894 1750 1019 1825 rhetor,
1044 1770 1124 1833 quae
1146 1749 1261 1813 desunt
1285 1749 1369 1834 apud
1394 1748 1595 1828 Ciceronem
1620 1772 1657 1817 ea
1680 1774 1782 1836 neque

586 1853 755 1922 Crantoris
785 1860 860 1918 sunt
890 1875 991 1939 neque
1022 1874 1095 1918 eum
1127 1856 1195 1918 eius
1218 1853 1422 1938 philosophia
1444 1859 1647 1920 conveniunt.
1671 1857 1783 1942 Neque

585 1981 665 2026 vero
697 1957 888 2025 crantorem
919 1962 1027 2043 ipsum
1058 1962 1199 2043 inspexit
1228 1959 1486 2043 ps.-Plutarchus
1510 1998 1553 2009 -
1578 1983 1639 2046 quo
1661 1962 1782 2028 factum

582 2072 635 2131 est
666 2071 706 2129 ut
737 2066 770 2127 in
802 2064 863 2129 fine
893 2064 1025 2128 demum
1057 2067 1171 2148 capitis
1203 2086 1320 2129 nomen
1351 2067 1420 2129 eius
1452 2066 1592 2143 afferret,
1617 2072 1782 2153 tamquam

581 2177 659 2236 tum
687 2173 831 2256 primum
855 2173 924 2234 eius
946 2171 1044 2234 verba
1066 2170 1220 2248 referens,
1245 2191 1320 2234 nam
1343 2192 1382 2236 ne
1404 2173 1473 2254 ipse
1497 2172 1627 2256 quidem
1650 2182 1784 2239 noverat

579 2277 693 2343 eidem
716 2274 907 2361 philosopho
930 2275 1037 2340 deberi
1061 2296 1142 2360 quae
1165 2278 1326 2360 inprime
1351 2295 1386 2339 ac
1410 2275 1516 2340 medio
1535 2280 1637 2361 capite
1656 2280 1784 2344 rettulit

578 2405 622 2450 ex
649 2383 740 2447 fonte
763 2402 821 2445 suo
845 2419 887 2430 -
912 2381 966 2446 sed
989 2387 1118 2446 auctore
1142 2401 1220 2444 usus
1244 2387 1293 2445 est
1316 2380 1380 2445 alio
1405 2402 1440 2445 ac
1464 2384 1635 2447 recentiore
1658 2405 1696 2448 ex
1720 2405 1783 2469 quo

579 2487 755 2556 Crantoris
778 2487 874 2553 verba
897 2485 1092 2570 desumpsit,
1117 2506 1215 2571 eaque
1240 2493 1333 2550 aucte
1356 2492 1388 2550 et
1412 2493 1523 2552 ornata
1543 2509 1581 2552 ex
1600 2487 1781 2554 Stoicorum

580 2593 756 2678 sapientia.

630 2700 846 2783 Argumentis
876 2697 957 2761 hanc
989 2699 1171 2780 opinionem
1203 2716 1310 2761 meam
1334 2697 1459 2762 firmare
1483 2720 1545 2762 non
1570 2697 1697 2764 difficile
1721 2707 1779 2766 est.

579 2802 700 2889 Cupite
725 2805 829 2886 primo
853 2802 1013 2866 rhetorem
1037 2801 1220 2867 adhibuisse
1243 2809 1405 2866 auctorem
1429 2801 1573 2867 Stoicum
1596 2807 1651 2868 vir
1675 2813 1782 2891 potest

579 2911 759 2995 quisquam
781 2928 908 2993 negare.
933 2906 1043 2992 Ipsum
1064 2904 1282 2992 Chrysippum
1304 2908 1401 2973 luisse
1420 2906 1515 2972 illum
1536 2915 1699 2975 auctorem
1718 2933 1780 2976 non

581 3012 792 3091 contendam,
805 3013 860 3079 sed
873 3011 1074 3098 Chrysippea
1086 3032 1160 3077 eum
1174 3012 1290 3078 referre
1302 3016 1507 3099 perspicuum
1520 3022 1576 3079 est.
1597 3013 1680 3082 Cum
1693 3019 1779 3082 enim

580 3122 722 3205 scriptor
749 3118 979 3185 Consolationis
1003 3123 1157 3203 exponat,
1181 3139 1244 3203 qua
1266 3140 1361 3183 causa
1385 3123 1573 3204 praesertim
1597 3122 1779 3206 prohibitus

580 3231 626 3293 sit
658 3228 831 3312 quominus
862 3229 988 3309 patrem
1011 3223 1166 3289 afflictum
1190 3228 1303 3289 statim
1327 3224 1438 3301 adiret,
1464 3225 1540 3289 haec
1564 3226 1671 3290 addit:
1698 3227 1778 3292 Οὐδὲ

581 3334 650 3410 γὰρ
681 3332 709 3395 oi
736 3330 896 3407 βέλτιστον
920 3336 978 3394 τῶν
1002 3331 1111 3407 ἰατρῶν
1134 3330 1206 3406 πρὸς
1231 3331 1290 3400 τὰς
1315 3328 1423 3406 ἁθρόας
1449 3337 1506 3393 τῶν
1530 3331 1690 3409 ῥευμάτων
1714 3333 1778 3397 ἐπν-

582 3438 687 3518 Φορὶς
718 3437 805 3508 εὐθὺς
837 3435 1038 3515 προσφέρουσι
1061 3435 1118 3506 τὰς
1143 3435 1195 3500 διὰ
1219 3441 1277 3498 τῶν
1299 3434 1474 3514 Φαρμάκων
1496 3435 1649 3512 βοηθείαις.
1675 3437 1777 3517 Quum

581 3544 795 3618 sententiam,
813 3542 924 3606 eadem
936 3544 1078 3625 imagine
1090 3540 1302 3617 illustratam,
1317 3562 1355 3604 ex
1367 3539 1542 3626 Chrysippi
1554 3542 1636 3609 libro
1648 3544 1778 3610 duxisse

584 3655 712 3715 constat
731 3641 770 3712 ex
789 3644 954 3725 Cicerone,
972 3646 1065 3710 'lusu
1079 3644 1132 3711 lV.
1146 3645 1190 3710 29
1209 3646 1246 3709 de
1258 3644 1481 3711 Consolatione
1494 3668 1551 3711 sua
1563 3650 1609 3712 ita
1621 3651 1778 3715 scribente

584 3752 758 3839 ,quodque
778 3760 866 3818 vetat
885 3750 1087 3837 Chrysippus
1106 3751 1144 3814 ad
1158 3758 1297 3815 recentes
1310 3753 1400 3833 quasi
1414 3757 1554 3816 tumores
1566 3756 1666 3817 animi
1678 3776 1777 3821 reme·

582 3861 679 3926 dium
699 3858 863 3936 adhibere,
883 3858 916 3922 id
929 3879 985 3922 nos
999 3856 1165 3921 fecimus”.
1185 3855 1350 3920 Sententia
1362 3853 1535 3942 Chrysippi
1547 3861 1650 3943 capite
1663 3860 1694 3923 lI
1706 3860 1778 3925 aliis

583 3965 695 4032 verbis
725 3966 860 4029 iteratur
889 3969 922 4028 et
952 3962 1145 4046 explicatur;
1174 3960 1273 4025 simul
1297 3967 1406 4025 autem
1429 3961 1611 4028 illustrator
1633 3967 1778 4031 versibus

583 4069 776 4156 Aeschyleis
795 4090 832 4134 ex
853 4067 1045 4133 Prometheo
1064 4067 1144 4146 (379
1164 4072 1245 4151 sqq.)
1264 4087 1343 4150 quos
1362 4065 1585 4153 neglegentius
1609 4071 1777 4156 coniungit

582 4178 698 4243 rhetor
721 4172 878 4251 Graecus,
902 4178 1046 4238 accurate
1071 4170 1180 4238 Cicero
1204 4170 1316 4236 laudat
1334 4170 1427 4236 Taso.
1448 4170 1500 4235 IV.
1522 4172 1575 4236 31.
1590 4172 1642 4238 76.
1665 4174 1777 4249 „Uter-

583 4303 649 4368 que
673 4279 800 4345 ridetur
822 4301 860 4344 ex
886 4276 1037 4344 Crantore
1060 4276 1255 4361 sumpsisse”
1279 4279 1327 4340 ita
1349 4276 1511 4340 iudicabat
1533 4276 1610 4341 olim
1635 4278 1776 4363 Wytten-
1864 4367 1873 4381 .

582 4386 729 4452 bachius.
761 4382 922 4468 Equidem
950 4385 1059 4467 potius
1081 4380 1262 4467 Chrysippo
1286 4380 1392 4445 deberi
1415 4383 1614 4464 putaverim,
1640 4403 1713 4445 nam
1737 4381 1776 4446 ad

583 4495 656 4558 eius
677 4492 868 4555 sententiam
888 4490 1092 4573 potissimum
1109 4486 1347 4551 illlustraudam
1360 4506 1471 4550 versus
1483 4506 1534 4550 eos
1547 4484 1656 4551 Cicero
1668 4485 1775 4553 affert:

585 4594 804 4675 ,sumendum
823 4601 953 4679 tempus
972 4598 1020 4657 est
1039 4614 1103 4657 non
1122 4595 1228 4655 minus
1247 4593 1280 4654 in
1298 4593 1479 4655 animorum
1498 4591 1618 4654 morbis
1632 4611 1729 4674 quam
1741 4595 1776 4657 in

583 4721 774 4785 corporum,
798 4704 836 4762 ut
859 4697 1072 4762 Prometheus
1094 4695 1151 4761 ille
1175 4692 1326 4780 Aeschyli
1349 4716 1376 4760 e.
1390 4716 1418 4779 q.
1433 4694 1491 4759 s.''.
1516 4693 1551 4758 Si
1573 4700 1682 4761 autem
1705 4718 1777 4761 oon-

581 4814 648 4872 stal
678 4808 713 4868 in
744 4805 892 4867 manibus
923 4803 1021 4866 fuisse
1045 4800 1351 4886 pseudo-Plutarcho
1374 4802 1442 4864 sive
1466 4799 1685 4886 Chrysippum
1708 4806 1776 4868 sive

585 4910 797 4976 Posidonium
827 4910 896 4971 sive
925 4908 1134 4971 recentiorem
1164 4905 1323 4988 quendam
1356 4904 1503 4968 Stoicum
1533 4927 1607 4970 cum
1631 4907 1776 4992 capital
