5125 6150
801 828 844 896 78
1196 846 1239 894 au
1263 845 1497 895 sassrormrus
1519 847 1612 897 evas.

844 1010 898 1076 Vs.
924 1008 989 1076 717
1002 1031 1047 1096 sq.
1072 1011 1188 1075 chorus
1210 1011 1288 1075 haee
1312 1013 1416 1075 canit:

845 1117 982 1190 ἔλίίντες
1007 1117 1070 1195 γὰρ
1093 1123 1209 1196 πρῶτον
1233 1116 1284 1180 ἔτ’
1308 1116 1401 1196 ὅρνις,
1425 1114 1501 1181 οὗτοι
1526 1119 1600 1197 τρίς
1622 1116 1752 1184 ἆτσντοι
1776 1118 1943 1200 τρίτεσίε,

845 1224 920 1304 τρίς
939 1224 967 1288 τ’
978 1224 1137 1301 ἓμτορίοιν,
1159 1224 1210 1287 ecl
1232 1222 1305 1301 πρὸς
1324 1222 1432 1302 βιίτοιι
1453 1231 1569 1302 κτῆσιν,
1584 1225 1635 1288 κοί
1650 1226 1721 1304 πρὸς
1735 1225 1839 1303 γάμον
1852 1226 1972 1307 οίνδρδς.

798 1331 964 1398 Ultimum
997 1336 1107 1395 autem
1145 1328 1338 1394 vocabulum
1374 1327 1479 1408 οίνδρίς
1514 1332 1590 1395 ferri
1624 1334 1737 1417 nequit
1744 1352 1753 1409 ;
1794 1353 1870 1398 nam
1905 1333 1994 1419 quod

798 1437 940 1523 Lenting
970 1434 1051 1501 olim
1082 1436 1232 1521 putabat,
1264 1435 1390 1500 defendi
1413 1455 1504 1520 posse
1527 1435 1601 1501 coll,
1624 1435 1702 1502 llur.
1727 1437 1826 1503 Andr.
1852 1438 1930 1518 469,
1956 1439 1994 1505 de

796 1543 929 1630 fenicie
959 1545 1064 1628 igitur
1094 1541 1217 1606 dictum
1241 1561 1327 1619 assa,
1352 1562 1391 1606 ne
1415 1549 1667 1608 commemoratu
1691 1543 1821 1628 quidem
1844 1564 1917 1609 eam
1942 1565 1993 1610 ex-

798 1649 1003 1736 plicationem
1038 1647 1187 1712 haberem
1222 1647 1373 1733 diguam,
1409 1649 1471 1711 nisi
1504 1646 1684 1712 luculenter
1717 1648 1791 1713 inde
1825 1656 1993 1734 appareret

798 1776 896 1840 quam
927 1757 969 1817 sit
999 1752 1134 1818 absurda
1166 1773 1246 1835 quae
1269 1754 1315 1816 sic
1339 1752 1457 1817 tuenda
1481 1753 1629 1818 videatur
1651 1752 1757 1820 lectio·
1782 1753 1894 1820 Ieiuua
1917 1760 1993 1819 sunt

799 1880 879 1946 quae
899 1858 1080 1924 Bruuclrius
1099 1862 1132 1922 et
1151 1857 1335 1922 Meinekius
1354 1864 1590 1943 proposuerunt
1613 1858 1715 1938 ἄνδρες
1736 1856 1904 1937 stolatae,
1926 1860 1993 1945 pul-

798 1967 994 2032 cherrimum
1026 1985 1100 2030 vero
1132 1969 1181 2028 est
1204 1963 1412 2028 Harwerdcni
1441 1966 1613 2028 inventum
1638 1962 1710 2044 πρὸς
1735 1967 1844 2043 γοίμοο
1868 1965 1991 2044 οὶρίμίν,

798 2072 853 2137 sed
885 2091 997 2136 vereor
1027 2090 1066 2134 ne
1096 2070 1194 2133 nimis
1225 2071 1268 2132 sit
1299 2068 1466 2154 pulcrum,
1498 2071 1595 2133 nimis
1624 2071 1785 2154 poeticum
1810 2091 1868 2154 pro
1891 2071 1989 2135 huius

796 2177 859 2242 loci
880 2177 1028 2242 dictione.
1052 2175 1137 2255 Quid
1160 2171 1286 2260 igitur?
1309 2175 1396 2239 Mihi
1419 2179 1512 2259 pocta
1535 2177 1698 2260 scripsisse
1722 2175 1870 2241 videtur:

1324 2281 1377 2344 καί
1402 2284 1474 2359 τρίς
1500 2281 1605 2357 γάμον
1629 2281 1729 2346 οιιίτί
1737 2305 1762 2344 ν.

797 2387 846 2452 Νο
869 2389 999 2474 nuptius
1022 2385 1153 2472 quidem
1175 2387 1289 2450 ineunt
1311 2385 1464 2450 mortales
1488 2389 1551 2450 uisi
1576 2388 1690 2460 οίονοὺς
1716 2387 1872 2466 κρίνοντες
1892 2379 1920 2452 oi
1941 2388 1989 2451 ἐπ’

798 2491 933 2573 ἓργμοιτι
957 2493 1053 2571 τούτῳ
1078 2490 1205 2570 ἄριστοι.

841 2696 895 2761 Vs.
921 2693 986 2762 723
1007 2716 1073 2780 sqq.
1106 2693 1314 2781 Coryphaeus
1339 2693 1372 2757 τί
1396 2695 1512 2772 μοιιιρίν
1536 2695 1575 2760 cb
1598 2696 1649 2759 his
1673 2697 1818 2761 versibus
1841 2697 1985 2763 orditur:

1115 2800 1149 2873 ι’νν
1172 2797 1221 2864 οὖν
1246 2801 1332 2874 ἡμᾶς
1356 2803 1500 2876 νομίσιρτε
1523 2801 1625 2878 teonis,

1113 2902 1199 2980 ἕξετε
1224 2906 1356 2987 χρῆσθαι
1381 2905 1513 2980 μοίντεσι
1538 2908 1670 2982 μούσοις

1115 3010 1241 3091 cipere,
1266 3008 1372 3091 ἄρσις,
1397 3015 1544 3092 χειμῶνι,
1569 3012 1660 3092 ticet,

1112 3121 1225 3196 μετρίῳ
1247 3118 1352 3195 τνίγει
1377 3155 1419 3167 -

796 3245 876 3312 ques
904 3245 1012 3290 merae
1043 3229 1119 3289 sunt
1141 3224 1300 3289 tenebrae.
1324 3223 1373 3288 De
1395 3224 1512 3309 quibus
1535 3225 1686 3310 quicquid
1710 3225 1919 3290 statuendum
1944 3229 1987 3290 vi·

795 3332 898 3409 detur,
925 3330 959 3395 id
983 3330 1113 3415 quidem
1138 3335 1263 3394 certum
1287 3329 1383 3406 duco,
1408 3329 1621 3414 Aristophane
1645 3329 1737 3415 plane
1760 3331 1895 3417 indigna
1919 3352 1986 3397 esse

795 3458 875 3523 quaa
910 3439 1108 3523 excogitavit
1144 3434 1268 3521 Bergk:
1305 3434 1412 3511 οὔροις
1443 3432 1507 3511 ἦρος
1540 3442 1675 3515 (taceare
1699 3435 1805 3513 Koch)
1835 3441 1986 3516 χειμῶνι,

795 3544 867 3620 espa
899 3546 1012 3622 μετρίῳ
1043 3542 1157 3618 τνίγει.
1190 3541 1273 3605 Nam
1297 3544 1427 3627 egregie
1449 3541 1526 3607 heac
1548 3542 1631 3606 mihi
1655 3541 1802 3626 displicet
1825 3547 1985 3629 oppositio

793 3650 840 3712 ita
866 3668 1013 3732 expressa
1027 3647 1062 3728 ¹),
1091 3648 1130 3713 ab
1154 3648 1213 3712 hoo
1237 3652 1347 3711 autem
1370 3646 1440 3712 loco
1463 3655 1511 3711 est
1536 3646 1656 3724 aliena,
1681 3649 1736 3712 ubi
1759 3670 1820 3712 nou
1846 3649 1885 3713 de
1908 3650 1986 3713 eceli

795 3753 934 3835 temperie
952 3755 1071 3838 agitur,
1093 3752 1147 3817 ssd
1166 3754 1205 3817 da
1223 3775 1322 3815 rerum
1330 3754 1515 3838 futurorum
1527 3755 1659 3818 scientis
1662 3755 1871 3839 fortunaeque
1883 3755 1984 3822 donis.

793 3857 905 3922 Dativi
924 3858 1081 3940 tempores,
1102 3879 1164 3922 non
1186 3857 1287 3923 dativi
1306 3878 1324 3921 a
1346 3859 1440 3924 verbo
1459 3861 1591 3937 χρῆσθαι
1611 3863 1755 3943 suspensi
1766 3864 1984 3945 requiruntur.

838 3964 952 4048 ltaque
976 3985 1039 4027 non
1063 3963 1175 4028 dubito
1198 3966 1274 4049 quin
1299 3970 1383 4028 recte
1407 3963 1545 4051 Blaydes
1569 3985 1680 4029 vocem
1704 3965 1811 4041 οὕρνις
1836 3988 1854 4031 a
1878 3970 1985 4033 vicino

793 4067 881 4147 ὥροις
915 4076 1026 4134 natam
1056 4071 1090 4132 in
1121 4069 1279 4139 τοίσοιις
1311 4073 1488 4134 mutaverit
1501 4070 1537 4149 ²).
1570 4072 1677 4133 Maece
1708 4079 1817 4136 autem
1848 4073 1985 4138 feliciter

792 4178 975 4262 procuravit
997 4174 1107 4250 Koch,
1132 4175 1329 4240 adiectivum
1352 4174 1481 4260 aliquod
1503 4179 1536 4240 in
1561 4179 1679 4240 vitiosa
1701 4177 1760 4242 hac
1785 4199 1860 4243 voca
1885 4178 1985 4245 latere

792 4283 982 4366 suspicatus.
1007 4281 1049 4345 Et
1073 4282 1206 4345 fortasse
1229 4279 1305 4345 licet
1329 4284 1526 4366 acquiescere
1546 4284 1615 4346 cius
1633 4285 1815 4347 coniectura
1834 4285 1984 4356 μοίντεσιν

792 4389 938 4467 ίρίοίς,
970 4389 1047 4451 setis
1075 4393 1190 4472 aptum
1222 4394 1307 4451 certe
1338 4408 1375 4451 sa
1405 4408 1534 4452 sensum
1565 4388 1711 4471 praebet;
1744 4387 1845 4454 lenior
1875 4398 1983 4456 tamen

791 4493 920 4559 videtur
943 4493 1093 4557 correctio
1114 4494 1263 4567 μοίντεσιν
1283 4491 1327 4557 εὔ
1334 4516 1433 4570 νοις,
1453 4492 1633 4577 meliusque
1653 4496 1686 4556 ni
1705 4492 1800 4558 fallor
1819 4500 1984 4561 contextui

791 4598 1067 4663 accommodatum
1090 4603 1139 4662 est
1161 4598 1222 4662 hoc
1245 4597 1453 4664 adiectivum.

826 4787 853 4848 l)
878 4786 1038 4836 Pucrulorum
1065 4786 1124 4836 iocis
1148 4789 1196 4847 (Dc
1217 4788 1298 4836 ίοοσονι
1321 4804 1365 4836 σοιν
1389 4788 1430 4836 ket
1453 4787 1621 4835 Noordcrland
1642 4787 1735 4836 Hebion
1758 4788 1809 4837 tien
1826 4789 1919 4853 ονίιρστε
1935 4810 1983 4841 aas

789 4866 866 4917 ledere
882 4867 950 4916 hand
964 4884 1121 4933 -quaeque
1138 4872 1280 4933 sequuntur)
1298 4884 1370 4933 qaam
1388 4867 1494 4917 versibus
1511 4867 1629 4916 similiora
1645 4868 1754 4917 (luerim.

822 4948 850 5012 2)
869 4948 907 5001 Gi.
923 4948 1047 5014 Sophoclis
1063 4951 1088 5000 iu
1105 4950 1180 5000 'lereo
1197 4965 1279 5000 versus
1296 4950 1326 5000 ir.
1346 4950 1402 5009 sla,
1420 4954 1445 4999 et
1462 4949 1527 4999 Nub.
1545 4949 1603 4998 ³10.
