5125 6150
959 797 1167 847 nvarsmmn
1190 799 1256 847 sno.
1279 800 1426 849 unnuun.
1723 785 1787 850 151

636 965 699 1050 up.
734 965 797 1030 [αα.
821 962 922 1028 111:1
957 964 1026 1042 (nbi
1050 984 1160 1027 omues
1184 961 1282 1029 Godd.
1308 963 1394 1029 fideli
1418 967 1584 1030 concordia
1606 969 1788 1051 conspirant

591 1073 625 1135 in
658 1073 704 1146 uit
736 1069 879 1134 πολλοὶ
905 1068 1156 1133 διδάσκαλον
1180 1070 1320 1146 γίνεσθε,
1345 1069 1479 1149 ἄθελφσί
1503 1096 1579 1148 μου,
1604 1071 1717 1143 aldim
1741 1067 1787 1136 θεν

593 1174 699 1256 μεῖζον
731 1177 826 1254 κρίμα
860 1174 1051 1253 λημψόμεθα
1078 1221 1176 1239 .....
1201 1174 1230 1238 εί
1260 1198 1308 1247 τις
1336 1177 1366 1238 Iu
1390 1176 1473 1255 λίνῳ
1496 1178 1529 1240 σίν
1554 1180 1678 1254 πταίει,
1704 1177 1786 1249 οὗτος

592 1283 709 1352 τέλειος
741 1283 829 1361 civit)
861 1302 940 1345 crux
971 1282 1182 1364 interpretum
1206 1287 1271 1356 est,
1297 1288 1335 1344 ut
1357 1284 1458 1346 aiunt.
1484 1281 1586 1361 Quam
1610 1285 1679 1347 rim
1702 1286 1787 1348 enim

593 1388 730 1452 babeant
755 1409 809 1451 vv.
832 1409 870 1449 ne
894 1392 984 1449 εσίοίσ
1006 1385 1094 1447 multi
1116 1387 1248 1448 doctores
1268 1386 1354 1451 haud
1374 1385 1466 1451 facile
1486 1391 1646 1473 quispiam
1661 1389 1786 1455 dixerit.

594 1491 766 1557 infeliciter
796 1512 871 1556 eane
902 1490 1144 1555 Lachmannue:
1180 1493 1224 1564 uir
1260 1495 1385 1556 πῶλοι
1422 1491 1615 1557 δύσκολον
1646 1496 1785 1574 γίνεσθε;

593 1596 757 1682 aliquanto
788 1596 923 1672 melius,
953 1600 991 1660 ut
1014 1597 1135 1680 opinor,
1160 1594 1305 1661 Naberus
1328 1604 1552 1682 proposuerat:
1576 1600 1621 1673 ui
1645 1614 1787 1664 σλανσ

593 1703 843 1766 διδάσκαλον
874 1702 1006 1777 γίνεσθε.
1039 1699 1101 1765 Sed
1132 1722 1247 1766 verum
1281 1702 1365 1766 vidit
1397 1721 1462 1766 van
1493 1720 1535 1767 nn
1566 1702 1676 1768 Saron
1700 1704 1787 1769 Bau·

592 1826 719 1872 εἰσίω
750 1815 801 1885 (ut
831 1812 864 1871 et
894 1806 951 1871 alii
984 1806 1114 1892 quidam
1145 1807 1231 1871 docti
1261 1807 1407 1893 theolog]
1438 1808 1566 1887 Batavi)
1596 1812 1651 1894 qui
1674 1809 1788 1875 collata

592 1918 737 1978 versione
779 1912 897 1988 latina,
940 1912 996 1976 ubi
1039 1917 1144 1976 extat:
1189 1912 1283 1976 nolite
1325 1913 1496 1998 multiloqui
1536 1936 1612 1991 ease,
1655 1915 1789 1982 fidenter

592 2022 772 2104 rescripsit:
805 2021 849 2093 μὴ
882 2017 1113 2081 totitatis
1148 2017 1280 2092 γίνεσθε.
1317 2018 1485 2085 Probabile
1517 2025 1565 2084 est
1593 2021 1626 2086 in
1659 2028 1786 2087 vetusto

591 2125 765 2210 archetypo
795 2126 830 2186 in
863 2121 969 2187 media
1000 2143 1077 2187 voce
1109 2130 1368 2187 ΠΟΛΤΛΛΛΟΙ
1401 2124 1478 2188 duas
1502 2124 1653 2209 pluresve
1676 2125 1785 2190 literas

590 2232 774 2305 evanuisse,
811 2228 924 2292 deinde
958 2227 1128 2292 librarium
1161 2227 1310 2293 lacunam
1345 2250 1403 2293 suo
1439 2229 1543 2295 Marte
1577 2232 1783 2296 coniectando

591 2335 781 2420 explevisse.
1630 2345 1637 2354 ·

633 2440 695 2525 Ep.
716 2438 757 2504 ad
772 2439 833 2501 Col.
852 2436 963 2503 11:18
983 2443 1070 2502 extat
1094 2440 1126 2501 in
1150 2437 1261 2501 libris:
1286 2437 1393 2513 μηθείς
1414 2439 1495 2515 ὑμᾶς
1516 2440 1783 2518 καταβραβευέτω

591 2542 732 2623 diioui)
756 2545 785 2607 ἐν
810 2544 1072 2624 ταπεινοφροσύνῃ
1091 2543 1143 2607 καί
1165 2544 1307 2626 θρησκείᾳ
1326 2550 1384 2607 σῶν
1404 2546 1563 2623 ἀγγέλων,
1583 2537 1605 2609 i
1627 2544 1783 2625 ἕσρακεν

591 2647 876 2729 ε’ραβατεύωνῙ)
908 2651 975 2727 siai
999 2648 1202 2721 Φυσνσύραενσς
1227 2648 1285 2712 ὑπὸ
1309 2653 1361 2713 τσῦ
1387 2650 1448 2718 uode
1473 2659 1527 2723 ric
1553 2653 1663 2730 σαρκία
1687 2655 1782 2718 αὐτοῦ

590 2756 652 2819 ari.
691 2755 758 2819 Sub
790 2774 889 2838 prava
920 2754 1056 2819 lectione
1087 2754 1179 2817 θέλων
1208 2754 1284 2839 quid
1315 2753 1414 2819 lateat
1446 2756 1548 2821 adbuc
1571 2757 1690 2823 frustra
1711 2780 1783 2824 meo

589 2860 722 2945 quidem
741 2859 860 2922 iudicio
880 2860 1105 2942 quaesiverunt
1125 2880 1179 2923 vv.
1198 2859 1261 2935 dd„
1282 2860 1337 2924 sed
1352 2881 1408 2944 pro
1426 2869 1786 2928 ΑΕΟΡΑΚΕΝΕΜΒΑ·

588 2969 747 3027 ΤΕΎΩΝ
782 2962 954 3026 Tarnoaus
989 2964 1173 3027 acutissime
1205 2962 1310 3028 deleta
1340 2985 1404 3028 una
1435 2964 1528 3030 litera
1561 2975 1587 3029 0
1619 2971 1782 3055 perspexit

585 3068 763 3155 legendum
786 3089 868 3133 esse:
893 3069 989 3146 είίρα
1014 3067 1344 3144 αενεμβασενίων.
1369 3069 1427 3135 nst
1451 3071 1528 3137 haec
1549 3072 1727 3140 emendatio
1748 3078 1783 3138 in

585 3177 697 3259 paucis
729 3173 882 3257 palmaris
890 3193 897 3249 ;
930 3176 1060 3258 iamque
1090 3181 1237 3259 apparet,
1270 3175 1379 3251 credo,
1412 3196 1509 3260 quam
1533 3184 1652 3243 temere
1676 3200 1695 3243 a
1718 3201 1783 3246 cor-

583 3289 708 3345 rectore
731 3282 787 3363 qui
810 3277 915 3342 locum
939 3287 1128 3363 corruptum
1152 3301 1214 3344 non
1237 3280 1453 3366 intelligeret,
1479 3289 1552 3347 ante
1572 3283 1692 3364 ίίρακεν
1713 3305 1781 3370 pan

585 3384 687 3450 ticula
711 3386 864 3469 negativa
886 3385 930 3462 μίν
955 3387 1074 3449 inserta
1097 3387 1150 3449 sit.

630 3567 695 3633 Sed
719 3568 880 3651 imprimis
900 3572 1013 3631 notatu
1033 3565 1125 3651 digni
1144 3571 1220 3630 sunt
1237 3565 1301 3631 loci
1321 3566 1532 3652 complusculi
1552 3590 1635 3635 nunc
1648 3570 1779 3637 demum

583 3675 719 3759 purgati
743 3674 831 3736 omni
854 3691 971 3755 genere
994 3672 1306 3746 additamenta-um,
1332 3693 1412 3756 quae
1437 3676 1610 3758 partimin
1634 3680 1780 3763 margine

582 3779 745 3844 librorum
779 3778 924 3860 apposita
958 3776 1070 3841 deinde
1102 3796 1120 3841 a
1150 3777 1261 3841 scribis
1293 3784 1439 3862 suscepta
1469 3787 1545 3843 eunt
1573 3782 1607 3843 in
1636 3787 1779 3857 textum,

584 3886 707 3969 partim
727 3903 791 3947 non
810 3884 878 3945 sine
897 3902 1015 3967 magno
1035 3881 1227 3946 detrimento
1243 3885 1418 3948 sententiae
1430 3884 1554 3949 infersit
1566 3892 1780 3952 correctorum

583 3990 717 4054 levitas.

631 4092 840 4160 Constantino
865 4092 1101 4158 Tiscbendorfio
1123 4094 1242 4158 iuvene
1262 4114 1343 4159 anno
1362 4115 1387 4158 r.
1406 4115 1431 4158 s.
1451 4110 1613 4159 smcooxnr
1631 4094 1779 4160 Lutetiae

583 4200 723 4285 degente
753 4198 863 4283 ibique
895 4198 1052 4263 indefesso
1075 4196 1183 4262 labore
1208 4197 1403 4281 exemplaria
1426 4217 1514 4261 sacra
1537 4204 1692 4263 nocturna
1712 4219 1779 4262 ver-

583 4312 676 4368 sante
700 4322 798 4367 mann
826 4310 970 4368 versante
994 4303 1124 4377 diurna,
1145 4304 1178 4365 in
1198 4302 1331 4366 eandem
1352 4302 1464 4365 urbem
1485 4301 1665 4365 studiorum
1686 4322 1781 4367 causa

582 4412 675 4474 venit
691 4410 818 4472 invenis
837 4405 986 4473 Gobetne.
1012 4407 1143 4471 Parisiis
1164 4414 1201 4471 ut
1220 4406 1351 4492 posthac
1371 4405 1513 4471 Venetiis
1533 4408 1566 4469 in
1587 4404 1780 4473 bibliotheca

584 4511 715 4598 publica
747 4512 890 4596 quotidie
918 4512 983 4576 fere
1012 4530 1075 4576 una
1106 4517 1198 4575 sunt:
1230 4512 1372 4594 iungunt
1399 4512 1592 4574 amicitiam:
1617 4510 1778 4589 multum,

584 4622 622 4681 ut
653 4616 707 4692 iit,
738 4618 823 4681 inter
854 4639 887 4682 ee
918 4615 1144 4701 colloquuntur
1166 4614 1205 4679 ds
1228 4614 1331 4679 literis
1354 4615 1641 4699 communibusque
1663 4616 1779 4681 studiis

616 4814 644 4873 1)
669 4810 688 4859 u
714 4810 759 4871 μὴ
785 4806 883 4872 ream
908 4806 1057 4871 ίμβασείαν
1082 4808 1190 4859 audiam
1213 4806 1375 4873 complurium
1391 4807 1512 4871 scripturn
1528 4812 1564 4857 sat
1581 4823 1654 4872 quana
1670 4810 1779 4873 sequitur

584 4892 786 4941 Tiwbendortim.
