5125 6150
1133 816 1276 865 riorus.
1621 848 1627 857 .
1726 797 1789 862 201

610 980 774 1047 cumdedit
806 987 838 1046 et
869 1001 1035 1066 erumpere
1066 1001 1158 1045 ausos
1190 981 1290 1057 ferro,
1316 993 1435 1045 ceteros
1459 982 1514 1044 siti
1537 979 1576 1045 ad
1598 979 1793 1044 deditionem

611 1088 751 1173 cotgit'’.

655 1193 690 1258 Id
713 1201 778 1258 est:
809 1214 996 1279 „erumpere
1019 1215 1111 1259 ausos
1135 1193 1216 1259 ferro
1239 1193 1429 1271 trucidavit,
1454 1199 1575 1259 ceteros
1598 1194 1653 1259 siti
1677 1191 1716 1257 ad
1740 1191 1792 1257 de·

611 1301 766 1365 ditionem
789 1300 927 1387 codgit’'.

1100 1510 1294 1520 m

1155 1665 1239 1732 VIII.

653 1847 801 1912 Ptitzneri
829 1852 1057 1914 commentatio
1087 1848 1160 1927 ilia,
1184 1871 1281 1934 quam
1307 1852 1432 1935 saepius
1456 1852 1539 1926 iem,
1564 1853 1601 1912 ut
1624 1869 1682 1933 par
1704 1853 1788 1925 erat,

606 1953 752 2029 laudari,
785 1975 803 2018 a
833 1955 1048 2041 disputatione
1081 1956 1119 2020 de
1143 1956 1303 2020 codicibus
1326 1954 1428 2021 Taciti
1450 1957 1573 2039 incipit.
1598 1952 1690 2018 IIIius
1714 1974 1789 2039 ergo

607 2058 790 2144 exemplum
821 2083 873 2125 me
904 2062 1053 2126 admonet
1084 2066 1122 2125 ut
1152 2068 1185 2126 et
1213 2064 1281 2147 ipse
1305 2083 1403 2146 pauca
1426 2061 1580 2147 quaedam
1603 2059 1642 2124 de
1664 2058 1720 2124 illo
1743 2080 1789 2123 ar·

606 2172 760 2250 gemente
790 2170 823 2230 in
855 2168 998 2232 medium
1031 2169 1207 2252 proferam,
1240 2188 1326 2243 rem,
1358 2189 1453 2251 quam
1484 2189 1543 2253 ego
1568 2175 1701 2254 tangam
1722 2172 1789 2231 tan·

607 2273 785 2350 tummodo‚
810 2272 882 2338 aliis
905 2277 1084 2339 accuratius
1107 2273 1333 2339 enucleandam
1355 2273 1534 2340 relicturus.

652 2378 781 2444 Codices
812 2401 888 2465 ergo
919 2381 986 2457 illi,
1020 2384 1074 2466 qui
1098 2383 1132 2445 in
1155 2381 1293 2446 editione
1316 2379 1548 2465 Nipperdeiana
1570 2378 1702 2445 alterius
1727 2380 1789 2442 hn-

605 2484 728 2548 nalium
757 2488 856 2571 partis
879 2495 910 2550 et
930 2486 1149 2551 Historiarum
1172 2486 1264 2551 litera
1288 2489 1299 2550 i
1322 2486 1551 2571 significantur,
1575 2507 1632 2572 per
1660 2506 1693 2550 se
1720 2484 1790 2549 nul·

606 2590 669 2654 Iius
702 2598 776 2655 sunt
807 2595 919 2677 pretii,
944 2595 1005 2656 nisi
1029 2596 1062 2656 in
1086 2595 1125 2657 iis
1150 2592 1227 2657 locis
1250 2594 1304 2657 ubi
1328 2592 1492 2658 Mediceus
1515 2592 1596 2658 alter
1617 2591 1787 2657 Iacunosus

607 2704 671 2775 est,
704 2706 814 2783 utpote
846 2702 900 2784 qui
931 2699 982 2763 vel
1013 2720 1052 2764 ex
1083 2701 1153 2783 ipso
1184 2698 1344 2776 Mediceo,
1369 2699 1438 2777 vel,
1470 2699 1553 2784 quod
1576 2697 1787 2784 Nipperdeius

606 2809 737 2881 statuit,
761 2826 799 2869 ex
819 2806 1001 2891 apographo
1020 2805 1157 2890 quodam
1177 2808 1245 2870 etus
1265 2808 1330 2869 sint
1349 2806 1507 2890 descripti.
1534 2804 1670 2871 Omnino
1691 2806 1787 2869 veris·

605 2914 724 2976 simum
759 2911 840 2976 illud
875 2918 939 2986 est,
976 2920 1007 2976 et
1039 2921 1145 2977 tamen
1176 2933 1215 2976 ne
1246 2913 1298 2976 hic
1330 2911 1458 2996 quidem
1491 2910 1705 2988 „deteriores”
1737 2907 1789 2974 illi

605 3021 736 3103 impune
772 3019 864 3083 abiici
900 3021 1040 3103 possint,
1076 3024 1189 3104 utpote
1226 3021 1280 3104 qui
1316 3018 1479 3084 interdum
1511 3016 1631 3105 aliquid
1662 3021 1790 3082 servent

605 3125 688 3210 quod
713 3128 802 3190 unice
826 3146 938 3190 verum
961 3129 1022 3202 sit,
1047 3146 1121 3190 cum
1145 3130 1213 3212 ipse
1237 3126 1400 3191 Mediceus
1419 3129 1540 3191 vitium
1559 3126 1605 3190 ibi
1624 3124 1788 3201 exhibeat,

605 3240 662 3296 aut
689 3230 809 3316 aliquid
840 3231 997 3295 eiusmodi
1027 3232 1129 3315 quod,
1161 3234 1288 3297 etiamsi
1312 3254 1423 3298 verum
1449 3253 1510 3297 non
1534 3234 1594 3306 sit,
1618 3235 1725 3295 temen
1749 3250 1789 3294 ex

604 3342 673 3424 ipso
708 3338 850 3402 Mediceo
884 3340 994 3402 eiusce
1028 3338 1210 3423 apographo
1244 3341 1329 3402 sumi
1364 3359 1426 3402 non
1456 3339 1606 3423 potuerit.
1644 3335 1790 3401 Breviter

605 3445 689 3509 locos
708 3444 868 3520 indicabo,
889 3447 944 3530 qui
963 3444 1047 3508 mibi
1067 3446 1125 3509 hoc
1144 3447 1271 3509 nomine
1293 3447 1433 3509 maxime
1453 3442 1608 3508 notabiles
1623 3444 1787 3507 visisunt:

651 3552 731 3614 Ann.
756 3550 812 3627 XI,
840 3550 890 3614 14.
923 3548 1074 3616 Claudius
1098 3556 1162 3614 tres
1183 3550 1305 3616 litteras
1329 3549 1460 3626 adiecit,
1485 3551 1620 3635 quaein
1644 3569 1703 3614 usu
1726 3550 1787 3612 im-

605 3660 761 3741 peritante
791 3678 845 3733 eo,
869 3663 941 3741 post
965 3656 1183 3733 oblitteratae,
1206 3659 1405 3742 aspiciuntur
1429 3659 1529 3722 etiam
1552 3658 1693 3721 nuncin
1716 3675 1787 3721 esre

598 3764 735 3846 publico,
756 3765 804 3827 dis
831 3763 1001 3844 plebiscitis
1029 3784 1086 3848 per
1115 3763 1182 3827 sora
1211 3783 1246 3827 ac
1277 3762 1396 3848 templa
1427 3763 1499 3829 fixo.
1532 3762 1584 3829 Sic
1605 3761 1785 3838 Mediceus;

604 3870 700 3934 lectio
730 3872 759 3932 i:
787 3869 982 3950 publicandis
1007 3868 1188 3950 plebiscitis.
1218 3867 1365 3954 Intelligi
1399 3877 1482 3946 certe
1505 3868 1582 3934 haec
1605 3875 1725 3953 potest,
1750 3888 1788 3932 ex

605 3976 749 4039 MedIceo
777 3974 843 4053 (vel
875 3978 943 4039 eius
975 3975 1172 4061 apographo)
1195 3976 1281 4039 nasci
1305 3997 1366 4040 non
1391 3978 1514 4061 potuit:
1538 3977 1718 4041 coniectura
1742 3980 1790 4040 est

602 4084 741 4148 hominis
765 4081 938 4166 exemplari
961 4103 1018 4145 sno
1042 4102 1103 4145 non
1129 4083 1219 4145 unice
1243 4081 1352 4146 dediti.

649 4190 731 4252 Ann.
756 4187 813 4264 XI,
842 4187 892 4251 16.
918 4184 1151 4252 Cheruscorum
1175 4208 1254 4274 gens
1276 4208 1386 4273 regem
1407 4187 1509 4253 Roma
1528 4189 1646 4273 petivit
1659 4236 1666 4252 .
1681 4236 1689 4252 .
1703 4234 1710 4251 .
1724 4208 1788 4252 uno

602 4295 726 4379 reliquo
756 4296 865 4378 stirpis
896 4296 1020 4379 regiae,
1045 4296 1100 4377 qui
1124 4294 1209 4379 apud
1232 4295 1345 4360 urbem
1369 4294 1554 4373 habebatur,
1580 4296 1707 4359 nomine
1729 4292 1788 4357 Ita·

601 4403 685 4466 Iicus
786 4399 893 4486 Igitur
916 4398 1031 4466 Caesar
1053 4402 1222 4486 Augustus
1245 4404 1396 4487 pecunia,
1422 4401 1538 4467 additis
1561 4400 1786 4486 stipatoribus,

602 4510 749 4572 hortatur
771 4506 893 4592 gentile
917 4506 1011 4571 decus
1034 4527 1152 4593 magno
1174 4511 1279 4574 animo
1303 4528 1472 4594 capessere.

648 4612 699 4677 Sic
719 4613 896 4690 Mediceus,
918 4616 979 4677 nisi
998 4612 1082 4696 quod
1099 4616 1236 4679 nominis
1255 4618 1407 4695 depastus
1426 4636 1440 4677 s
1459 4612 1550 4678 finale
1562 4635 1579 4679 e
1591 4613 1783 4679 correctione

602 4726 715 4805 natum
739 4724 796 4782 est.

649 4823 685 4888 In
711 4824 904 4889 editionibus
933 4826 1109 4890 rectissime
1139 4846 1222 4889 nnnc
1252 4823 1374 4909 legItur
1397 4832 1523 4908 euclem,
1548 4825 1603 4891 sed
1627 4823 1787 4912 praeclare

604 4933 681 4999 haec
703 4934 883 4997 coniectura
983 4929 1114 4996 debetur
1137 4931 1236 4997 codici
1259 4928 1417 4997 Gudieno.
