5125 6150
1058 847 1237 895 ausmeun
1260 842 1356 895 unca.
1739 830 1803 897 433

653 1012 889 1080 Derelictarum
915 1010 1090 1078 mulierum
1116 1016 1302 1079 tristissime
1326 1036 1393 1078 sors
1417 1022 1502 1091 erat,
1526 1037 1599 1081 nam
1625 1037 1725 1101 quum
1751 1016 1806 1081 bu-

604 1141 729 1206 cusque
760 1122 793 1184 in
825 1140 859 1184 re
889 1122 966 1184 setis
996 1117 1086 1184 laute
1119 1123 1294 1196 vixissent,
1327 1126 1398 1204 post
1430 1122 1526 1186 funus
1549 1125 1603 1188 vix
1628 1122 1804 1208 quidquam

605 1247 816 1292 nummorum
848 1229 882 1290 iu
914 1246 986 1290 erce
1014 1230 1177 1311 repertum
1202 1226 1273 1290 fuit.
1299 1225 1391 1290 Hane
1416 1231 1611 1293 occasionem
1636 1231 1720 1293 nacti
1744 1227 1806 1294 Ou-

605 1341 726 1400 ratores
752 1333 941 1398 Academiae
968 1332 1252 1419 Wyttenbaohium
1277 1335 1418 1396 invitum
1444 1335 1673 1419 propemodum
1695 1356 1806 1421 coege-

603 1447 698 1517 runt,
731 1446 769 1503 ut
792 1437 918 1503 lllustri
948 1439 1110 1504 Athenaeo
1134 1438 1423 1504 Amstelodemcnsi
1447 1441 1645 1525 posthabito,
1671 1440 1803 1506 Laidem

605 1550 763 1634 migraret
786 1551 819 1610 et
844 1545 1036 1610 Rubulsenio
1060 1546 1256 1621 succederem
1282 1547 1340 1610 hec
1365 1549 1451 1610 enim
1476 1547 1543 1611 sola
1566 1548 1745 1613 conditione
1770 1569 1803 1612 se

605 1654 694 1739 adigi
714 1673 805 1738 posse
825 1651 986 1728 dicebant,
1007 1659 1043 1715 ut
1064 1651 1317 1717 Ruhnkenienee
1330 1653 1669 1718 domuisubvenirent.
1691 1653 1803 1739 ltaque

606 1759 875 1846 Wyttenbacbius
907 1760 947 1822 iis
975 1779 1098 1822 morem
1122 1762 1240 1843 gessit,
1267 1780 1462 1844 quamquam
1487 1760 1612 1825 consilii
1637 1782 1711 1825 enm
1736 1781 1805 1845 per-

606 1874 704 1953 petuo
738 1867 950 1951 poenituerit,
988 1872 1020 1930 et
1052 1863 1223 1931 Curatores
1254 1887 1293 1931 ex
1325 1869 1515 1931 auctoritate
1544 1867 1680 1932 Senatus
1712 1867 1802 1953 Reip.

605 1973 746 2037 Batevae
779 1971 963 2036 Ruhnkenii
996 1970 1160 2035 librariam
1185 1970 1423 2056 supellecticem
1448 1973 1661 2038 bibliothecae
1686 1974 1804 2038 Acade-

605 2082 708 2144 micae
739 2076 931 2155 addiderunt
962 2079 1121 2161 pretiique
1153 2076 1221 2141 loco
1253 2078 1395 2162 vectigal
1419 2099 1561 2142 annuum
1588 2079 1702 2145 viduae
1726 2078 1805 2144 filien

605 2187 728 2270 busque
752 2186 931 2270 quingenos
956 2185 988 2247 in
1012 2182 1157 2269 singulas
1180 2183 1315 2248 florenos
1339 2188 1585 2250 constituerunt.

651 2291 738 2371 Quae
761 2289 874 2356 deinde
899 2290 936 2353 de
960 2290 1227 2354 muliercularum
1248 2298 1331 2354 sorte
1352 2294 1507 2376 cognovi,
1529 2313 1586 2356 nec
1605 2291 1709 2356 multa
1729 2297 1804 2355 suut

605 2406 638 2463 et
673 2403 818 2483 prostent
852 2399 885 2460 in
921 2397 1084 2481 Epistola,
1120 2418 1217 2482 quem
1253 2397 1519 2482 Wytteubacbius
1556 2399 1594 2462 ad
1629 2399 1680 2462 Fr.
1710 2401 1802 2483 Aug.

608 2503 762 2569 Wolfium
788 2502 875 2568 dedit
899 2502 928 2567 d.
956 2503 975 2566 5
999 2502 1080 2568 Julii
1107 2503 1211 2568 1805:
1239 2503 1339 2579 „Veni
1365 2503 1497 2569 beidam
1523 2511 1640 2589 putens
1663 2507 1803 2591 gratiam

606 2617 640 2676 et
670 2608 799 2675 laudem
830 2610 913 2673 mibi
944 2610 1041 2674 huius
1067 2611 1221 2674 benefacti
1246 2610 1331 2693 apud
1356 2631 1465 2674 omnes
1490 2611 1634 2675 homines
1658 2617 1802 2694 peretem

607 2738 685 2781 esse.
713 2713 784 2780 Alia
809 2718 916 2780 omnia
941 2722 1091 2799 expertus
1115 2737 1197 2779 sum.
1222 2715 1374 2800 Ingratus
1397 2718 1525 2780 animus
1549 2715 1705 2794 filiarum3
1727 2736 1801 2781 nem

604 2830 700 2886 meter
730 2821 860 2907 quidem
893 2845 984 2884 mcum
1008 2821 1179 2903 beneficium
1202 2824 1383 2900 cpcroeoedet.
1409 2822 1535 2887 Invidia
1559 2828 1591 2886 et
1615 2823 1803 2887 obtrectatio

604 2928 753 2994 eliorum.
777 2966 815 2977 -
839 2927 949 3012 Neque
973 2927 1073 3005 illud,
1099 2929 1180 2992 forte
1203 2929 1261 2992 tibi
1285 2928 1428 2992 noudum
1454 2932 1639 3014 cognitum,
1664 2937 1801 3013 praeter-

605 3037 736 3100 mittere
768 3033 866 3099 debeo
897 3033 935 3099 de
960 3033 1084 3098 familia
1108 3034 1302 3098 Rubnbeuii.
1326 3033 1435 3099 Minor
1459 3034 1667 3112 Ruhnkenia,
1693 3055 1801 3112 caece,

605 3144 688 3208 obiit
721 3140 808 3205 1801
834 3163 879 3206 m.
903 3141 1009 3206 Meio:
1042 3163 1116 3206 mor
1142 3144 1255 3217 maior,
1280 3141 1483 3219 Elisabetha,
1508 3146 1541 3206 in
1565 3140 1706 3207 Galliam
1731 3164 1801 3228 pro-

604 3251 687 3315 fecte
717 3249 829 3333 nupsit
859 3248 1011 3333 chirurgo
1044 3247 1196 3324 militari,
1229 3251 1293 3312 iam
1325 3248 1440 3312 Leidee
1461 3249 1522 3312 sibi
1545 3251 1691 3334 cognito,
1716 3270 1800 3313 nunc

603 3358 637 3420 iu
669 3355 885 3420 Normanniee
914 3352 1068 3438 oppidulo
1099 3355 1289 3419 medicinam
1321 3354 1498 3431 lectitanti,
1531 3376 1587 3419 nec
1612 3358 1689 3420 satis
1713 3354 1802 3420 leuta

605 3459 763 3541 vivereqi)
795 3462 995 3537 conditione,
1028 3483 1085 3526 nec
1116 3463 1213 3547 digna
1243 3461 1295 3525 vel
1328 3464 1410 3525 lauti
1436 3465 1535 3545 patris
1559 3462 1726 3539 leudibus,
1751 3461 1804 3528 vel

604 3590 661 3654 spe
692 3569 794 3652 ipsius
826 3566 969 3651 puellae,
1003 3568 1162 3652 quondam
1188 3569 1310 3632 formae
1334 3588 1527 3652 morumque
1550 3571 1657 3654 gretia
1681 3575 1713 3634 et
1735 3590 1803 3653 pre

605 3695 716 3740 corum
749 3674 909 3757 frequenti
941 3675 1116 3738 ambitione
1140 3673 1291 3738 florentis.
1318 3673 1434 3750 Meter,
1460 3681 1497 3737 ut
1521 3681 1613 3740 mute
1636 3683 1667 3740 et
1692 3694 1799 3748 ceece,

605 3777 812 3866 probabiliter
842 3779 962 3846 velct’'.
995 3779 1118 3864 Nempe
1151 3778 1414 3864 „probabiliter”,
1448 3788 1484 3844 ut
1514 3790 1605 3846 mute
1637 3788 1668 3845 et
1691 3775 1798 3843 oeecel

605 3884 689 3953 Oum
710 3907 815 3950 annua
835 3888 986 3970 pensione
1006 3888 1221 3971 quingentum
1235 3885 1444 3953 florenorum!
1467 3886 1616 3953 Ceterum
1631 3888 1800 3971 quoniam,

605 3996 655 4057 uti
686 3992 846 4069 vidimus,
871 3992 1052 4057 Meriemne
1075 3992 1316 4078 Wyttenbecbii
1343 3993 1552 4071 ,beneficium
1576 3990 1801 4077 agnoscebet''‚

606 4101 666 4165 boc
697 4106 734 4163 ut
764 4097 859 4184 plt'ne
891 4099 1092 4184 intelligam,
1127 4100 1211 4164 melo
1242 4101 1367 4165 credere
1392 4122 1461 4165 eam
1486 4121 1546 4163 nou
1571 4101 1683 4163 stricto
1708 4119 1800 4162 sensu

606 4212 732 4272 mutem
765 4206 879 4282 fuisse,
905 4205 958 4270 sed
982 4226 1084 4290 quum
1108 4205 1196 4291 loqui
1221 4212 1343 4291 posset,
1370 4206 1575 4290 plerumque,
1601 4226 1802 4290 quecumque

606 4313 735 4379 tandem
760 4311 797 4377 de
821 4332 933 4389 cause,
958 4312 1106 4397 linguam
1130 4314 1371 4396 compescuisse.

651 4419 830 4483 Intervenit
851 4418 1013 4482 biennium
1035 4441 1091 4484 nec
1111 4441 1160 4483 res
1181 4420 1370 4482 miserarum
1390 4417 1533 4482 multum
1554 4424 1697 4484 mutatae
1718 4421 1803 4483 sunt.

606 4527 683 4590 Post
706 4524 893 4589 horribilem
914 4524 1006 4589 illem
1026 4525 1148 4590 cladem
1172 4523 1376 4603 Leidensem,
1398 4528 1490 4589 cuius
1509 4548 1548 4591 ne
1569 4548 1653 4590 nunc
1673 4526 1802 4612 quidem

606 4635 761 4697 memorie
792 4630 967 4707 obsolevit,
1000 4632 1050 4695 Fr.
1084 4633 1169 4717 Aug.
1195 4630 1330 4695 Wolfius
1355 4631 1640 4718 Wyttenbechium
1673 4635 1803 4718 rogavit

607 4746 644 4802 ut
674 4740 862 4803 rescriberet
892 4739 1051 4822 quomodo
1082 4760 1120 4802 ex
1152 4737 1208 4802 ille
1240 4737 1354 4802 domne
1379 4760 1455 4804 suee
1479 4742 1571 4804 ruine
1595 4742 1750 4805 evasisset
1771 4746 1804 4805 et

606 4867 684 4909 uum
716 4866 765 4909 res
794 4866 867 4908 suas
892 4844 996 4908 salvas
1020 4844 1093 4908 inde
1118 4844 1290 4909 retulisset.
1317 4845 1493 4931 Respondit
1518 4844 1802 4933 Wyttenbechius,

606 4961 644 5015 ut
680 4950 818 5028 solebat,
855 4950 887 5015 h.
914 4973 941 5015 e.
974 4956 1050 5016 setis
1083 4953 1222 5036 copiose;
1256 4952 1369 5019 deiude
1399 4956 1432 5017 in
1465 4954 1528 5019 fine
1561 4955 1636 5018 haec
1660 4950 1802 5030 eddidit,
