5125 6150
702 787 746 853 68
1184 805 1394 853 rurcrnmrs.

702 972 843 1054 potius
863 968 1010 1054 supple
1029 969 1115 1045 Φίλοι
1135 969 1235 1054 quod
1255 990 1300 1033 ex
1317 970 1413 1047 φιλία
1431 967 1703 1054 repetendum
1719 969 1816 1034 est”.
1837 968 1885 1035 De

700 1096 762 1160 qna
784 1074 1003 1160 explanatione
1025 1074 1181 1161 quomodo
1204 1074 1409 1139 iudicandum
1431 1073 1501 1139 est?
1523 1096 1625 1141 nonne
1647 1096 1706 1140 suo
1724 1076 1885 1140 arbitratu

699 1184 785 1259 ᾷίλτι
817 1204 873 1267 pro
904 1184 999 1259 ᾤιλίκ
1030 1184 1081 1244 καί
1114 1183 1246 1244 aeremia
1277 1182 1476 1246 substituens
1505 1180 1663 1268 singulari
1685 1202 1723 1246 ac
1745 1184 1883 1246 minime

698 1286 787 1353 licito
809 1288 941 1353 artificio
965 1292 1069 1352 utitur
1091 1285 1278 1353 Goellerus?
1300 1287 1407 1367 Quod,
1431 1288 1540 1365 credo,
1565 1287 1710 1353 nonalia
1730 1288 1884 1354 decausa

698 1398 892 1481 excogitavit
925 1416 1022 1481 quam
1052 1404 1088 1459 ut
1112 1396 1141 1465 ἐι
1166 1397 1321 1468 ἀλλήλους
1345 1394 1426 1459 illud
1450 1433 1492 1443 —
1516 1408 1591 1460 uota
1614 1394 1790 1461 molestum
1813 1416 1882 1481 pro

697 1523 812 1566 nomen
836 1526 922 1567 ινιονο.
942 1504 1082 1582 pencris!
1105 1539 1146 1549 -
1171 1502 1300 1567 haberet
1324 1523 1387 1587 quo
1410 1502 1576 1568 commode
1598 1502 1780 1567 referretur.

743 1608 808 1673 Alii
831 1626 957 1685 contra,
980 1607 1082 1673 veluti
1105 1608 1257 1694 Steupius
1273 1610 1307 1687 ¹),
1330 1612 1597 1695 interpretantur:

743 1718 768 1780 εί
802 1719 846 1790 μὴ
880 1718 952 1791 μετ’
988 1718 1035 1793 rip.
1071 1714 1133 1781 dor.
1169 1717 1198 1787 ἒς
1235 1718 1391 1790 ι’λλιίλους
1425 1717 1554 1797 (ἰδιῶται
1589 1722 1640 1781 καί
1676 1715 1800 1796 πίλοις)
1833 1716 1882 1793 γί·

697 1846 813 1899 γνιιντο
840 1823 903 1887 xri.

741 1928 793 1993 Sic
813 1951 887 1994 sero
906 1932 1016 1993 statim
1036 1951 1136 1994 novus
1157 1927 1326 2014 scrupulus
1344 1934 1497 1995 inlicitur.
1516 1931 1662 2016 Namque
1681 1930 1755 2005 μετ’
1769 1932 1877 2007 iperio

696 2035 843 2108 δοκίτεος
866 2039 1028 2113 γίγιεοίοι
1053 2037 1083 2106 ἐς
1103 2039 1276 2113 ἀλλήλους,
1297 2037 1379 2122 quod
1401 2037 1535 2123 Steupio
1554 2045 1682 2103 auctore
1701 2035 1876 2121 significat:

695 2143 759 2205 rich
802 2144 855 2206 nit
888 2145 941 2206 der
973 2143 1189 2224 pepereritiqen
1233 2144 1465 2226 Voroucetrnnp
1499 2147 1554 2208 der
1588 2143 1878 2228 Rechteekcffenkeit

692 2253 855 2329 γνγιιιίίον
874 2251 990 2327 slehen,
1013 2249 1048 2314 id
1071 2248 1160 2314 nullo
1183 2250 1296 2314 idoneo
1316 2251 1461 2337 exemplo
1480 2251 1703 2317 confirmatum
1722 2272 1762 2315 ne
1783 2247 1875 2316 Grae

696 2377 769 2420 cum
800 2357 927 2442 quidem
951 2379 1017 2421 esse
1039 2373 1178 2442 apparet.
1203 2356 1403 2443 Quamquam
1427 2358 1474 2423 fac
1498 2358 1667 2443 probatum
1689 2359 1877 2444 scriptorem

696 2462 797 2527 dicere
828 2466 985 2548 potuisse:
1021 2464 1186 2540 itinerari
1211 2472 1331 2540 Κροῖσος
1355 2466 1427 2538 μετ’
1450 2466 1559 2541 ἀρετῆς
1583 2464 1730 2538 Boudoros
1755 2465 1798 2535 είς
1823 2465 1878 2527 ἑλ-

694 2572 806 2642 λιίλοος
850 2572 985 2646 ἐγένοντο
1019 2568 1073 2634 vel
1107 2569 1212 2634 simile
1245 2570 1339 2656 quid:
1378 2591 1481 2636 nonne
1521 2574 1655 2636 incurrit
1693 2573 1728 2634 in
1769 2568 1876 2635 oculos

694 2686 802 2742 nostro
824 2692 907 2741 certe
931 2675 999 2741 loco
1023 2680 1206 2760 optativum
1229 2680 1442 2753 γίγνοιντο
1466 2700 1521 2763 pro
1543 2677 1728 2755 γίνοιντο
1746 2681 1876 2761 propter

693 2778 753 2846 είεν
784 2783 867 2868 quod
893 2787 1042 2848 continuo
1066 2785 1220 2867 sequitur,
1243 2786 1277 2847 iu
1301 2787 1452 2848 orationis
1474 2790 1623 2849 contextu
1647 2785 1778 2848 omnino
1801 2782 1875 2847 farri

694 2911 754 2952 non
779 2888 890 2974 posse?

738 2995 850 3061 Dicam
880 2995 956 3082 quid
986 2999 1137 3060 sentiam:
1170 3008 1205 3060 ut
1236 2995 1298 3061 loci
1328 3000 1515 3082 compositio
1547 2998 1625 3061 bene
1656 2993 1779 3061 Graeca
1803 2997 1825 3058 i.
1846 3013 1871 3058 e.

692 3102 820 3187 elegans
843 3119 874 3167 et
898 3105 1062 3188 perspicua
1084 3103 1197 3167 evadat
1221 3112 1251 3167 ct
1276 3102 1463 3189 Thucydide
1485 3103 1597 3190 digna,
1621 3104 1798 3167 necessario
1824 3121 1874 3165 cx·

691 3209 897 3294 pungendum
918 3212 979 3273 erit
1000 3212 1154 3274 vitiosum
1174 3209 1261 3273 istud
1272 3212 1427 3286 γίγνοιντο
1439 3209 1522 3294 quod
1535 3211 1684 3274 orationis
1695 3205 1873 3272 fulciendae

690 3319 795 3400 gratia
822 3318 972 3380 nimirum
1006 3324 1123 3381 temero
1154 3316 1192 3379 de
1216 3337 1273 3381 suo
1295 3316 1454 3381 intorsisse
1477 3315 1605 3381 ridetur
1626 3321 1784 3380 corrector
1805 3311 1873 3378 Sto

690 3422 767 3486 baec
798 3420 961 3508 aliquanto
993 3425 1153 3508 antiquior
1182 3444 1243 3486 non
1274 3422 1529 3487 animadvertens
1553 3423 1727 3487 sentcntiae
1751 3422 1871 3485 concin-

689 3530 823 3592 nitatem
854 3532 898 3594 sic
929 3529 1073 3592 funditus
1103 3532 1213 3593 everti.
1239 3527 1396 3593 Frondem
1419 3531 1527 3614 arguit
1549 3527 1601 3593 vel
1624 3530 1732 3613 ipsum
1756 3529 1871 3611 imper-

689 3634 808 3699 fectum
832 3656 996 3720 perperam
1021 3657 1077 3720 pro
1099 3638 1215 3699 aoristo
1239 3639 1391 3719 positum.

733 3738 767 3804 Si
786 3742 969 3805 scribimus:
991 3742 1015 3805 εί
1035 3744 1078 3815 μὴ
1097 3743 1168 3819 μετ’
1181 3742 1289 3821 ἀρετῆς
1311 3742 1455 3814 tautirano
1476 3742 1505 3813 ἐς
1527 3741 1681 3813 ιίλλιίλουι
1694 3736 1746 3802 κοί
1760 3731 1870 3802 τὶλλιι

688 3845 874 3923 ίμοιότροτοι
906 3844 963 3911 εἶεν
994 3851 1014 3911 i.
1040 3870 1066 3912 e.
1097 3848 1122 3910 εί
1154 3851 1197 3921 μὴ
1226 3850 1335 3912 δοκοῖεν
1358 3850 1506 3922 οίλλιὶλοις
1530 3845 1632 3923 ἄνδρες
1657 3845 1771 3922 dyada}
1792 3839 1869 3907 elect

688 3954 738 4016 xci
763 3942 833 4027 οἰίιιιιΙ
856 3949 964 4017 reialta
987 3955 1172 4030 lacrimaret
1196 3951 1253 4017 είεν
1277 3954 1487 4019 adorationis
1511 3956 1679 4018 sanitatem
1699 3960 1731 4015 ct
1751 3953 1871 4036 perspi·

686 4063 837 4125 euitatcm
861 4059 942 4124 nihil
965 4061 1201 4125 desiderabitur.

731 4167 895 4230 Praeterea
918 4166 1019 4230 obiter
1042 4188 1155 4231 moneo
1179 4165 1274 4251 poulo
1298 4188 1393 4252 supra
1412 4168 1451 4231 ad
1464 4165 1661 4249 participium
1679 4163 1867 4242 γιγνομένην

685 4276 796 4355 utique
819 4273 1026 4337 revocandam
1050 4294 1115 4336 esse
1139 4273 1330 4357 particulam
1353 4272 1401 4349 νίν,
1423 4277 1514 4338 cuius
1534 4283 1628 4337 tenue
1647 4271 1751 4337 adhuc
1772 4273 1867 4338 uecti-

684 4380 776 4461 gium
799 4399 966 4463 agnoscere
984 4379 1065 4442 mihi
1085 4378 1192 4443 videor
1211 4380 1295 4465 apud
1315 4379 1488 4445 Stobaeum
1507 4382 1540 4443 in
1558 4377 1709 4443 mendosa
1728 4376 1866 4443 lectione

684 4481 866 4557 βεβαίαν
889 4491 981 4562 natu,
1006 4491 1044 4548 tlt
1068 4487 1220 4568 suspicor,
1245 4507 1282 4550 cx
1306 4484 1445 4562 βέβαιον
1469 4483 1526 4549 ἄν.

718 4755 743 4814 l)
769 4753 814 4801 ‚us
837 4769 900 4802 musa
918 4769 946 4802 zu
964 4753 986 4802 τί
1001 4755 1036 4814 μὴ
1055 4790 1125 4805 .....
1143 4755 1269 4817 γίγνοιντο
1287 4756 1354 4804 nicht
1370 4756 1444 4818 φιλίοι
1461 4756 1502 4804 ιιοιί
1518 4756 1627 4805 ιιοινιινίιι
1644 4757 1746 4805 condem
1764 4753 1863 4806 ίδιίίτιιι

683 4832 724 4879 ιιοιί
741 4835 824 4890 τίλιις
843 4837 983 4883 sentruden
1001 4838 1106 4895 werden,
1125 4837 1169 4885 wie
1186 4837 1226 4884 du
1241 4836 1278 4885 bei
1296 4832 1343 4884 οίιν
1360 4837 1455 4887 keinem
1471 4838 1565 4887 zreitet
1583 4837 1738 4903 untertiegtJ’
