5125 6150
708 895 711 899 ,
779 837 842 904 126
1260 851 1468 901 rsocrnmns.

775 1021 916 1096 προτίδου
952 1017 1068 1097 ἧσσον
1103 1015 1442 1095 διαφορουμένης.
1483 1015 1554 1081 Duo
1590 1014 1708 1080 ultima
1738 1013 1893 1080 voeabula
1920 1017 1954 1078 in

773 1126 911 1191 editione
946 1147 1017 1190 mea
1051 1126 1191 1210 expunxi
1225 1129 1263 1187 nt
1296 1124 1447 1201 insiticia,
1483 1120 1578 1187 Hude
1607 1143 1682 1187 vero
1711 1122 1832 1205 recepit
1862 1141 1955 1185 snam

774 1235 987 1298 coniecturam
1018 1227 1104 1306 ἦττον
1137 1229 1175 1295 ἄν
1202 1229 1405 1309 Φορουμίνης,
1430 1230 1464 1293 in
1489 1249 1551 1315 qua
1573 1230 1649 1292 satis
1673 1227 1776 1313 placet
1797 1226 1956 1312 particula

774 1340 822 1417 ἄν,
847 1339 900 1404 sed
925 1346 1027 1419 Φορεῖν
1050 1341 1084 1417 (i.
1109 1359 1136 1402 e.
1157 1344 1288 1418 pectore)
1311 1357 1367 1423 pro
1391 1337 1492 1414 Φίρειν
1516 1334 1698 1399 inauditnm
1722 1341 1779 1399 est.
1803 1333 1838 1399 Si
1859 1335 1955 1399 verba

773 1447 912 1532 genuina
946 1449 1038 1521 sunt,
1074 1444 1254 1528 scripserim
1288 1443 1395 1526 potins
1429 1438 1516 1517 ἦττον
1552 1439 1593 1514 δη
1627 1440 1674 1506 ἂν
1703 1440 1951 1521 φερομένης,

773 1551 857 1616 unde
879 1549 1026 1636 perfacile
1049 1548 1185 1635 vulgata
1206 1546 1302 1612 lectio
1325 1550 1411 1612 nasci
1435 1549 1549 1632 potnit.

1170 1972 1220 2036 An
1243 1988 1364 2036 amaon
1387 1988 1558 2036 sammon.

819 2169 883 2250 4,7
915 2169 966 2234 καί
998 2167 1116 2246 πίμπει
1146 2169 1279 2250 (Nicias)
1311 2169 1342 2241 ἐς
1372 2170 1518 2249 Φυλακίρν
1547 2171 1646 2234 αὐτῶν
1675 2170 1822 2250 (navium
1845 2166 1956 2235 (lorin-

773 2278 928 2376 thiamm)
951 2274 1044 2342 είκοοι
1068 2281 1160 2354 ναῦς,
1185 2270 1234 2348 alc
1259 2272 1356 2354 είρητο
1376 2276 1497 2354 περίτι
1517 2275 1648 2354 Λοκροὺς
1669 2274 1721 2340 καί
1741 2277 1861 2351 Ῥήγιον
1886 2275 1955 2338 καί

774 2387 829 2458 τὴν
860 2383 1032 2462 προσβολὴν
1062 2388 1117 2453 τῆς
1151 2381 1298 2452 Σικελίας
1330 2390 1491 2461 ναυλοχεῖν
1523 2382 1634 2453 αὐτοίς.
1666 2382 1736 2448 Non
1766 2383 1844 2446 satis
1868 2381 1969 2466 apud·

773 2512 825 2556 me
855 2494 992 2567 constat,
1016 2487 1237 2575 Thucydidem
1261 2509 1324 2553 non
1347 2491 1508 2575 scripsisse
1530 2492 1636 2575 potius
1660 2488 1766 2552 sarai
1789 2488 1843 2561 ria
1867 2511 1957 2568 τρυτ-

773 2596 870 2676 eosic
894 2602 948 2669 τῆς
973 2597 1132 2667 Σικελίας.

820 2814 886 2894 7,2
917 2814 968 2879 καί
1000 2815 1014 2879 ί
1048 2811 1207 2885 Γύλιππος
1240 2813 1269 2885 ἐς
1302 2815 1356 2888 την
1378 2812 1478 2889 οίλλην
1504 2814 1648 2880 Σικελίαν
1673 2812 1721 2878 ἐπὶ
1747 2814 1897 2892 στρατιὰν
1920 2839 1956 2878 τε

774 2920 873 3005 ᾤχετο
909 2921 959 2986 καί
996 2921 1138 2995 ναυτικὴν
1169 2920 1222 2984 καί
1254 2917 1424 3000 πεζικὴν
1454 2919 1668 2998 ξυλλίξυν.
1700 2920 1821 2985 Iniuria
1852 2921 1958 2986 editor

772 3030 894 3116 sprevit
926 3029 976 3093 hic
1006 3033 1038 3092 et
1072 3026 1112 3093 16
1144 3030 1236 3092 unice
1266 3047 1377 3093 veram
1409 3026 1554 3092 codicum
1576 3027 1637 3091 BH
1658 3025 1827 3092 lectionem
1851 3023 1956 3107 πεζήν,

772 3156 811 3201 ne
842 3139 1089 3200 commemorata
1118 3134 1248 3219 quidem
1278 3132 1434 3219 probabili
1465 3131 1577 3199 (lebeti
1598 3136 1777 3198 coniectura
1800 3132 1958 3211 ξυλλέξυν

773 3242 827 3321 (al.
860 3237 1023 3318 συλλέξων,
1058 3238 1228 3319 ξυλλέγων)
1264 3260 1330 3304 esse
1361 3238 1556 3325 glossatoris.
1589 3239 1635 3304 De
1665 3243 1765 3304 forma
1796 3243 1893 3306 attica
1924 3248 1958 3306 et

773 3350 913 3435 genuina
938 3344 1025 3424 τεζίς
1049 3345 1087 3411 cf.
1112 3348 1146 3409 in
1170 3345 1228 3410 hoc
1251 3348 1321 3430 ipso
1345 3343 1427 3409 libro
1455 3345 1538 3423 l2‚l
1565 3347 1714 3426 στρατιὰν
1738 3344 1840 3427 πεζήν,
1868 3347 1954 3425 15,1

773 3461 853 3520 extr.
882 3454 1030 3533 στρατιὰν
1045 3451 1150 3515 -καί
1179 3450 1271 3531 πεζὴν
1300 3452 1351 3515 καί
1373 3455 1525 3527 ναυτικὴν,
1547 3452 1632 3529 22,1
1658 3455 1765 3516 πᾶσαν
1788 3456 1841 3528 την
1866 3477 1959 3532 οτρα·

773 3561 843 3625 τιοὶν
867 3559 922 3632 την
944 3555 1047 3638 πεζήν,
1072 3565 1104 3623 et
1125 3560 1172 3622 ita
1192 3560 1321 3642 passim.
1346 3556 1452 3623 Semel
1472 3564 1614 3635 tantum,
1636 3559 1719 3644 quod
1738 3562 1850 3638 sciam,
1872 3561 1958 3626 codi-

773 3687 823 3732 ces
846 3668 1025 3750 conspirant
1048 3666 1081 3728 in
1105 3685 1252 3750 perversa
1273 3663 1418 3741 lectione,
1439 3664 1506 3729 scil.
1528 3665 1570 3729 VI
1590 3664 1678 3742 33,2
1699 3673 1832 3749 στρατιᾷ
1846 3706 1888 3716 —-
1902 3670 1956 3734 καί

775 3782 902 3853 ναυτικῇ
927 3774 978 3835 καί
1005 3771 1124 3851 πεζικῇ.

820 3996 907 4076 30,2
931 3995 1018 4077 μέρος
1043 3996 1074 4061 δέ
1096 4018 1126 4060 τι
1150 3995 1336 4077 (Thracum)
1360 3996 1410 4060 καί
1432 3998 1462 4061 ἐν
1481 4006 1518 4077 τῇ
1540 3998 1627 4062 πόλει
1648 3998 1729 4079 αὐτῇ
1749 3996 1959 4085 (Mycalesso)

774 4104 812 4170 δι’
844 4103 989 4184 ἁρπαγὴν
1022 4104 1262 4182 ἐγκαταληφθὲν
1294 4104 1446 4170 οίτιίλετο.
1478 4104 1573 4169 Recte
1600 4102 1728 4171 Classen
1754 4104 1814 4183 „da
1838 4107 1865 4169 si
1888 4106 1958 4170 sich

775 4212 829 4276 des
847 4210 1025 4276 Pliinderns
1045 4230 1165 4296 wegen,
1187 4210 1273 4274 baim
1293 4209 1455 4275 Pliindern
1475 4210 1584 4275 hatten
1597 4211 1807 4276 iiberrasohen
1819 4210 1957 4276 lassen.'’

774 4316 858 4397 Quid
877 4337 952 4382 vero
972 4336 1086 4402 quaeso
1105 4314 1282 4402 significare
1295 4322 1400 4401 potest
1420 4317 1464 4381 δι’
1484 4316 1622 4396 οίρπαη
1634 4325 1693 4394 ιῐς,
1714 4318 1797 4403 qnod
1809 4320 1960 4403 proponit

774 4420 892 4488 Hudel

820 4638 906 4716 31,5
938 4642 980 4721 τῷ
1010 4640 1067 4717 μὲν
1094 4633 1142 4703 οὖν
1166 4638 1273 4704 Κίνυνι
1299 4638 1371 4704 δέκα
1396 4645 1468 4714 ναῦς
1493 4642 1506 4706 ὃ
1532 4641 1724 4719 Δημοσθένης
1748 4643 1799 4708 καί
1825 4643 1838 4708 ὅ
1862 4644 1959 4722 Εὐρυ-

775 4741 872 4820 μίδυν
902 4746 960 4819 τὰς
991 4742 1102 4826 ἄριστα
1131 4747 1221 4827 σφίσι
1251 4746 1405 4819 πλεούσας
1437 4748 1505 4828 eo·
1529 4746 1574 4813 ὧν
1597 4748 1719 4814 αὑτὸν
1742 4746 1779 4814 εί
1784 4771 1855 4829 χον
1879 4749 1959 4828 ξυρο-

772 4850 929 4928 τίμτουει
961 4852 1032 4932 πρὸς
1063 4853 1121 4925 τὰς
1155 4853 1184 4917 ίν
1209 4862 1247 4933 τῇ
1273 4854 1467 4933 Ναυπάκτῳ.
1491 4854 1599 4922 Sentio
1623 4856 1751 4942 quidem
1775 4858 1871 4922 verba
1894 4860 1958 4938 ἀφ’

772 4952 923 5039 -είχον,
948 4979 1028 5044 quae
1051 4959 1146 5025 Hude
1172 4965 1210 5025 ut
1231 4960 1393 5048 glossema
1415 4960 1543 5041 delerit,
1566 4970 1694 5049 propter
1716 4963 1862 5028 additum
1886 4986 1957 5050 pro
