5125 6150
691 803 735 869 42
1157 821 1408 871 nmsrorusurs.

690 989 796 1072 inepte
825 989 1020 1073 compositus
1056 991 1133 1074 quin
1163 988 1275 1073 prodat
1297 1009 1429 1054 manum
1453 987 1590 1055 alienam
1612 993 1768 1075 punctum
1794 994 1876 1056 tem-

690 1096 775 1182 poris
799 1115 862 1161 non
885 1093 1006 1162 dubito.

733 1315 786 1381 Vs.
810 1314 887 1380 259.
912 1312 1136 1394 κοὺποουκοθζεις
1161 1313 1269 1395 πιθζοιν
1293 1313 1363 1382 τοὺς
1389 1313 1635 1385 ὑπευθύνους
1658 1314 1723 1380 ιιτὲ.

688 1422 758 1510 Ego
779 1427 904 1488 servato
926 1420 1057 1508 vulgari
1080 1443 1234 1487 versuum
1253 1421 1361 1488 ordino
1382 1420 1603 1486 difficultatem
1622 1422 1765 1507 expediri
1785 1444 1875 1510 posse

687 1531 840 1616 putabam
864 1528 1017 1594 mutando
1041 1529 1221 1601 ὑπευθύνους
1243 1531 1277 1593 in
1302 1527 1468 1605 ὑπνκθουι,
1492 1531 1545 1593 cui
1568 1531 1766 1595 coniecturas
1789 1552 1874 1595 nunc

686 1634 810 1721 collega
840 1636 990 1699 obmovet
1021 1635 1231 1700 Athenienses
1253 1635 1292 1700 ab
1315 1635 1374 1700 hac
1398 1655 1473 1699 voce
1496 1637 1530 1698 in
1553 1634 1757 1721 designandis
1780 1640 1874 1703 sociis

685 1744 753 1806 suis
783 1748 875 1807 caute
906 1742 1108 1806 abstinuisse.
1140 1740 1236 1806 Haud
1263 1743 1377 1826 ignoro
1397 1740 1584 1825 plerumque
1607 1743 1797 1821 συμμάχους
1819 1764 1873 1829 ap

687 1846 816 1933 pellari,
849 1847 903 1913 sed
935 1849 1071 1912 minime
1100 1868 1228 1933 prorsus
1259 1848 1449 1913 abstinuisse
1473 1848 1511 1912 ab
1536 1847 1636 1912 altero
1658 1849 1815 1915 vocabulo
1838 1852 1872 1913 in

688 1974 799 2018 eorum
818 1954 977 2018 mentione
996 1951 1091 2017 fidem
1112 1953 1227 2018 facient
1240 1973 1270 2016 ν.
1284 1974 1310 2018 c.
1323 1951 1386 2018 Ioci
1397 1952 1595 2039 Thucydidei
1607 1951 1666 2019 VII
1678 1953 1732 2032 57,
1746 1954 1767 2019 4
1780 1957 1870 2036 (bis);

689 2058 764 2125 VIII
787 2059 826 2138 2;
853 2059 907 2142 64,
922 2059 951 2137 1,
965 2058 995 2124 5.
1027 2058 1062 2124 Si
1084 2080 1158 2123 vero
1181 2080 1255 2124 cum
1278 2058 1397 2124 editore
1420 2066 1453 2124 et
1475 2058 1635 2124 Brunckio
1659 2082 1721 2125 rss.
1746 2060 1814 2127 264
1826 2082 1871 2148 sq.

688 2168 838 2252 ponimus
868 2168 978 2230 statim
1008 2171 1081 2251 post
1111 2186 1174 2230 vss.
1206 2164 1272 2231 259
1292 2188 1348 2250 sq.,
1381 2167 1520 2250 permira
1549 2169 1690 2230 nascitur
1713 2169 1871 2252 oppositio

688 2272 917 2340 vocabulorum
940 2278 999 2337 τῶν
1021 2279 1151 2338 πολιτῶν
1173 2278 1207 2338 et
1225 2275 1294 2342 τοθς
1315 2273 1507 2349 ὑπευθύνους,
1529 2275 1712 2357 quasivero
1732 2274 1872 2339 hicives

687 2402 750 2445 non
782 2382 856 2444 sint.
887 2378 975 2444 Haec
1005 2399 1100 2444 causa
1123 2380 1186 2444 fuit
1208 2400 1265 2444 cur
1289 2377 1367 2444 olim
1391 2381 1628 2463 transpositIoni
1652 2379 1871 2447 Brunckianae

689 2485 783 2551 fidem
808 2506 871 2550 non
893 2485 1063 2562 haberem,
1087 2506 1144 2550 nec
1166 2486 1332 2569 hucusque
1354 2486 1545 2550 sententiam
1567 2488 1701 2550 mutavi.

736 2704 787 2770 Vs.
811 2705 887 2770 405.
1005 2702 1118 2788 ᾆοοιιμι
1142 2703 1204 2780 γὰρ
1228 2703 1295 2769 τότ’
1320 2705 1358 2769 θν
1381 2694 1517 2778 ροθνον·

1004 2817 1112 2887 ,πῖνε,
1138 2811 1199 2874 πῖν’
1223 2810 1272 2874 ἐπὶ
1298 2811 1504 2891 τυμΦοροοῖς”.

689 2917 879 2982 Rectissime
901 2916 1004 2982 editor
1027 2918 1060 2979 in
1084 2921 1159 2981 nota
1183 2919 1346 3002 exegetica
1369 2919 1466 2982 vertit
1489 2924 1550 2980 tum
1572 2918 1684 2979 ιθοιιιυιιι
1706 2922 1738 2981 et
1756 2916 1873 2982 melius

688 3024 893 3090 abstinuisset
924 3043 943 3088 a
973 3022 1154 3088 coniciendo
1184 3029 1284 3100 γελῶν
1310 3022 1361 3089 vel
1384 3025 1502 3103 χορεθι.
1529 3023 1654 3088 Passim
1678 3025 1763 3088 enim
1788 3024 1872 3110 apud

687 3152 796 3197 omnes
826 3132 994 3216 scriptores
1026 3127 1164 3196 Graecos
1194 3130 1281 3207 ριθνος
1314 3131 1519 3218 hyperbolice
1541 3139 1723 3216 usurpatur.
1755 3131 1872 3197 Sensus

687 3246 734 3302 est
757 3243 818 3300 θυινι
840 3235 1026 3318 praesertim.

732 3439 785 3505 Vs.
810 3439 885 3504 451.
910 3438 1001 3504 Dem.
1026 3439 1096 3503 ποῖ’
1120 3438 1273 3517 ἀνδρικῶς.
1298 3439 1410 3524 Paphl.
1436 3440 1498 3518 tot,
1522 3439 1583 3518 θοθ,

911 3546 1060 3610 τὺττουοθ
1083 3548 1118 3620 ρι’
1142 3546 1167 3608 oi
1190 3543 1375 3620 ξυνυμθτιιι,

684 3650 763 3716 Tam
794 3672 832 3716 ex
863 3652 922 3716 hac
952 3651 1177 3740 Demosthenis
1208 3651 1443 3729 adhortatione,
1479 3673 1576 3738 quam
1606 3673 1624 3717 e
1654 3653 1871 3741 Paphlagonis

684 3757 806 3823 eiulatu
824 3756 979 3822 effecerim
998 3779 1082 3822 nunc
1104 3759 1247 3843 primum
1266 3758 1351 3823 hunc
1370 3757 1537 3843 vapulare,
1559 3779 1660 3843 neque
1678 3762 1783 3846 igitur
1802 3783 1870 3847 pro

684 3865 825 3928 baverim
858 3863 989 3927 editoris
1020 3864 1267 3950 parepigraphas
1291 3865 1330 3929 ad
1352 3886 1400 3930 vs.
1425 3864 1491 3929 450
1515 3866 1635 3947 alapam
1658 3889 1674 3929 e
1696 3866 1869 3952 infrinpeae

685 3976 716 4034 et
746 3969 836 4032 mutto
863 3970 1074 4032 vehementiore
1095 3969 1158 4033 ictu
1181 3993 1244 4032 ουοι
1261 3970 1443 4051 persertim.
1467 3971 1642 4056 Hucusque
1665 3975 1814 4038 convitiis
1836 3981 1869 4039 st

684 4078 780 4141 minis
805 4075 978 4142 adversarii
1000 4078 1141 4141 contenti
1164 4075 1263 4142 fuisse
1286 4075 1447 4141 videntur.

728 4180 885 4247 Secuntur
907 4182 983 4247 haec
1007 4180 1231 4248 Demosthenis
1255 4184 1368 4263 verba,
1394 4186 1439 4249 sic
1462 4187 1581 4270 scripta
1603 4187 1638 4249 in
1661 4184 1768 4250 libris:

908 4290 979 4352 ποῖ’
1003 4287 1096 4352 οοὺτὸν
1119 4288 1405 4366 ἀνδρικώτατα
1430 4290 1496 4355 sai

908 4390 1074 4474 γάστριζε,
1099 4394 1166 4459 κοιὶ
1190 4403 1276 4469 τοῖς
1301 4397 1426 4477 ἐντέροις

908 4499 975 4565 xci
1001 4507 1084 4573 τοῖς
1109 4501 1209 4574 κθλοις

908 4604 987 4676 ὑπιις
1012 4613 1091 4689 κολᾷ
1115 4607 1166 4672 τθν
1190 4605 1295 4684 ὑνὺροι.

684 4709 815 4795 Recepit
845 4712 1024 4778 vheeuwen
1055 4712 1218 4800 BIsydesii
1248 4715 1476 4778 correctionem
1499 4735 1573 4779 sane
1597 4712 1795 4781 lenissimam
1818 4718 1869 4782 οὑν

685 4816 786 4895 δρικῶς
817 4841 853 4882 τε
885 4821 956 4897 καθ,
987 4819 1041 4885 sed
1063 4842 1126 4885 non
1148 4819 1268 4885 infitior
1290 4840 1342 4884 me
1366 4826 1495 4906 propter
1518 4842 1702 4907 praegressa
1724 4826 1794 4888 ποῖ’
1816 4826 1867 4890 οὑν-

685 4921 786 5002 δρικῶς
818 4932 998 5010 expectasse
1026 4928 1133 5015 potius
1163 4926 1197 4991 h.
1219 4925 1242 4991 l.
1274 4928 1539 5012 comparativum.
1566 4927 1633 4995 Nee
1655 4933 1733 4996 satis
1753 4931 1867 4998 deinde
