5125 6150
807 1834 1182 1941 RUHNKENIUS
1215 1837 1439 1942 NABERO
1473 1840 1514 1941 S.
1529 1839 1574 1942 P.
1587 1840 1637 1946 D.

629 2418 721 2504 Quid
751 2442 927 2493 numeros
954 2420 1091 2492 mirare
1116 2442 1237 2508 meos,
1262 2418 1428 2508 Nabere,
1455 2419 1681 2514 modosquet

678 2545 738 2616 An
765 2568 840 2618 non
866 2570 925 2618 res
950 2547 1041 2619 illud
1069 2547 1218 2641 flagitat
1243 2548 1323 2641 ipsa
1347 2547 1480 2619 decus‘i

629 2674 814 2746 Laetitiae
842 2679 993 2747 tantum
1019 2681 1121 2748 certe
1150 2675 1241 2746 mihi
1266 2675 1440 2768 praebuit
1464 2674 1551 2761 illa,

677 2801 853 2896 Surgeret
878 2806 923 2874 ut
948 2803 1111 2875 tenebris
1138 2803 1273 2875 clarior
1298 2803 1398 2875 hisce
1423 2801 1510 2874 dies

628 2929 774 3023 Nempe
800 2953 865 3023 per
891 2930 1036 3025 Elysios
1062 2952 1213 3023 campos
1241 2952 1379 3023 perque
1405 2954 1497 3003 arva
1522 2931 1669 3024 piorum

678 3057 776 3130 Dum
803 3058 958 3152 spatior,
984 3081 1109 3130 rerum
1135 3056 1348 3151 nescioquid
1376 3057 1581 3146 meditem,

629 3186 768 3259 Obvius
794 3188 857 3259 ille
884 3186 995 3274 mihi,
1021 3208 1095 3280 quo
1122 3209 1315 3279 nunquam
1344 3187 1464 3259 carior
1490 3186 1590 3260 hisce

678 3313 833 3386 Sedibus
859 3314 1015 3386 accessit·
1039 3313 1302 3406 candidiorque
1329 3336 1463 3387 comes.

629 3444 700 3514 Vix
726 3464 819 3535 opus
845 3447 922 3530 est,
948 3440 1115 3527 Nubere,
1142 3440 1212 3512 tibi
1238 3440 1314 3510 iam
1341 3441 1463 3514 dicere
1487 3465 1645 3531 nomen,

679 3572 780 3642 Haec
806 3570 895 3663 quia
921 3568 1181 3641 demonstrant
1207 3568 1258 3639 sic
1283 3590 1431 3662 quoque
1456 3569 1558 3642 dicta
1583 3571 1725 3658 virum;

630 3698 774 3770 Addere
799 3702 837 3769 et
864 3698 931 3768 hoc
959 3718 1126 3789 possum:
1154 3698 1353 3789 postquam
1380 3696 1443 3768 illc
1465 3697 1636 3784 advenit,
1658 3697 1819 3772 Athenis

681 3824 839 3896 Debitus
864 3824 1030 3917 antiquis
1055 3823 1114 3895 hic
1139 3827 1345 3895 renovatur
1369 3825 1504 3897 honor:

635 3952 817 4025 Versiculi
842 3956 1020 4025 resonant
1046 3952 1197 4039 Graeci,
1223 3951 1322 4038 ioca,
1347 3953 1466 4041 dicta,
1493 3976 1559 4026 nec
1585 3977 1751 4048 unquam

680 4079 773 4151 Tam
801 4102 915 4173 prope
942 4102 1001 4151 mc
1029 4079 1139 4152 tellus
1166 4079 1333 4173 Cecropis
1358 4086 1448 4154 ante
1473 4080 1554 4153 fuit.

631 4209 741 4280 Hunc
768 4230 835 4302 ego
863 4207 1110 4301 conspiciens:
1142 4251 1208 4293 „—
1235 4207 1382 4296 hilariS,
1410 4209 1566 4295 bobeta,
1592 4209 1729 4281 videris

681 4334 880 4427 Nescioqui
905 4333 1016 4406 solito
1043 4358 1142 4406 nunc
1168 4334 1259 4405 mihi
1285 4335 1422 4429 quippe
1449 4336 1567 4429 magis
1592 4378 1639 4387 -

631 4462 707 4534 Ede
732 4462 820 4555 quid
845 4462 883 4532 in
911 4464 1074 4533 mentem
1101 4461 1254 4534 iucundi
1280 4462 1461 4534 venerit-.”
1491 4464 1557 4537 Ille

680 4633 727 4641 -—-
753 4589 889 4662 Laetus
916 4588 1014 4660 enim
1042 4610 1198 4682 semper,
1224 4593 1315 4661 tunc
1341 4595 1470 4662 tamen
1495 4613 1558 4663 ore
1583 4592 1684 4663 nitor

634 4718 783 4791 Urbano
809 4721 848 4790 et
874 4715 996 4810 lepido
1025 4716 1139 4788 mirus
1164 4716 1383 4811 splendebat
1407 4717 1446 4788 in
1474 4718 1539 4790 illo
1566 4762 1610 4771 —

682 4848 732 4934 „0
757 4851 906 4944 gratare
933 4844 1045 4932 mihi,
1070 4844 1247 4917 candidus
1273 4846 1376 4918 hicce
1401 4845 1496 4918 dies!
