5125 6150
943 798 985 845 nn
1007 795 1213 846 unumunurn
1235 795 1421 845 rnnaoosn.
1727 773 1770 845 57

582 963 670 1041 ficit,
700 963 758 1028 sed
788 985 853 1029 non
885 962 988 1029 multo
1011 969 1082 1048 post
1104 960 1178 1039 πρὸς
1202 968 1256 1036 τῆς
1281 961 1375 1033 αὐτὸς
1399 963 1493 1026 αὐτοῦ
1518 963 1631 1038 γενεᾶς
1654 951 1773 1041 acoleia

583 1070 702 1150 αἀὶνόη
722 1070 898 1143 όαλασσόας
921 1067 1064 1149 τρυγόνος
1087 1067 1288 1142 ἐτελεύτησεν
1305 1066 1337 1148 ¹).

628 1176 724 1242 Hanc
753 1175 896 1242 tabulam
927 1175 1042 1260 Niptra
1073 1178 1279 1260 praecessisse
1310 1196 1359 1240 res
1383 1176 1452 1259 ipsa
1473 1173 1626 1259 loquitur.
1650 1173 1775 1238 Mirum

581 1292 695 1349 autem
727 1289 833 1348 exstat
863 1282 1022 1348 scholium
1045 1281 1210 1347 Eustathii
1233 1305 1256 1344 π
1283 1280 1348 1345 118
1371 1303 1400 1366 p.
1429 1278 1531 1346 1796:
1557 1287 1719 1359 Σοφοκλῆς
1743 1280 1774 1346 δὲ

582 1391 616 1453 ἐν
640 1397 698 1464 τῆς
725 1391 821 1463 αὐτοῖς
845 1390 989 1462 Bellum
1013 1387 1169 1466 Εὐρύαλον
1191 1389 1320 1464 incepti,
1352 1383 1384 1450 όν
1406 1386 1569 1451 delerem
1591 1386 1776 1462 Τηλέμα-

581 1519 672 1575 χος,
698 1495 738 1560 ad
758 1498 849 1561 cuiue
870 1498 1094 1561 auctoritatem
1111 1494 1299 1559 servandam
1317 1493 1542 1579 Partheniique
1562 1492 1774 1558 damnandam

584 1623 697 1666 omnes
730 1623 761 1667 v.
783 1602 812 1667 d.
844 1604 948 1686 parati
979 1621 1047 1667 esee
1076 1600 1236 1666 videntur.
1269 1600 1434 1687 Rogamus
1457 1622 1518 1686 quo
1541 1603 1627 1680 iure;
1651 1600 1772 1665 bonum

583 1711 672 1773 enim
707 1706 916 1773 Eustathinm
945 1711 980 1771 in
1010 1706 1171 1772 tradendis
1194 1708 1378 1771 nominibus
1401 1727 1463 1771 non
1487 1727 1611 1791 semper
1635 1706 1772 1793 dignum

583 1836 653 1880 esse
682 1813 744 1880 fide
775 1814 955 1879 indubitata
984 1833 1081 1898 snpra
1105 1813 1267 1891 vidimus,
1293 1835 1366 1879 cum
1389 1813 1428 1878 de
1451 1815 1578 1877 nomina
1600 1812 1772 1878 Teledamo

584 1941 766 2007 ageremus.
799 1918 861 1986 (lui
891 1919 1028 1997 accedit,
1060 1919 1144 2004 qnod
1174 1918 1257 1983 nihil
1280 1922 1383 1984 estin
1407 1918 1572 1984 Parthenii
1595 1921 1773 1984 narratione

584 2027 671 2112 quod
706 2026 858 2104 offendat,
892 2028 995 2091 immo
1031 2027 1138 2089 omnia
1172 2021 1347 2111 procedunt
1382 2031 1419 2088 ut
1449 2024 1614 2110 procedere
1647 2024 1771 2089 debent.

584 2132 669 2196 Nam
701 2131 787 2198 laesa
816 2153 898 2198 uxor
920 2134 965 2198 sic
990 2132 1121 2197 demum
1145 2131 1183 2196 de
1205 2134 1322 2196 marito
1344 2131 1488 2202 adultero
1511 2150 1626 2216 poenas
1649 2152 1773 2196 seueras

584 2241 687 2303 sumit
719 2241 746 2302 si
777 2238 863 2303 filins
894 2260 932 2303 ex
963 2237 1077 2325 pellice
1109 2245 1197 2303 ortus
1227 2238 1324 2320 ν’ροόνο
1340 2236 1443 2320 patric
1465 2257 1562 2302 manu
1586 2237 1772 2303 trucidatur.

587 2344 638 2410 Sic
674 2344 808 2409 demum
838 2365 924 2409 mora
954 2365 973 2409 a
1002 2342 1164 2430 Telegono
1196 2345 1280 2429 patri
1303 2342 1394 2408 illata
1417 2345 1647 2428 spectatoribus
1670 2344 1774 2410 videri

586 2459 691 2537 potest
723 2450 830 2515 debita
861 2471 961 2536 poena
983 2472 1040 2537 pro
1063 2449 1178 2515 scelere
1199 2452 1232 2513 in
1255 2448 1360 2513 filium
1382 2448 1564 2537 Euryalum
1587 2454 1767 2517 commisso.

587 2559 802 2644 Agnoscimus
839 2560 924 2622 enirn
964 2556 1109 2621 studium
1142 2555 1223 2620 illud
1259 2561 1424 2640 poetarum
1460 2558 1607 2641 iniquum
1643 2557 1770 2642 aliquod

588 2661 754 2728 oraculum
796 2666 842 2728 ita
883 2661 1102 2748 supplantium
1137 2668 1175 2726 nt
1209 2667 1424 2746 spectatorum
1460 2665 1573 2727 rationi
1608 2666 1771 2748 mentique

586 2770 797 2847 satisfaciant,
840 2770 925 2854 qnod
964 2768 1211 2854 deprehenditur
1245 2771 1277 2832 in
1313 2768 1534 2854 Aristophanis
1567 2772 1771 2855 grammatici

590 2882 778 2962 argumento
809 2875 849 2940 ad
879 2874 1041 2959 Euripidis
1072 2875 1269 2940 Phoenissae.
1294 2873 1342 2939 Ibi
1365 2877 1469 2951 enirn,
1494 2879 1531 2939 nt
1553 2873 1686 2940 lectores
1710 2876 1772 2962 Py·

589 2982 669 3049 thico
695 2980 822 3047 oraculo
845 2980 1061 3059 concilientur,
1086 2982 1169 3067 qnod
1194 2981 1353 3066 quondam
1373 2980 1486 3066 Apollo
1506 2981 1583 3046 Laio
1603 2980 1772 3068 Oedipodis

536 3125 537 3132 .
591 3092 666 3173 patri
690 3089 846 3166 dedisset,
875 3090 1045 3155 traduntur
1069 3090 1162 3155 haec:
1188 3111 1284 3166 „cnm
1308 3089 1404 3154 Laius
1426 3093 1458 3153 in
1482 3089 1607 3156 Elidem
1632 3094 1772 3157 venisset

593 3213 692 3259 amore
721 3198 868 3260 incensus
891 3193 1064 3281 Chrysippi
1088 3194 1214 3280 Pelopis
1239 3195 1314 3274 filii,
1339 3195 1569 3261 adolescentem
1592 3199 1625 3261 vi
1649 3196 1772 3263 Thebas

596 3302 691 3384 rapuit
726 3321 762 3365 ac
791 3304 826 3364 in
858 3300 981 3366 deliciis
1011 3301 1133 3366 habuit.
1166 3301 1234 3381 Quo
1267 3304 1380 3366 nuntio
1411 3308 1537 3388 accepto
1568 3301 1684 3387 Pelops
1707 3324 1772 3367 eor·

599 3409 707 3490 raptori
730 3412 778 3470 est
801 3408 995 3492 imprecatus
1018 3413 1056 3472 ut
1079 3410 1146 3472 sine
1170 3406 1257 3492 prole
1282 3415 1469 3484 moreretur,
1489 3407 1543 3472 vel
1561 3411 1588 3472 si
1608 3411 1771 3495 genuisset

603 3507 646 3575 ihi
663 3533 759 3577 mann
779 3513 957 3578 interiret.”
979 3513 1094 3579 Fatum
1116 3516 1219 3599 igitur
1238 3512 1407 3599 Oedipodis
1428 3534 1511 3577 nunc
1531 3514 1770 3599 poenavidetur

603 3634 645 3698 pro
677 3618 873 3685 contumelia
906 3618 1018 3705 Pelopi
1050 3618 1129 3685 olim
1160 3619 1260 3685 illata.
1294 3617 1395 3686 Uredo
1425 3622 1528 3706 igitur
1558 3620 1768 3688 Parthenium

604 3733 814 3810 argumentum
838 3726 1019 3812 tragoediae
1043 3724 1235 3811 Sophocleae
1258 3725 1394 3790 fideliter
1416 3746 1566 3791 servasse.

634 3829 719 3911 Quod
750 3832 790 3897 ad
820 3832 1033 3920 Aeschylum,
1065 3834 1132 3897 iam
1155 3853 1251 3917 supra
1274 3835 1460 3897 monuimus
1484 3855 1558 3899 eum
1582 3833 1772 3922 Telegoniaa

600 3941 770 4015 materiam,
804 3945 962 4023 quatenus
992 3936 1100 4003 Ulixis
1122 3945 1261 4003 mortem
1286 3941 1405 4023 tangit,
1431 3945 1581 4005 tractasse
1603 3943 1637 4004 in
1662 3951 1771 4020 Ψυχα-

595 4052 709 4121 ηνγοῖς.
731 4046 871 4109 Annotat
888 4044 928 4110 N.
942 4043 1106 4110 Wecklein
1120 4042 1162 4125 ²):
1185 4044 1275 4121 „Non
1296 4046 1364 4108 sina
1383 4044 1605 4130 probabilitate
1625 4046 1774 4111 videntur

593 4148 707 4215 fabulae
737 4150 953 4230 Ψυχαγογσό,
978 4150 1158 4229 Πηνελόπη,
1183 4148 1365 4228 Ὀσσολόγον
1391 4151 1430 4215 ad
1453 4152 1584 4217 eandem
1610 4150 1771 4237 trilogiam

590 4256 692 4321 referri
712 4277 803 4342 posse
825 4254 929 4321 Ulixis
949 4256 1014 4321 fata
1031 4255 1241 4342 complexam.
1262 4259 1501 4343 Argumentum
1513 4261 1635 4341 primae
1648 4255 1773 4321 fabulae

586 4382 620 4425 ex
649 4362 774 4448 Necyia
804 4360 988 4428 Homerica.
1012 4362 1173 4436 Πηνελόπη
1198 4365 1396 4449 agnitionem
1419 4362 1524 4426 Ulixis
1547 4365 1716 4446 uxorisque
1740 4368 1773 4426 et

588 4475 621 4531 nt
653 4467 783 4533 videtur
813 4468 941 4534 eaedem
972 4490 1141 4554 procorum
1164 4471 1374 4556 proponebat,
1399 4472 1432 4534 in
1457 4468 1655 4547 Ὀστολόγοις
1681 4468 1770 4535 Ulixi

584 4596 631 4640 ras
674 4581 743 4639 erat
788 4596 862 4640 cnm
898 4576 1084 4660 propinquis
1119 4597 1289 4661 procorum
1323 4576 1362 4640 ad
1398 4575 1583 4660 exemplum
1617 4575 1769 4660 Eupithis

615 4760 643 4820 l)
662 4756 740 4805 Verba
754 4754 852 4816 τρνόνῖς
866 4753 958 4818 ὶοιάνόη
972 4759 1091 4819 τρυγόνος
1106 4757 1247 4816 θαλασσίας
1263 4758 1383 4807 senarium
1397 4759 1487 4807 efficere
1501 4757 1610 4810 observet
1626 4758 1772 4818 bianchini,

578 4856 650 4904 quern
666 4838 794 4902 Sophoclis
811 4854 861 4885 esse
880 4854 952 4903 pom.

613 4926 643 4989 2)
660 4922 772 4985 Aeschyli
790 4920 838 4970 iah.
858 4921 950 4986 Fragor.
969 4941 993 4989 p.
1012 4924 1068 4972 ool.
