5125 6150
697 830 764 897 260
1033 846 1199 899 momms
1221 848 1539 902 mmmmm.

695 1018 741 1080 sic
776 1017 897 1100 optime
931 1021 1081 1102 sequetur
1112 1016 1278 1082 futurum:
1320 1015 1478 1093 εἴξουσὶ
1511 1042 1553 1083 τε
1589 1018 1641 1084 καὶ
1678 1016 1731 1098 ζῆν
1767 1020 1884 1095 αὐτοὺς

697 1120 897 1188 θάσουσιν.

741 1344 821 1409 XIX
842 1365 873 1430 p.
899 1342 1051 1409 236101
1074 1346 1225 1424 Τυρρκνθα
1249 1343 1339 1424 παρ’
1364 1347 1512 1416 αὐταῖς
1537 1340 1612 1410 οὖσα
1633 1354 1725 1419 ταῖς
1743 1346 1888 1426 θθραις

695 1451 740 1517 θτι
763 1454 929 1532 άχείρωτος
954 1445 998 1525 ἦν.
1021 1449 1058 1514 In
1081 1448 1233 1515 Vaticano
1255 1449 1338 1516 libro
1362 1458 1411 1516 est
1434 1452 1542 1531 θύρας,
1566 1452 1651 1537 quod
1674 1454 1890 1520 manuducit

695 1557 751 1624 ad:
776 1557 864 1636 περὶ
889 1557 1020 1628 αὐτάς
1044 1551 1120 1621 οὖσα
1143 1557 1215 1629 τάς
1239 1558 1370 1636 θύρας.
1396 1556 1444 1626 Of.
1469 1556 1576 1626 Cobet.
1602 1581 1632 1644 p.
1660 1557 1722 1624 137
1747 1566 1781 1626 et
1802 1581 1888 1647 quae

693 1662 918 1731 adnotavimus
940 1663 980 1729 ad
1001 1662 1050 1729 IX
1074 1662 1115 1728 12
1140 1685 1171 1750 p.
1199 1662 1297 1730 1769.

738 1868 819 1933 XIX
841 1891 871 1954 p.
896 1866 972 1934 237.
987 1867 1024 1933 6:
1049 1874 1106 1933 τῶν
1129 1868 1325 1943 Ταραντίνων
1348 1867 1541 1944 βουλομένων
1564 1869 1676 1949 Πύρρον
1699 1894 1889 1943 μετακα·

692 1983 788 2041 λεῖι.
828 1975 989 2041 Praestat:
1022 1981 1291 2040 κατακαλεῖν.
1324 1973 1429 2040 Aliter
1459 1983 1652 2052 μετακαλεῖν
1681 1984 1887 2064 usurpatum

693 2082 758 2146 fuit
780 2103 811 2167 p.
837 2080 981 2148 243.13.

666 2401 669 2404 ἡ
737 2302 816 2368 XIX
845 2325 876 2389 p.
900 2301 977 2369 237.
990 2300 1051 2368 25:
1073 2302 1168 2368 w&
1201 2303 1387 2383 κεφαλὴν
1418 2276 1572 2380 θξωθοῦσιν
1603 2304 1637 2369 ἔκ
1664 2309 1717 2370 τοῦ
1741 2305 1887 2387 θεάτρου.

691 2409 779 2476 Alibi
801 2411 861 2476 hoo
884 2411 969 2475 κατά
992 2418 1135 2492 κεφαλῆς
1158 2410 1286 2485 dieitur,
1310 2411 1406 2474 sicuti
1428 2409 1475 2474 XI
1495 2409 1538 2476 26
1559 2432 1589 2497 p.
1610 2410 1700 2477 2223
1719 2421 1753 2477 et
1772 2412 1837 2478 XV
1860 2413 1882 2480 9

692 2538 724 2603 p.
749 2515 849 2582 2326.

735 2736 814 2802 XIX
844 2758 875 2822 p.
907 2734 1057 2801 238.19:
1092 2733 1196 2807 τθλεις
1228 2734 1411 2810 Ἐλλννθδας
1446 2734 1705 2816 άναρτάζειν.
1750 2737 1887 2807 Dicitur

690 2845 750 2910 hoc
774 2846 896 2931 magis:
921 2839 1172 2923 διαρπάζειν.

734 3048 814 3115 XIX
836 3070 867 3135 p.
891 3046 1042 3114 239.15:
1067 3046 1201 3125 τθλεμον
1224 3045 1443 3125 αἱρεῖσθαι.
1466 3045 1571 3135 Lege:
1596 3045 1802 3129 αἴρεσθαι.

676 3278 678 3281 ’
730 3268 809 3334 XIX
831 3291 862 3355 p.
888 3267 1015 3334 24⁰4:
1049 3270 1126 3332 τοῖσι
1151 3276 1212 3340 τοῖς
1237 3267 1355 3346 ὀξέως
1379 3268 1568 3349 μαχομένοις
1593 3266 1681 3344 θξθως
1706 3268 1880 3348 ἐπιφαι-

688 3377 860 3453 νθμενοι.
885 3375 1050 3441 Praeferot
1076 3375 1388 3456 ἐπιφερόμενον.
1676 3401 1678 3405 ·

731 3595 811 3661 XIX
834 3618 865 3682 p.
889 3593 1033 3662 24619.
1065 3594 1303 3681 Supplendum:
1335 3590 1391 3662 ὅτε
1422 3594 1482 3659 οὐδ’
1506 3592 1578 3675 (άν)
1607 3591 1692 3658 κατά
1715 3597 1809 3659 τοῦτο
1836 3597 1879 3661 ³1-

687 3727 771 3776 κοιιος
797 3700 868 3776 εἵην.

730 3907 810 3972 XIX
840 3929 871 3992 p.
897 3905 972 3971 246.
985 3905 1046 3972 27ῑ
1082 3904 1277 3981 δανείσματα
1309 3903 1372 3982 γάρ
1403 3904 1475 3980 ἒςιν,
1508 3900 1565 3969 ὅσα
1598 3908 1878 3984 τροτλαμβά·

685 4037 818 4079 νουσιν
840 4012 982 4094 άνθρωτοι
1007 4013 1079 4090 παρ’
1103 4011 1218 4091 ἑτέρων.
1240 4010 1346 4098 Lege:
1370 4009 1746 4089 προλαμβάνουσιν.

730 4218 809 4283 XIX
828 4240 859 4304 p.
879 4215 955 4283 249.
970 4215 1007 4281 6:
1029 4216 1145 4280 ταθδων
1164 4218 1369 4295 εὐτρεπῶν
1390 4215 1528 4297 άΦοιθεῖς
1541 4217 1740 4291 άτολαθσεις.
1760 4216 1872 4307 Lego:

686 4326 701 4389 θ
709 4352 727 4391 κ
736 4350 759 4389 τ
769 4350 806 4403 ρε
817 4330 869 4389 τῶ
879 4350 905 4388 ν.

730 4540 794 4607 XX
816 4562 848 4626 p.
873 4537 948 4605 257.
964 4537 1023 4603 32:
1048 4534 1066 4602 θ
1086 4562 1128 4601 τε
1152 4536 1332 4613 κατάγοιτο.
1357 4538 1411 4603 II:
1437 4538 1557 4602 θτσθτε
1577 4540 1600 4603 1.
1625 4560 1651 4603 ο.
1676 4539 1871 4623 quotiescum-

684 4670 748 4732 que.
773 4646 820 4714 of.
845 4666 925 4732 quae
948 4646 1089 4710 diximus
1112 4645 1152 4710 ad
1175 4642 1202 4707 V
1225 4644 1265 4708 41
1293 4667 1324 4728 p.
1351 4644 1430 4709 940.

730 4863 793 4928 XX
821 4886 851 4948 p.
877 4862 1027 4929 266121
1060 4862 1136 4941 ἔγνω
1167 4866 1227 4937 τάς
1258 4863 1343 4944 θψεις
1373 4864 1681 4940 ἐκκεκαυμένος.
1713 4864 1763 4930 Ita
1786 4873 1874 4933 reete

683 4966 803 5053 legitur
824 4971 858 5033 in
880 4967 994 5036 Codice
1016 4969 1223 5036 Euporialensi
1246 4978 1357 5055 estque
1380 4971 1433 5035 hio
1456 4992 1534 5035 usus
1554 4974 1652 5036 etiam
1671 4991 1711 5035 ex
1731 4969 1873 5040 Platone
