5125 6150
855 1402 925 1491 DE
954 1401 1337 1494 COMPOSITIONE
1366 1404 1608 1496 PouNULI.

1179 1610 1302 1651 scalpsit·

1064 1762 1107 1827 H.
1131 1763 1167 1827 Τ.
1191 1762 1400 1828 KARS'PEN.

1142 2034 1327 2078 —woeoo—

686 2297 789 2363 Nemo
820 2298 914 2363 hodie
945 2299 1100 2363 affirmare
1123 2297 1282 2363 dubitabit
1306 2297 1414 2362 Plauti
1435 2296 1614 2362 Poenulum
1638 2318 1676 2362 er
1700 2297 1822 2363 duabus

635 2407 762 2492 graecis
785 2405 956 2470 comoediis
979 2426 1046 2470 esse
1070 2406 1279 2491 compositam
1300 2405 1396 2489 idque
1418 2412 1490 2490 post
1512 2404 1631 2470 multos
1650 2404 1745 2479 elios,
1766 2407 1822 2489 qui

636 2512 676 2576 de
710 2511 769 2576 hac
799 2514 981 2596 quaestione
1009 2512 1086 2576 bene
1110 2513 1217 2576 meriti
1239 2517 1346 2587 erant,
1371 2510 1555 2597 Langeni
1577 2513 1737 2595 imprimis
1761 2511 1821 2575 dis·

637 2621 804 2704 putatione
828 2617 975 2682 effectum
998 2639 1064 2683 esse
1081 2617 1113 2698 ¹).

682 2726 885 2809 Argumenta
908 2746 926 2788 a
950 2727 1029 2789 viris
1053 2724 1153 2789 doctis
1178 2723 1280 2788 adhuc
1304 2722 1427 2810 prolata
1445 2725 1613 2808 praecipue
1631 2722 1708 2787 haec
1727 2729 1818 2788 sunt:

682 2831 822 2897 Intentio
857 2830 1000 2907 fabulae,
1037 2837 1074 2895 ut
1107 2829 1213 2916 puella
1247 2837 1354 2895 amata
1388 2851 1461 2895 cum
1497 2850 1601 2895 sorore
1629 2850 1668 2893 ex
1698 2827 1820 2895 lenonis

637 2944 793 3025 potestate
816 2941 850 3002 in
874 2941 1024 3003 amatoris
1043 2959 1175 3003 manum
1196 2943 1347 3014 transeat,
1368 2939 1533 3022 peragitur
1550 2936 1726 3001 rationibus
1746 2936 1819 3001 dua·

636 3046 694 3111 bns
726 3052 793 3110 tam
823 3044 974 3117 diversis,
1008 3051 1045 3108 ut
1075 3042 1176 3109 altera
1197 3043 1329 3109 alteram
1353 3041 1517 3120 excludat,
1541 3064 1654 3130 nempe
1677 3046 1818 3129 primum

635 3174 691 3238 per
723 3150 834 3216 dolum
866 3154 951 3215 servi
982 3156 1053 3229 (act.
1076 3150 1207 3235 I-IIl),
1232 3150 1303 3214 dein
1327 3172 1382 3235 per
1404 3152 1601 3236 agnitionem
1624 3153 1722 3235 patris
1746 3155 1818 3229 (act.

633 3257 678 3323 IV
699 3264 732 3323 et
754 3257 804 3336 V).
837 3256 979 3343 Originis
1011 3256 1232 3342 duplicitatem
1262 3279 1356 3342 porro
1379 3257 1512 3342 probant
1535 3259 1762 3343 repugnantiae
1784 3259 1819 3322 in

635 3385 781 3429 sororum
804 3363 1002 3445 condicione,
1022 3385 1101 3449 quae
1120 3366 1154 3427 in
1173 3365 1277 3448 prima
1294 3362 1419 3428 fabulae
1438 3370 1527 3448 parte
1545 3370 1620 3428 sunt
1639 3366 1819 3429 meretrices

635 3471 795 3555 huiusque
826 3477 975 3555 quaestus
1006 3469 1067 3534 sibi
1097 3469 1288 3547 conscia02),
1320 3472 1353 3533 in
1385 3468 1483 3534 altera
1513 3469 1571 3534 hoc
1594 3472 1663 3555 ipso
1687 3469 1817 3534 demum

633 3577 686 3642 die
717 3583 842 3641 mutato
870 3580 997 3641 nomine
1020 3580 1104 3641 inter
1126 3580 1309 3641 meretrices
1331 3579 1524 3662 recipientur
1546 3599 1640 3663 seque
1662 3580 1818 3663 ingenuas

633 3705 702 3748 esse
734 3686 839 3747 sciunt
870 3689 901 3748 et
931 3681 1111 3747 libertatem
1142 3684 1180 3748 ab
1211 3684 1378 3768 haruspice
1411 3684 1605 3769 praedictam
1635 3691 1818 3770 exspectant

631 3811 695 3854 non
716 3792 867 3854 amatoris
887 3790 940 3853 sed
960 3789 1091 3853 deorum
1110 3788 1162 3854 vel
1182 3797 1350 3873 parentum
1368 3792 1562 3855 interventu.
1586 3790 1715 3855 Accedit
1734 3792 1816 3876 quod

632 3898 667 3959 in
691 3894 748 3959 illa
768 3896 846 3960 duas
866 3901 992 3959 tantum
1012 3894 1084 3960 leno
1108 3899 1289 3960 meretrices
1309 3896 1423 3961 habere
1443 3902 1475 3960 et
1494 3895 1599 3961 sabula
1618 3899 1671 3982 agi
1691 3898 1816 3962 videtur

632 4001 769 4065 Athenis
800 4007 843 4079 (v.
874 4000 946 4076 153,
972 3999 1037 4066 497
1061 4009 1092 4066 et
1116 4001 1205 4078 372),
1236 4005 1270 4066 in
1295 4002 1353 4067 hac
1377 4009 1501 4078 autem,
1526 4023 1605 4087 quae
1628 4006 1737 4087 agitur
1760 4000 1815 4069 Oa·

631 4106 750 4194 lydone
764 4105 799 4185 ³),
824 4095 1056 4193 multoplures
1079 4114 1124 4186 (v.
1149 4107 1237 4180 830).

667 4336 694 4398 1)
716 4336 746 4384 10
769 4338 869 4397 utreque
894 4350 919 4383 re
941 4350 1026 4398 sequor
1045 4335 1129 4382 Fred.
1147 4335 1275 4384 Leonem
1294 4335 1485 4386 Plaut.1⁴'orach.
1503 4351 1526 4399 p.
1546 4337 1592 4384 lta
1610 4335 1643 4384 sic
1659 4335 1813 4385 scribentem:

633 4416 692 4466 aleb
706 4417 827 4466 betrachte
841 4432 867 4466 es
880 4417 914 4465 ala
931 4417 969 4465 ein
986 4417 1059 4479 villig
1074 4416 1216 4479 geeichertes
1231 4418 1340 4465 Resultet
1354 4418 1397 4465 der
1413 4417 1545 4466 zahlrciche
1561 4418 1814 4481 Untersuchungen...

634 4500 702 4548 ‚dass
726 4501 768 4549 des
793 4500 866 4548 steca
893 4516 935 4549 aaa
958 4501 1014 4548 zuei
1036 4499 1197 4563 griechischen
1222 4500 1354 4549 Komddien
1378 4499 1642 4563 zusammengearbeitet
1663 4500 1718 4549 ist''.
1741 4501 1772 4550 Et
1788 4502 1813 4552 in

629 4583 711 4632 adnot.
735 4584 759 4629 3-
776 4572 961 4646 ‚dunengene
984 4582 1159 4646 nechgewieecn
1183 4583 1214 4631 iet
1238 4598 1262 4630 ee
1279 4586 1327 4631 eret
1344 4599 1389 4631 von
1407 4583 1502 4647 Langen
1520 4582 1682 4632 Plautiniecbe
1697 4582 1814 4633 Studien''

628 4681 654 4730 p.
674 4664 720 4713 181
732 4680 766 4728 eq.

665 4749 693 4812 2)
712 4748 751 4797 cf.
768 4747 802 4796 ll.
821 4763 834 4796 e
851 4748 964 4811 Longane
981 4763 1002 4811 p.
1022 4749 1077 4798 183.

664 4834 689 4894 8)
706 4831 744 4880 Cl.
767 4832 863 4895 Imngen
885 4847 908 4896 p.
934 4831 989 4889 18⁶,
1014 4831 1061 4880 Iseo
1079 4848 1102 4895 p.
1122 4832 1169 4881 1⁵4
1186 4832 1240 4880 edn.
1263 4830 1378 4895 Reliquae
1395 4830 1619 4889 animadversiones,
1636 4847 1694 4896 quas
1711 4832 1813 4897 pretulit

632 4915 757 4979 Langenns
771 4929 792 4979 p.
807 4914 853 4961 190
862 4928 912 4977 eqq.
930 4929 976 4962 000
992 4918 1093 4979 tangunt
1109 4913 1240 4963 fabularum
1256 4913 1446 4962 commixtionem
1462 4913 1501 4961 sed
1514 4914 1636 4979 nidosque
1645 4915 1811 4967 oeconomiam.
