5125 6150
762 838 828 903 434
1217 845 1398 898 33333333
1421 853 1517 900 uxos.

762 1044 843 1110 quae
875 1042 958 1086 nunc
990 1022 1098 1083 nostra
1130 1016 1210 1082 scire
1242 1020 1391 1084 interest:
1427 1018 1547 1095 „Vetus
1576 1021 1706 1101 domus,
1738 1024 1795 1089 ubi
1829 1029 1870 1089 tu
1893 1046 1972 1091 cum

762 1129 954 1196 Ruhnkenio
984 1126 1092 1200 fuisti,
1117 1146 1154 1189 eo
1187 1131 1314 1188 mortuo
1347 1125 1492 1200 vendita,
1523 1149 1607 1192 nunc
1637 1128 1705 1194 solo
1734 1136 1877 1216 aequata
1901 1140 1971 1197 est:

762 1237 877 1312 vidua,
903 1254 1012 1309 caeca,
1038 1238 1146 1306 muta,
1172 1230 1353 1309 surdastra,
1379 1230 1625 1309 valetudinaria,
1651 1242 1817 1300 caeterum
1842 1236 1973 1303 nnllam

762 1346 849 1408 uitae
880 1338 1143 1406 commoditatem
1175 1337 1334 1401 desiderat
1365 1343 1397 1400 et
1428 1337 1493 1402 filia
1516 1341 1577 1405 sihi
1601 1362 1663 1405 non
1688 1340 1832 1406 malain
1860 1342 1976 1409 Gallia

763 1469 831 1515 esse
856 1445 999 1511 scribit”.

809 1553 879 1617 Hoc
910 1554 1051 1616 manime
1082 1549 1176 1613 modo
1210 1549 1459 1614 Ruhnkenianae
1493 1550 1607 1615 domus
1638 1552 1733 1618 rebus
1756 1555 1972 1632 constitutis,

764 1683 848 1724 nunc
882 1658 1070 1724 conferenda
1105 1663 1180 1720 sunt
1215 1677 1295 1741 quae
1330 1659 1448 1741 scripta
1483 1665 1559 1721 sunt
1594 1660 1626 1722 in
1662 1658 1779 1724 ficticia
1816 1660 1973 1747 Epistola

764 1766 947 1830 Ruhnkeuii
980 1762 1201 1830 3103131313
1227 1764 1338 1826 rtlnern.
1369 1762 1454 1828 1877
1479 1785 1510 1847 p.
1539 1764 1617 1828 113:
1652 1764 1761 1843 „Dum
1784 1788 1872 1832 uxor
1896 1788 1973 1834 mea

764 1873 897 1937 domum
930 1877 1037 1936 servat
1059 1892 1132 1935 erim
1159 1869 1224 1933 filia
1248 1870 1368 1945 anctore,
1393 1891 1468 1934 nam
1493 1877 1628 1955 utraque
1651 1871 1753 1937 oculis
1776 1878 1874 1959 capta
1899 1880 1970 1953 est,

764 1983 813 2044 uti
846 1981 946 2056 nesti,
980 1984 1012 2043 et
1044 1983 1148 2042 mater
1178 1998 1218 2041 ne
1249 1985 1356 2041 mente
1386 1976 1516 2062 quidem
1541 1980 1620 2042 satis
1642 1986 1784 2056 const-at,
1810 1981 1970 2065 equidem

764 2085 969 2150 deambulare
1000 2083 1086 2148 soleo
1119 2090 1155 2147 ut
1186 2105 1299 2168 corpus
1330 2104 1492 2148 exerceam
1518 2106 1592 2149 cum
1616 2083 1683 2150 filia
1706 2086 1854 2150 minore‘’.
1879 2086 1970 2167 Quin

763 2199 796 2256 et
830 2212 917 2257 error
951 2191 1063 2256 itidem
1096 2189 1236 2275 perpluit
1267 2192 1301 2253 in
1332 2190 1581 2274 subscriptione:
1614 2191 1733 2269 „Pater
1762 2192 1849 2257 mibi
1884 2193 1970 2259 hanc

763 2297 931 2383 epistolam
956 2298 1106 2374 dictavit,
1133 2296 1186 2361 sed
1210 2294 1347 2361 Graecas
1370 2296 1480 2362 literas
1499 2318 1678 2383 numquam
1699 2298 1794 2364 didici
1815 2301 1968 2387 pingere.

763 2405 955 2470 Ruhnkenia
985 2403 1112 2468 3133ν”.
1149 2403 1238 2481 Quod
1271 2410 1417 2488 apparet,
1451 2406 1506 2488 qui
1530 2404 1607 2469 haec
1632 2407 1776 2489 scripsit,
1801 2408 1968 2473 maiorem

763 2533 902 2577 sororem
937 2533 993 2596 pro
1028 2513 1151 2575 minore
1187 2513 1296 2594 posuit
1326 2516 1358 2574 et
1389 2518 1514 2587 contra,
1551 2532 1624 2576 nam
1657 2510 1844 2577 Elisabetha
1876 2516 1968 2599 patri

762 2622 870 2705 potuit
903 2617 1066 2682 scribendo
1098 2617 1223 2694 adesse,
1255 2616 1360 2681 Maria
1392 2639 1452 2681 333
1485 2620 1601 2702 potnit.
1626 2617 1712 2683 Illud
1735 2639 1866 2705 quoque
1891 2642 1966 2707 per-

761 2748 888 2811 peram,
926 2725 1011 2811 quod
1046 2727 1181 2808 scriptor
1217 2726 1346 2808 putavit
1381 2723 1600 2788 Elisabetham
1631 2723 1714 2789 clam
1745 2734 1853 2791 matre
1886 2748 1967 2793 cum

761 2840 901 2898 amatore
925 2834 1036 2896 33313
1063 2828 1204 2896 Galliam
1229 2851 1262 2894 33
1287 2832 1497 2914 proripuisse:
1530 2853 1626 2916 supra
1650 2834 1866 2919 cognorimus
1891 2856 1967 2901 eam

760 2940 846 3003 iusto
871 2940 1076 3002 matrimonio
1100 2939 1241 3000 iunctam
1267 2936 1364 3001 fuisse
1388 2958 1462 3001 oum
1487 2936 1544 3002 illo
1570 2937 1726 3002 Mavortis
1749 2937 1969 3007 Medicatoris

760 3045 837 3111 filio.
859 3045 967 3110 Huius
987 3043 1208 3124 rrapepriuaros
1229 3064 1357 3108 causam
1375 3043 1527 3130 indagare
1540 3044 1727 3130 expeditum
1739 3052 1799 3110 est.
1821 3046 1968 3115 Memini

760 3175 834 3218 cum
863 3153 984 3218 Bakius
1007 3153 1088 3217 milri
1114 3152 1261 3216 narrabat
1284 3150 1503 3216 Elisabetham
1527 3155 1723 3238 inauspicato
1747 3174 1786 3218 ex
1811 3161 1968 3222 materno

761 3259 911 3345 amplexu
943 3259 1026 3324 clam
1057 3260 1205 3323 omnibus
1231 3258 1428 3343 profugisse:
1454 3259 1540 3323 idem
1565 3263 1710 3346 suspicor
1735 3259 1881 3327 Bakium
1908 3263 1968 3330 eli·

760 3367 885 3450 quando
917 3368 1093 3430 narravisse
1125 3367 1231 3449 siqui
1257 3363 1432 3448 lipistolam
1458 3365 1496 3429 ad
1521 3364 1680 3431 chetum
1702 3371 1967 3448 consarcinavit3

761 3475 828 3556 ipse
871 3479 980 3537 autem
1022 3472 1141 3536 Bakius
1183 3493 1249 3535 rem
1286 3492 1380 3555 quam
1415 3493 1472 3556 por
1504 3477 1641 3536 aetatem
1678 3475 1733 3536 vix
1769 3477 1970 3542 meminisse

760 3586 900 3663 poterat,
942 3583 991 3642 uti
1026 3582 1179 3656 33311313,
1215 3600 1251 3642 er
1290 3577 1528 3662 Wyttenbaohii
1564 3579 1764 3644 sermonibus
1800 3584 1968 3668 arripuit,

759 3687 833 3770 qui,
859 3706 959 3769 quum
985 3685 1136 3749 mulieres
1156 3684 1290 3760 odisset,
1312 3689 1440 3769 propter
1459 3706 1537 3769 3333
1559 3685 1803 3750 Amstslodamo
1824 3685 1967 3754 beidam

759 3797 920 3857 extractus
944 3798 1042 3867 esset,
1067 3795 1174 3856 omnia
1198 3790 1340 3875 maligne
1363 3794 1593 3874 interpretat-us
1617 3796 1673 3855 est.
1698 3790 1785 3856 Illud
1811 3797 1971 3879 sequitur

759 3899 922 3984 Epistolae
946 3902 1132 3983 scriptorem
1157 3901 1240 3961 inter
1267 3905 1385 3961 veteres
1412 3898 1503 3960 Bakii
1528 3897 1690 3962 auditores
1713 3897 1826 3964 latere.
