5125 6150
675 817 741 920 5122
1203 837 1324 885 ursus.

673 1008 773 1068 τῶσιν.
806 1001 950 1070 Correxit
980 1001 1058 1067 olim
1081 1005 1298 1087 nescioquis:
1323 1027 1352 1068 r.
1376 1027 1405 1066 κ.
1430 1005 1464 1067 τὸ
1488 1003 1574 1081 παρὰ
1598 1003 1667 1076 τοὺς
1692 1006 1855 1083 Ἑρμᾶς,

672 1106 736 1174 ἵνα
767 1112 800 1174 ri
831 1117 978 1180 Δειιελεῑς
1010 1118 1189 1189 τραφερῆς
1221 1109 1349 1174 malunt
1380 1131 1464 1174 nunc
1486 1109 1654 1175 Weidnero
1677 1109 1757 1176 duee
1778 1110 1856 1176 Her·

674 1216 838 1282 werdeuus
871 1225 904 1283 et
934 1215 1103 1282 'l'halheim
1131 1239 1162 1280 τ.
1193 1218 1309 1293 'Erucio
1343 1211 1372 1280 ιῖ
1399 1224 1570 1287 Δεκελειεῖς
1594 1217 1673 1301 (αῖς)
1696 1225 1855 1297 τριτφιιτ.

674 1323 726 1387 Or.
754 1321 846 1386 XXV
869 1325 887 1408 ᾗ
907 1321 966 1388 32:
999 1323 1052 1385 καὶ
1075 1322 1160 1400 δέξαι
1183 1325 1212 1384 τ’
1237 1321 1275 1385 ἂν
1299 1323 1346 1400 X,
1364 1325 1397 1387 in
1422 1323 1632 1409 apographis,
1656 1328 1695 1387 ut
1717 1324 1855 1401 videtur,

672 1444 848 1494 correctum
877 1432 911 1493 in
942 1454 971 1493 ιι.
1003 1429 1135 1507 δέξαιντ’
1158 1427 1196 1494 ιἰν
1219 1427 1303 1514 quod
1326 1432 1510 1514 requiritur.
1546 1427 1598 1494 Or.
1623 1429 1731 1494 XXVI
1755 1431 1773 1515 ξ
1793 1430 1854 1495 20:

672 1536 821 1607 τοιαύτας
841 1533 906 1607 αἴας
926 1537 987 1613 ἐγὼ
1012 1573 1043 1583 -
1056 1573 1087 1584 -
1111 1537 1313 1615 ἀποκρίνομαι
1333 1535 1380 1613 Χ;
1402 1537 1576 1599 τοιαῦτα
1597 1559 1656 1600 σοι
1678 1537 1739 1613 ἐγὼ
1772 1574 1806 1584 -
1819 1574 1848 1585 -

672 1643 872 1720 ἀποκρίνομαι
907 1643 1045 1708 editores
1078 1642 1281 1720 Turicenses;
1318 1642 1458 1707 Palatini
1492 1641 1663 1708 lectionem
1696 1645 1855 1728 ineptam,

673 1748 757 1814 male
779 1771 853 1815 curn
875 1749 1079 1814 antecedente
1097 1752 1253 1814 sententia
1272 1769 1462 1831 connexam,
1483 1752 1517 1813 in
1537 1771 1599 1834 qua
1619 1758 1687 1814 erat
1706 1750 1856 1823 συνθήκας

671 1856 754 1925 unde
784 1877 880 1934 orror,
912 1859 1084 1921 retinuerat
1116 1893 1159 1904 —
1191 1859 1311 1920 mirum
1341 1856 1429 1921 dictu
1454 1894 1495 1904 -
1520 1855 1572 1921 vel
1595 1855 1771 1921 Beklrerus.
1803 1858 1854 1923 Or.

672 1963 782 2028 XXIX
801 1966 819 2049 ξ
839 1963 898 2029 12:
918 1964 1026 2040 ἔλεγον
1048 1965 1088 2035 ric
1112 1962 1305 2027 πεντακόσιοι
1328 1964 1385 2039 μὲν
1408 1964 1512 2035 αὐτοῖς
1538 1960 1573 2027 oi
1598 1961 1696 2038 ἦσαν
1719 1963 1761 2042 X,
1785 1962 1857 2038 aln—

671 2095 743 2135 σαν
765 2070 961 2156 Stephanus,
985 2069 1192 2156 quodetiam
1215 2073 1249 2134 in
1275 2066 1300 2136 O
1323 2091 1391 2135 esse
1415 2069 1553 2135 videtur.
1578 2067 1631 2134 Or.
1655 2069 1752 2134 XXX
1776 2072 1796 2155 §
1816 2071 1855 2135 4:

673 2178 723 2242 lx}
746 2179 788 2242 roi
812 2177 989 2255 διωρισμένα
1012 2176 1054 2254 X,
1079 2174 1225 2240 ἔπειτα
1249 2175 1511 2254 διωρισμένον
1533 2183 1690 2242 corrector
1708 2176 1855 2254 Aldinae,

672 2307 691 2351 a
717 2305 779 2369 qno
802 2286 899 2349 ceteri
921 2284 1059 2349 editores
1081 2285 1247 2370 egregiam
1270 2283 1524 2348 emendationem
1546 2286 1632 2370 grati
1657 2290 1857 2368 acceperunt.

673 2390 753 2456 Ibid.
778 2390 876 2475 §202
901 2390 951 2454 καὶ
976 2391 1035 2470 οὐχ
1059 2384 1116 2453 οἶόν
1140 2413 1174 2453 τε
1199 2390 1295 2452 εἰπεῖν
1318 2391 1356 2461 ὤς
1378 2390 1438 2469 οὐχ
1458 2389 1551 2454 ἱκανὰ
1575 2385 1682 2454 εἶναι
1705 2390 1857 2466 προσῆλθε

672 2507 712 2578 τῇ
743 2496 830 2560 πόλει
862 2496 903 2575 X,
933 2495 972 2560 ad
1004 2498 1194 2560 sententiam
1226 2501 1310 2560 recte
1339 2494 1417 2560 olim
1441 2492 1575 2561 Oontius
1597 2493 1671 2559 lura
1697 2500 1859 2572 suaserat,

673 2605 848 2669 sententiae
871 2607 904 2667 et
925 2601 1043 2667 litteris
1065 2601 1165 2667 simul
1187 2602 1342 2667 satisfecit
1365 2601 1537 2667 Markland
1560 2600 1601 2677 ἦν
1625 2598 1648 2666 ἃ
1673 2626 1758 2681 τρια.
1785 2604 1860 2667 scri-

675 2713 766 2784 bens3
799 2707 938 2776 Cobetus
968 2730 1068 2786 unus,
1101 2708 1185 2794 quod
1216 2712 1334 2785 sciam,
1365 2707 1410 2782 εἴη
1440 2706 1613 2774 ἃιιιαλιιὶλ.
1637 2707 1780 2773 Tandem
1804 2707 1858 2774 Or.

673 2816 785 2880 XXXI
815 2815 913 2899 §122
944 2815 1014 2881 stirs
1045 2816 1106 2893 γὰρ
1139 2818 1180 2894 τῷ
1212 2814 1335 2889 σώματι
1366 2815 1516 2886 ἀδύνατος
1548 2816 1565 2890 ἢ
1594 2822 1788 2893 ταλαιπωρεῖ
1809 2814 1840 2878 X
1847 2837 1857 2893 ;

672 2925 883 2988 neceesarium
906 2923 1054 2993 ἀδύνατος
1079 2918 1120 2995 ἦν
1142 2929 1380 2999 ταλαιπωρεῖν
1405 2923 1547 2986 restituit
1574 2919 1749 3006 Taylorua,
1773 2942 1859 2986 nuno

673 3049 797 3116 quoque
821 3050 888 3093 rem
911 3049 970 3094 acu
993 3035 1137 3115 tangens.

718 3135 898 3220 Sequantur
929 3145 1080 3221 tanquam
1110 3143 1217 3200 satura
1248 3134 1394 3220 exempla
1425 3134 1596 3219 quaedam,
1627 3156 1710 3199 nunc
1733 3155 1859 3220 quoquo

673 3246 864 3328 paucissima
895 3242 933 3307 de
963 3241 1092 3320 multis,
1126 3244 1281 3306 vitiorum
1313 3263 1406 3306 omne
1437 3262 1555 3327 genus,
1587 3261 1666 3325 quae
1697 3262 1759 3305 uon
1791 3249 1858 3306 tam

672 3349 764 3415 facile
787 3354 820 3413 in
845 3356 929 3414 certa
952 3370 1069 3435 genera
1091 3348 1345 3434 distinguuntur.
1378 3346 1430 3412 Or.
1455 3349 1470 3413 l
1494 3350 1512 3432 ᾗ
1533 3348 1593 3412 2οῑ
1618 3347 1742 3412 Ancilla
1765 3372 1859 3422 αατιν

672 3457 776 3535 piceos
800 3455 851 3529 (de
874 3477 937 3541 quo
960 3462 1032 3540 post
1055 3463 1164 3542 agam)
1185 3491 1226 3502 -·
1245 3457 1282 3525 ὡς
1308 3456 1403 3527 εἰιείιιι
1429 3456 1470 3532 τῷ
1490 3455 1588 3533 χρόνῳ
1612 3479 1635 3517 τ
1644 3454 1781 3532 portel
1789 3481 1806 3529 ιρ
1826 3454 1857 3519 Χ

672 3584 747 3627 cum
769 3563 961 3647 apographis
985 3570 1111 3626 tantum
1135 3584 1198 3627 nou
1217 3562 1383 3639 omuibus,
1405 3570 1441 3625 ut
1462 3560 1598 3625 videtur.
1623 3559 1752 3646 Optime
1772 3561 1859 3627 Rois

672 3669 747 3733 irius
776 3668 979 3747 πεισθείη,
1012 3667 1203 3733 -felicius
1233 3667 1362 3754 Taylori
1392 3670 1521 3732 invento
1545 3670 1680 3746 πραθείη,
1706 3706 1748 3715 -
1774 3670 1856 3753 qnod

674 3784 747 3861 post
769 3774 969 3841 confirmavit
992 3775 1034 3847 H,
1059 3778 1080 3839 i.
1099 3797 1126 3840 e.
1151 3775 1334 3840 Marcianus
1358 3775 1423 3838 422
1448 3796 1466 3839 a
1488 3773 1531 3839 H.
1556 3773 1727 3839 Schenklio
1749 3796 1857 3839 excus

673 3904 744 3958 sus,
782 3885 838 3968 qui
868 3881 965 3946 codex
998 3884 1199 3957 „orationum
1231 3881 1439 3967 Lysiacarum
1470 3879 1594 3944 nullam
1625 3882 1687 3943 nisi
1716 3883 1855 3964 primam

673 3990 832 4066 exhibet’,
856 3988 908 4052 hic
931 4008 1055 4071 quoque
1079 3987 1163 4052 haud
1187 3987 1281 4052 dubie
1304 3986 1388 4051 felici
1411 3988 1590 4051 coniectura
1612 4007 1699 4050 usus.
1730 3984 1784 4050 Or.
1810 3985 1854 4050 111

673 4094 771 4181 §14:
796 4095 862 4157 καὶ
887 4098 1020 4157 ταῦτα
1045 4093 1111 4169 μεί,
1136 4092 1185 4157 ἵνα
1208 4094 1286 4173 Φησὶ
1312 4096 1416 4170 Σίμων
1439 4094 1492 4163 τὴν
1517 4090 1627 4172 μιὶχνιν
1651 4090 1793 4168 γενέσθαι
1812 4092 1851 4168 Χ,

674 4203 884 4266 κάνταῦθα
907 4200 979 4274 μὲν
1003 4212 1073 4262 κτλ.
1098 4207 1171 4283 post
1193 4197 1346 4264 Contium
1368 4196 1549 4262 Markland.
1573 4197 1619 4262 lb.
1640 4196 1730 4281 520:
1752 4198 1853 4271 ε’τειδίι

673 4309 699 4374 δ’
714 4306 910 4388 --ᾔσθετο
943 4312 1042 4376 κακῶς
1066 4305 1295 4380 ἀγωνισάμενον
1319 4302 1354 4379 ἐξ
1377 4303 1579 4380 αντιδώτεως,
1605 4304 1854 4382 καταφρονή-

673 4419 769 4484 creir
801 4438 860 4492 μιν
884 4413 990 4477 οὑτωσὶ
1016 4413 1172 4491 τολμηρῶς
1198 4427 1286 4489 κτλ.;
1311 4415 1358 4476 ita
1380 4433 1397 4475 e
1419 4411 1580 4496 parechesi
1604 4409 1645 4486 X,
1669 4413 1702 4475 in
1726 4431 1853 4498 apogra-

673 4522 744 4606 phis
774 4524 839 4586 iam
870 4526 1046 4584 correctum
1079 4518 1216 4582 videtur.
1249 4517 1295 4581 lb.
1320 4518 1418 4601 §iim
1449 4515 1539 4592 δόξας
1571 4519 1851 4589 κοσμιώτατος

673 4622 748 4690 εἶναι
773 4629 823 4689 καὶ
849 4627 1047 4703 πονηρότατος
1074 4625 1121 4704 Χ;
1145 4632 1291 4709 apertum
1312 4632 1359 4687 est
1377 4624 1570 4688 contrarium
1591 4625 1726 4707 requiri,
1746 4626 1854 4707 itaque

675 4740 744 4816 post
764 4730 939 4818 Taylorum
959 4732 1126 4815 Emperius
1146 4729 1431 4806 ακοσμότιιτοι
1452 4732 1623 4815 proposuit.
1644 4727 1697 4793 Or.
1716 4728 1760 4793 lV
1780 4729 1853 4814 §13

674 4840 694 4901 i.
708 4838 748 4900 f.:
772 4839 805 4901 οὐ
828 4841 890 4915 γὰρ
917 4838 1056 4917 ἀργύριον
1079 4836 1192 4913 λαβεῖν
1215 4836 1452 4914 προθυμοῦνται,
1477 4836 1550 4898 αλλ’
1576 4836 1609 4899 εἰι
1633 4841 1687 4906 τῆς
1709 4836 1851 4914 πατρίδας

674 4943 820 5018 ἐκβαλεῖν
843 4971 863 5007 α
876 4946 966 5009 iric
991 4947 1143 5009 roscium
1167 4942 1208 5007 X.
1236 4944 1333 5008 Αὑτὸν
1352 4944 1418 5006 sine
1435 4944 1648 5007 controversia
1667 4953 1852 5028 corruptum
