5125 6150
833 1411 1249 1523 PARALIPOMENA
1277 1411 1519 1501 nisinen.

1117 1650 1240 1691 SORIPSI'P

1020 1836 1062 1900 H.
1093 1835 1122 1901 J.
1155 1834 1333 1901 POLAK.

1124 2143 1234 2178 -vu-

1121 2398 1201 2461 Lysiec
1218 2396 1358 2457 Orationes,
1381 2397 1405 2445 in
1422 2397 1509 2461 quibus
1525 2397 1598 2445 etiam
1616 2397 1770 2445 Amatoriaa

1087 2481 1186 2528 Platonc
1203 2484 1308 2533 servata.
1326 2495 1379 2527 enm
1396 2480 1519 2543 fragosam,
1535 2478 1600 2527 brevi
1618 2480 1771 2528 adnotatione

1084 2563 1212 2619 instructa,
1230 2562 1364 2611 scholarum
1381 2562 1405 2610 iu
1423 2578 1490 2611 usum
1504 2562 1578 2610 edidit
1593 2561 1711 2611 Henricos
1725 2578 1770 2610 vau

1085 2645 1236 2693 Herwerden.
1253 2646 1326 2694 less.

1116 2728 1199 2791 Lysiae
1208 2728 1335 2777 Orationes
1345 2743 1389 2776 rec.
1400 2727 1537 2776 Theodorus
1545 2726 1678 2777 'l'holheim
1691 2727 1770 2776 Editio

1086 2811 1169 2860 maior.
1188 2811 1261 2859 1901.

634 3011 684 3076 Ad
715 3009 847 3097 Lysiam
876 3015 912 3073 ut
943 3008 1096 3088 redirem,
1129 3029 1270 3095 quaeque
1301 3007 1499 3094 permultos
1523 3030 1621 3074 annos
1645 3010 1772 3074 adnota-

589 3140 699 3185 veram
722 3121 756 3182 in
781 3139 881 3182 unum
905 3115 1036 3181 collecta
1059 3118 1127 3181 eius
1148 3117 1299 3181 studiosis
1323 3117 1526 3202 disceptanda
1545 3139 1769 3203 proponerem,

588 3227 669 3291 duae
704 3225 845 3289 fecerunt
875 3225 1010 3287 eximiae
1040 3222 1194 3288 editiones
1225 3224 1275 3287 his
1305 3226 1395 3288 annis
1426 3226 1459 3287 in
1490 3223 1596 3289 lucem
1619 3226 1769 3302 emissae;

587 3333 664 3397 fecit
707 3350 831 3415 quoque
871 3328 1043 3393 recordatio
1085 3350 1194 3393 eorum
1236 3351 1316 3414 qnae
1350 3331 1405 3413 qui
1440 3330 1522 3393 mihi
1556 3331 1589 3392 in
1623 3329 1771 3395 cathedra

588 3436 796 3522 Groningnna
830 3442 1063 3500 antecesserunt
1094 3438 1154 3500 viri
1190 3438 1329 3522 egregii,
1365 3434 1600 3500 Franckenium
1635 3435 1704 3501 dico
1739 3444 1771 3501 et

588 3543 849 3619 Helbertsmam,
885 3564 946 3606 non
982 3545 1048 3606 sine
1080 3562 1196 3627 magno
1227 3543 1359 3607 oratoris
1390 3542 1498 3607 fructu
1529 3547 1560 3606 et
1592 3541 1629 3606 de
1659 3546 1771 3608 ceteris

588 3650 827 3737 quaestionibus
858 3649 920 3713 hnc
951 3648 1184 3732 pertinentibus
1215 3646 1294 3712 olim
1323 3656 1355 3712 et
1386 3647 1424 3713 de
1447 3650 1515 3712 eius
1538 3654 1630 3713 textu
1655 3648 1771 3713 melius

588 3754 809 3822 constituendo
850 3756 1055 3818 commentati
1090 3759 1174 3817 sunt.
1210 3753 1374 3818 Editiones
1409 3775 1486 3839 quaa
1522 3754 1663 3820 dicebam
1697 3762 1772 3820 sunt

588 3860 857 3927 Herwerdeniana
879 3882 958 3946 quae
981 3865 1054 3924 ante
1078 3859 1156 3924 duos
1179 3880 1276 3923 annos
1300 3861 1435 3945 prodiit,
1456 3867 1488 3925 et
1507 3861 1662 3927 Theodori
1682 3862 1774 3927 Thal-

589 3970 704 4034 heimii
725 3973 796 4032 ante
820 3987 934 4051 paucos
953 3987 1076 4031 menses
1095 3967 1134 4031 ad
1154 3988 1206 4031 me
1225 3965 1362 4052 perlata,
1382 3974 1517 4053 utraque
1538 3972 1633 4033 variis
1646 3969 1773 4033 dotibus

589 4077 745 4160 insignis,
777 4079 871 4158 atquc
900 4076 947 4138 ita
977 4081 1174 4159 comparatae
1206 4079 1243 4137 ut
1275 4073 1375 4139 altera
1405 4080 1488 4140 recte
1520 4074 1652 4140 alterius
1684 4078 1774 4160 quasi

591 4178 852 4266 supplementum
883 4180 944 4245 dici
975 4189 1144 4246 mereatur.
1174 4180 1257 4246 Nam
1289 4181 1512 4259 Herwerdeni,
1536 4184 1628 4246 cuius
1651 4188 1774 4266 praeter

590 4292 694 4352 cetera
723 4286 914 4352 indefessam
944 4290 1041 4352 ctiam
1065 4290 1097 4351 in
1122 4295 1282 4353 senectute
1305 4287 1499 4354 industriam
1522 4297 1704 4373 stupemus,
1729 4308 1775 4351 re·

591 4394 745 4457 censionis
780 4396 948 4478 praecipua
983 4394 1054 4458 laus
1089 4397 1121 4457 in
1157 4393 1354 4458 divinatione
1389 4397 1492 4479 posita
1527 4400 1590 4471 est,
1629 4393 1775 4459 codicum

590 4499 741 4566 lectiones
774 4521 831 4584 pro
864 4501 1010 4565 editionis
1041 4521 1116 4565 suae
1143 4500 1274 4565 consilio
1306 4522 1408 4585 neque
1439 4504 1603 4586 proposuit
1634 4504 1775 4586 integras

591 4627 694 4691 neque
716 4613 788 4691 post
811 4628 974 4692 operosam
998 4607 1138 4672 Scheibii
1157 4606 1362 4693 diligentiam
1381 4607 1483 4672 denuo
1502 4609 1562 4672 sibi
1582 4610 1775 4694 investigan-

592 4714 647 4778 das
671 4716 809 4797 putarit.
834 4712 919 4778 Huic
944 4714 1098 4778 desiderio
1117 4713 1270 4778 satisfecit
1289 4712 1526 4789 Thalheimius‚
1547 4716 1602 4798 qui
1621 4713 1776 4800 quidquid

591 4819 631 4885 de
654 4822 843 4885 recensionis
867 4821 1092 4896 fundamento,
1116 4821 1149 4884 id
1170 4828 1218 4884 est
1237 4819 1274 4883 de
1294 4819 1482 4884 lectionibus
1501 4819 1657 4885 librorum
1677 4841 1774 4885 manu

592 4928 802 5011 scriptorum,
834 4932 940 4992 nostra
969 4929 1047 4991 scire
1078 4928 1228 5002 interest,
1259 4924 1408 5014 religiose
1439 4925 1611 4992 admodum
1635 4933 1683 4992 est
1706 4947 1775 5013 per-

1598 5049 1630 5096 as
