5125 6150
1049 791 1091 839 on
1115 790 1322 840 nuemuoms
1346 790 1532 840 rnreoouu.
1837 767 1879 835 27

736 954 782 1019 Hi
817 957 923 1043 igitur
956 955 1091 1041 Minyae
1120 956 1374 1020 narrationemne
1405 954 1443 1020 de
1474 976 1550 1041 rege
1583 953 1706 1041 Hyrieo
1737 973 1884 1018 secume

688 1063 796 1147 patria
830 1060 1011 1127 attulerunt
1042 1064 1131 1126 etin
1154 1059 1324 1146 Triphylia
1347 1082 1403 1146 pro
1427 1064 1555 1127 nomine
1578 1059 1694 1148 Hyrisi
1716 1058 1799 1124 illud
1822 1061 1886 1125 Au·

688 1168 763 1254 gine
783 1164 983 1253 posuerunt?
1001 1166 1090 1232 Tsto.
1111 1166 1173 1233 Sed
1192 1187 1248 1231 cur
1267 1165 1431 1232 fecerunt?
1453 1164 1518 1234 Gur
1536 1169 1569 1232 in
1589 1164 1757 1252 Triphylia
1775 1168 1883 1251 potius

689 1271 844 1338 volebant
886 1293 1012 1338 narrare
1053 1273 1212 1358 quomodo
1247 1273 1369 1359 Augias
1405 1294 1501 1358 quam
1536 1275 1591 1358 qui
1625 1271 1766 1358 Hyrieus
1803 1276 1884 1336 esset

688 1376 870 1464 spoliatus?
904 1378 1007 1444 Nemo
1043 1400 1104 1444 non
1141 1378 1356 1464 respondebit:
1390 1382 1541 1463 quoniam
1571 1382 1604 1442 in
1634 1376 1725 1442 Elide
1756 1377 1883 1442 easdem

687 1491 796 1569 partes
829 1483 982 1549 adversus
1014 1506 1067 1550 eos
1098 1484 1214 1571 agebat
1245 1486 1366 1570 Augias
1389 1485 1506 1570 quihus
1529 1483 1670 1570 Hyrieus
1694 1486 1728 1547 in
1751 1482 1882 1548 Boeotia

688 1611 820 1676 semper
849 1598 918 1656 erat
948 1590 1087 1656 functus.
1112 1590 1190 1656 Erat
1214 1593 1299 1655 enim
1322 1596 1457 1676 uterque
1480 1590 1667 1676 Minyarum
1690 1590 1792 1655 hostis
1815 1611 1882 1674 per·

688 1703 827 1782 petuas,
860 1696 961 1762 hostis
992 1697 1106 1782 opibus
1136 1696 1309 1762 abundans.
1343 1696 1529 1784 Signifioare
1559 1699 1662 1782 igitur
1684 1695 1742 1760 hoc
1766 1696 1880 1780 mytho

687 1802 839 1867 volebant
859 1802 992 1889 Minyae
1011 1806 1154 1889 Augiam
1173 1801 1248 1868 licet
1271 1803 1384 1888 opibus
1407 1801 1621 1889 praevaleret,
1647 1803 1773 1888 ingenio
1797 1806 1880 1867 certe

687 1911 769 1994 ipsis
806 1929 873 1972 csse
907 1911 1083 1993 imparem,
1119 1907 1392 1994 quemadmodum
1426 1909 1550 1973 furtum
1577 1929 1604 1993 a
1637 1904 1817 1992 Trophonio
1846 1910 1880 1971 in

688 2013 854 2100 Hyrioum
885 2017 1095 2079 commissum
1126 2014 1299 2079 celebrarat
1323 2017 1427 2079 maius
1450 2017 1634 2100 ingenium,
1659 2015 1813 2077 acriorem
1837 2033 1883 2078 sa

688 2121 867 2206 gacitstem
902 2118 1196 2185 Orchomeniorum.
1232 2120 1316 2184 Nam
1351 2118 1459 2184 fabula
1490 2119 1528 2184 de
1560 2119 1678 2182 astutia
1709 2116 1882 2202 Trophonii

688 2227 798 2310 magis
833 2225 1033 2290 reconditum
1066 2224 1195 2311 quidem
1226 2227 1378 2309 primitus
1411 2225 1562 2290 habuerat
1593 2244 1737 2299 sensum,
1769 2226 1880 2308 quiin

688 2331 830 2396 tenebris
853 2334 1005 2416 temporis
1029 2331 1258 2395 ante-historici
1281 2352 1338 2416 pro
1360 2336 1450 2415 parte
1473 2330 1575 2395 adhuc
1599 2329 1694 2406 latet,
1716 2328 1770 2393 sed
1789 2332 1881 2394 iuxta

687 2437 772 2501 hanc
796 2435 1063 2520 significationem
1085 2457 1181 2521 quam
1201 2440 1270 2521 ipsa
1290 2443 1420 2501 naturae
1439 2437 1654 2521 phaenomena
1665 2436 1880 2520 praebuerunt

687 2547 824 2607 inventa
854 2550 902 2607 est
929 2541 992 2608 alia
1019 2563 1100 2628 quae
1130 2541 1248 2628 populo
1279 2542 1508 2628 pedetemptim
1539 2563 1558 2607 a
1588 2542 1712 2628 mythis
1736 2542 1877 2628 physicis

689 2648 831 2713 alienato
862 2654 893 2712 et
923 2648 959 2713 ed
994 2647 1250 2713 rationalismum
1281 2669 1435 2734 propenso
1467 2649 1645 2713 satisfacere
1668 2667 1783 2734 posset.
1816 2647 1878 2727 Qui

689 2758 778 2820 enirn
803 2762 892 2819 erant
915 2754 1081 2819 architecti
1104 2753 1154 2819 illi
1177 2754 1396 2832 Orchomenii;
1422 2755 1498 2840 quid
1524 2755 1584 2818 sibi
1609 2752 1737 2818 volebat
1760 2752 1877 2840 Hyriei

688 2859 749 2926 illa
778 2857 879 2947 gaza?
914 2859 1067 2925 Thesauri
1091 2881 1108 2926 e
1131 2859 1212 2925 cella
1235 2861 1440 2925 subterranea
1463 2862 1614 2945 protracti
1635 2862 1762 2945 proprio
1786 2881 1879 2924 sensu

687 2971 782 3032 erant
813 2966 921 3052 fruges
952 2987 1030 3050 quas
1053 2965 1204 3031 mortales
1227 2971 1295 3031 arte
1318 2986 1353 3030 ac
1375 2965 1481 3031 labore
1504 2973 1605 3030 terrae
1630 2987 1646 3030 e
1670 2968 1793 3052 gremio
1817 2966 1877 3030 sibi

687 3084 819 3160 parant;
844 3070 1044 3158 Trophonius
1069 3070 1121 3137 vel
1143 3070 1338 3159 Trophonius
1362 3072 1400 3138 ab
1425 3074 1548 3160 origine
1571 3077 1639 3138 erat
1662 3071 1739 3137 deus
1762 3071 1877 3158 aliquis

687 3180 825 3263 χθόνιος,
861 3182 916 3264 qui
951 3184 1022 3264 post
1056 3179 1186 3266 longam
1218 3182 1396 3245 siccitatem
1428 3188 1465 3243 ut
1494 3178 1640 3265 pluviam
1670 3182 1814 3244 mitteret
1837 3181 1875 3245 ah

687 3287 875 3353 hominibus
907 3322 950 3334 -
981 3286 1031 3349 τὸν
1062 3288 1192 3364 οὐράνιον
1225 3290 1257 3351 et
1288 3285 1339 3349 τὸν
1370 3285 1488 3365 χθοοοοο
1518 3285 1582 3350 θοόν
1606 3308 1705 3350 unum
1730 3286 1878 3351 eundem·

687 3414 751 3480 qne
791 3392 980 3457 habentibus
1015 3428 1057 3440 -
1091 3394 1153 3458 rite
1189 3393 1346 3457 orabatur.
1390 3391 1451 3457 Sed
1492 3391 1697 3478 indigetando
1736 3413 1773 3457 ex
1813 3414 1876 3460 uno

686 3500 750 3565 hoc
781 3496 855 3562 Iove
885 3496 953 3578 (vel
981 3496 1154 3575 Mercurio)
1171 3496 1193 3578 ¹)
1224 3497 1269 3562 dii
1302 3504 1364 3562 tres
1397 3504 1472 3562 sunt
1494 3498 1586 3575 faeti,
1612 3520 1628 3563 e
1653 3499 1769 3584 quibus
1792 3521 1875 3565 unus

689 3603 869 3690 Clymenus
899 3606 934 3683 (i.
959 3625 987 3669 e.
1013 3603 1090 3675 Ζεὺς
1115 3602 1270 3679 Kadmos
1297 3603 1349 3669 vel
1373 3605 1609 3685 Περικλύμενος)
1633 3625 1731 3669 avum
1754 3626 1875 3691 reprae-

688 3710 852 3786 sentabat,
888 3708 1044 3774 secundus
1078 3708 1278 3795 Trophonius
1313 3713 1443 3796 antiquo
1478 3713 1605 3776 nomine
1636 3717 1760 3776 servato
1785 3719 1876 3778 vates
1973 3773 1977 3779 ,

686 3815 803 3890 fiebat,
828 3817 942 3879 tertius
965 3814 1144 3901 Agamedes
1166 3818 1200 3897 (i.
1215 3837 1241 3880 e.
1266 3818 1505 3903 sagacissimus)
1529 3816 1668 3883 indolem
1687 3818 1874 3902 prudentem

686 3925 743 3986 τοῦ
765 3920 885 4000 χθονίου
909 3923 974 3985 θεοῦ
999 3920 1173 4000 indicabat;
1199 3920 1312 3987 deinde
1336 3943 1353 3986 e
1378 3921 1426 3987 dis
1450 3926 1568 3987 mutati
1591 3926 1625 3987 in
1648 3943 1739 4009 reges
1758 3925 1878 4011 mythi-

686 4049 741 4093 cos
772 4031 824 4106 (ut
846 4026 1062 4111 Amphiaraus
1084 4025 1154 4107 ille)
1185 4048 1203 4092 a
1230 4032 1324 4113 poeta
1347 4028 1485 4112 quodam
1509 4031 1601 4094 seriei
1625 4050 1739 4116 regum
1762 4028 1878 4095 Orcho

684 4134 871 4198 meniorum
893 4139 968 4197 sunt
991 4135 1121 4211 inserti,
1145 4138 1184 4198 ut
1206 4140 1337 4220 apparet
1357 4136 1499 4220 inspecto
1518 4136 1677 4201 Pausania
1695 4135 1753 4212 IX,
1776 4134 1830 4212 37,
1844 4134 1875 4199 4.

685 4239 806 4305 Narrat
829 4240 916 4303 enim
939 4241 1117 4325 periegetes
1140 4261 1251 4326 regem
1275 4239 1511 4306 Orchomenum
1534 4241 1666 4328 Minyae
1689 4241 1793 4306 filium
1806 4263 1877 4324 pro

683 4346 801 4428 possiem
834 4367 893 4408 οοοοο
926 4345 1100 4431 reliquisse,
1136 4346 1291 4429 imperium
1319 4347 1415 4428 ipitur
1444 4349 1588 4411 transisse
1618 4350 1651 4411 in
1680 4346 1876 4434 Olymeuum

685 4448 862 4517 oriundum
893 4472 931 4515 ex
961 4451 1102 4516 Athama
1131 4451 1303 4539 Laphystii
1334 4474 1425 4539 rego;
1450 4461 1679 4538 postmortem
1704 4476 1778 4519 vero
1802 4453 1875 4519 Tro

685 4558 802 4643 phonii
820 4563 852 4622 et
873 4557 1046 4644 Agamedis
1065 4558 1173 4622 iterum
1191 4558 1335 4622 tramitae
1352 4583 1472 4640 repetam
1490 4560 1525 4624 in
1543 4582 1646 4624 novum
1663 4567 1874 4642 praesertum

721 4813 750 4880 l)
774 4813 868 4862 Prcller
890 4815 934 4863 Gr.
959 4814 1039 4878 uytn.
1057 4812 1083 4864 II
1102 4832 1124 4881 p.
1145 4816 1210 4875 8463
1228 4815 1276 4866 Cic.
1296 4818 1324 4865 de
1343 4817 1400 4865 Nat.
1420 4818 1490 4865 Deor.
1508 4815 1556 4877 111,
1575 4816 1619 4875 aa;
1638 4815 1727 4866 Arnob.
1745 4817 1797 4866 adv.
1817 4818 1875 4867 Nat.

689 4896 732 4954 w,
750 4896 791 4955 14,
803 4897 826 4946 1.
