5125 6150
691 834 758 900 220
1195 855 1369 903 cervinus.

691 1016 799 1082 locum
819 1014 1049 1082 Catullianum.
1076 1018 1209 1080 Ydereos
1228 1019 1311 1082 nihil
1330 1026 1394 1096 est,
1414 1020 1468 1084 sed
1480 1019 1589 1084 littera
1599 1023 1703 1105 prima
1714 1024 1880 1096 restituta,

695 1125 844 1206 Cydonem
878 1130 999 1197 monus,
1034 1143 1128 1186 nemo
1164 1134 1211 1186 est
1247 1127 1326 1208 quin
1354 1125 1540 1209 intellegat:
1573 1134 1648 1189 sunt
1678 1134 1734 1190 aut
1757 1134 1883 1190 montes

691 1227 857 1294 Cretenses
881 1227 1084 1313 generaliter,
1104 1242 1160 1292 aut
1180 1242 1304 1293 montes
1323 1233 1355 1293 in
1376 1234 1507 1315 regione
1526 1231 1615 1294 urhis
1635 1229 1796 1317 Cydoniae
1817 1234 1883 1295 siti.

737 1334 828 1412 Quod
852 1338 878 1397 si
902 1337 948 1397 ita
972 1350 1019 1397 est
1044 1334 1104 1398 hoc
1128 1334 1342 1410 adiectivum,
1364 1339 1459 1399 metri
1480 1336 1656 1400 condicioni
1676 1359 1738 1401 non
1758 1348 1882 1421 aptum,

690 1439 797 1504 locum
822 1446 906 1504 tenet
931 1438 1062 1503 alterius
1086 1439 1255 1516 adiectivi,
1279 1441 1318 1504 ad
1341 1441 1426 1525 quod
1449 1441 1629 1526 explicandi
1654 1441 1707 1507 vel
1734 1443 1883 1506 determi-

689 1545 786 1610 nandi
798 1565 892 1608 causa
903 1545 1098 1629 adscriptum
1112 1562 1190 1610 erat.
1211 1545 1384 1624 Quaeritur
1395 1547 1479 1630 quod
1492 1547 1591 1611 luerit
1602 1548 1661 1610 hoc
1673 1547 1881 1612 adiectivum.

736 1652 897 1718 Confundi
921 1674 939 1716 a
963 1650 1090 1717 Catullo
1113 1661 1257 1737 poterant
1283 1652 1345 1717 duo
1368 1662 1509 1729 montes,
1534 1654 1650 1737 quibus
1673 1675 1790 1719 nomen
1813 1662 1883 1718 erat

690 1757 877 1833 Dictaeum,
908 1779 982 1822 nam
1013 1780 1103 1821 mons
1139 1757 1289 1822 Dictaeus
1318 1759 1483 1823 dicebatur
1512 1780 1579 1824 esse
1609 1763 1642 1822 in
1665 1763 1796 1844 regione
1819 1756 1881 1844 Cy-

689 1864 863 1930 doneorum
897 1874 929 1927 et
963 1863 1003 1926 ad
1034 1867 1189 1927 orientem
1222 1885 1334 1928 versus
1365 1868 1470 1928 notior
1500 1868 1581 1929 situs
1612 1872 1679 1929 erat
1710 1864 1765 1929 ille
1788 1887 1883 1928 mons

689 1969 792 2034 Dicte.
824 1970 946 2033 Notum
977 1978 1023 2033 est
1056 1966 1291 2032 Callimachum
1315 1972 1349 2032 in
1373 1970 1495 2055 hymno
1519 1973 1553 2034 in
1577 1970 1712 2034 Dianam
1738 1992 1786 2034 vs.
1814 1968 1880 2032 199

688 2082 831 2141 montem
862 2073 956 2137 illurn
990 2074 1029 2138 de
1053 2095 1115 2158 quo
1145 2075 1290 2159 nympha
1320 2074 1524 2139 Britomartis
1546 2079 1579 2139 in
1603 2096 1691 2140 mare
1714 2073 1884 2139 desiluisse

688 2180 853 2245 dicebatur
875 2194 1017 2243 montem
1041 2180 1198 2242 Dictaeum
1222 2179 1449 2264 appellavisse:

1274 2283 1338 2349 ὅθεν
1363 2288 1535 2360 μετέπειτα
1562 2287 1696 2354 Κύδωνες

846 2388 971 2468 νύμφην
995 2389 1051 2465 μὲν
1073 2391 1236 2466 Δίκτνναν,
1260 2391 1321 2468 ἔρος
1346 2391 1373 2455 δ’
1397 2388 1461 2455 ὅθεν
1485 2391 1582 2465 ἥλατο
1605 2392 1730 2470 νύμφη,

848 2486 995 2559 Δικταῖον
1021 2496 1191 2572 καλέουσιν,

688 2610 720 2668 et
749 2602 829 2667 hanc
860 2602 900 2667 ob
932 2622 1060 2666 causam
1091 2623 1110 2664 a
1140 2600 1293 2665 Strabone
1316 2608 1362 2685 (p.
1388 2599 1467 2680 479)
1490 2605 1711 2687 vituperatum
1733 2622 1800 2665 esse
1825 2601 1880 2678 (cf.

688 2708 726 2772 de
759 2709 819 2772 hoc
848 2709 978 2772 nomine
1010 2706 1150 2770 Roschcr
1181 2706 1270 2769 Aust.
1303 2706 1379 2770 Lex.
1404 2707 1459 2770 der
1482 2705 1537 2771 Cr.
1562 2707 1628 2771 und
1652 2706 1752 2770 Rom.'
1768 2705 1879 2791 Myth.

688 2812 757 2878 Vol.
791 2813 805 2875 Ι
835 2811 894 2876 col.
927 2811 1018 2890 822).
1050 2812 1084 2874 In
1117 2812 1253 2875 eundem
1285 2833 1425 2876 errorem
1455 2812 1570 2876 incidit
1593 2823 1705 2876 auctor
1726 2814 1881 2876 carminis

688 2919 772 3005 quod
803 2916 886 2985 Ciris
916 2919 1111 2993 inscribitur,
1135 2921 1190 3002 qui
1215 2939 1263 2980 vs.
1289 2916 1355 2981 300
1378 2917 1587 2982 Britomartin
1610 2916 1805 3002 compellans
1829 2917 1881 2980 his

688 3029 793 3090 utitur
817 3023 942 3089 verbis:

845 3131 990 3194 mesas
1013 3151 1123 3215 ageres
1146 3130 1186 3193 ad
1210 3133 1358 3214 gramina
1381 3137 1454 3194 nota
1478 3130 1625 3214 capellas.

688 3235 844 3315 Quoniam
864 3242 989 3300 constat
1009 3235 1137 3300 doctum
1159 3233 1325 3301 Catullum
1346 3235 1442 3319 probe
1462 3233 1697 3301 Callimachum
1710 3236 1880 3320 cognitum

625 3423 629 3429 Ι
687 3341 835 3406 habuisse
859 3347 955 3425 atque
978 3338 1131 3404 nonnulla
1154 3343 1295 3404 carmina
1317 3343 1386 3404 eius
1409 3340 1523 3405 Latine
1546 3344 1695 3416 vertisse,
1717 3338 1881 3424 probabile

687 3455 735 3513 est
765 3469 840 3512 eum
870 3449 1131 3531 promunturium
1158 3444 1288 3522 Cretae,
1313 3446 1395 3530 quod
1418 3449 1531 3510 ceteris
1554 3447 1787 3530 prominentius
1811 3452 1880 3520 est,

687 3574 761 3617 cum
786 3550 914 3617 Catullo
938 3551 1087 3615 Dictaeos
1110 3557 1235 3616 montes
1259 3550 1479 3635 appellavisse.
1505 3549 1760 3617 Consentaneum
1783 3572 1879 3634 porro

686 3672 735 3723 est
758 3679 832 3722 eum
856 3660 1035 3721 narravisse
1059 3658 1215 3721 Ariadnae
1239 3678 1275 3720 ex
1295 3655 1402 3720 insula
1425 3655 1516 3720 Naxo
1535 3657 1587 3735 (cf.
1609 3656 1719 3721 Baehr.
1741 3659 1877 3741 interpr.

686 3763 725 3827 ad
751 3784 797 3825 vs.
823 3761 879 3841 52)
911 3763 1044 3826 evadere
1076 3765 1220 3847 cupienti
1250 3765 1393 3846 primum
1424 3761 1521 3825 huius
1552 3761 1675 3826 Dictaei
1698 3764 1819 3827 montis
1842 3765 1877 3824 in

686 3875 827 3932 mentem
851 3870 986 3931 venisse.

731 3972 829 4036 Hisce
852 3974 1002 4036 omnibus
1025 3976 1187 4057 perpensis
1211 3973 1349 4036 arbitror
1372 3970 1538 4037 Catullum
1563 3974 1742 4057 scripsisse:

844 4078 1023 4140 Dictaeoene
1045 4085 1151 4163 petam
1177 4075 1323 4142 montes?
1345 4099 1381 4153 a,
1405 4080 1537 4163 gurgite
1559 4076 1625 4142 lato

845 4182 1022 4247 discernens
1045 4186 1134 4266 ponti
1159 4183 1378 4248 truculentum
1402 4183 1458 4246 ubi
1481 4182 1596 4246 dividit
1618 4180 1753 4267 aequorl

686 4288 798 4353 deinde
833 4290 942 4349 virum
977 4286 1106 4350 doctum
1139 4288 1316 4371 quendam,
1353 4285 1543 4352 Callimachi
1575 4287 1744 4351 verborum
1780 4308 1880 4371 supra

683 4392 886 4458 laudatorum
911 4412 1104 4468 memorem,
1133 4392 1336 4476 adscripsisse
1359 4395 1392 4454 in
1416 4394 1562 4477 margine
1589 4394 1753 4475 Cydoneo-r,
1778 4392 1879 4456 huius

683 4505 792 4562 autem
813 4495 960 4562 vocabuli
979 4495 1122 4560 litteram
1140 4500 1279 4581 primam
1300 4518 1374 4560 cum
1396 4500 1538 4582 margine
1562 4506 1704 4561 extremo
1727 4499 1878 4581 periisse,

685 4610 755 4667 tum
787 4604 845 4667 hoc
877 4601 1069 4667 vocabulum
1101 4602 1293 4666 mutilatum
1323 4605 1356 4665 in
1386 4601 1491 4666 locum
1524 4605 1662 4666 nominis
1692 4602 1778 4687 quod
1807 4611 1878 4666 erat

683 4709 825 4771 Dictaeos
849 4710 981 4772 venisse.
1006 4706 1058 4771 Sic
1081 4714 1165 4772 certe
1188 4707 1282 4772 lectio
1306 4707 1394 4771 codd.
1419 4710 1611 4791 perspicitur
1634 4714 1666 4772 et
1684 4710 1878 4772 restitutum

684 4822 733 4877 est
755 4834 870 4877 nomen
895 4813 977 4895 quod
1001 4818 1034 4877 et
1057 4814 1161 4877 forma
1184 4820 1216 4876 et
1239 4834 1272 4876 re
1296 4812 1457 4896 probatur.

1178 4995 1371 5004 *—
