5125 6150
792 790 857 855 196
1300 805 1465 854 nummos.

792 973 905 1046 ἦνυνίρ
925 971 1100 1050 διασπασθῇ
1118 969 1206 1047 κοίγίο
1222 966 1322 1047 ι’ίσπερ
1342 967 1588 1045 ἅνδροφίνος
1609 971 1737 1043 καλίρν
1756 969 1861 1034 idco
1882 971 1976 1043 δίκην.

792 1074 1041 1161 Corrigendum:
1066 1073 1307 1153 ἀνδροφόνος
1331 1070 1445 1152 (troc)
1468 1074 1609 1148 καινίρν
1635 1073 1681 1138 aa
1706 1073 1831 1147 δίκην.
1855 1074 1918 1140 Sed
1940 1076 1979 1141 de

791 1202 827 1245 ea
850 1183 1043 1246 correctione
1066 1183 1130 1243 iam
1155 1179 1232 1243 alibi
1255 1200 1308 1243 me
1332 1178 1435 1242 dicere
1459 1180 1603 1242 memini.

835 1385 853 1468 ᾖ
875 1381 935 1446 51:
967 1383 1009 1458 τῷ
1040 1381 1164 1462 χρωτί
1189 1387 1241 1447 τοῦ
1267 1379 1362 1453 μύρου
1386 1379 1568 1459 οίςρνμίνοι.
1592 1379 1667 1445 Sine
1690 1402 1802 1458 senen:
1828 1380 1978 1467 Guyetue

791 1485 875 1567 ἔρωσι
907 1489 1055 1564 coniecit;
1080 1486 1165 1551 malo
1188 1485 1352 1571 equidem:
1376 1487 1418 1564 τῷ
1441 1485 1649 1564 χαρίεντι.

834 1688 934 1772 §52:
959 1688 1112 1764 προσιέναι
1137 1712 1172 1751 πε
1196 1684 1333 1750 ἐκέλευον
1356 1686 1408 1750 καί
1432 1686 1585 1764 ψαύειν
1608 1687 1694 1763 ἐμοῦ.
1728 1685 1978 1753 convenientius

788 1794 924 1858 verbum
947 1814 1015 1858 ense
1037 1793 1142 1857 indico
1166 1791 1408 1856 ατολαιίειν.

835 1995 927 2080 §biit
960 1995 1078 2059 κελεύει
1110 2019 1150 2070 με
1174 2002 1231 2059 τῶν
1255 1995 1382 2058 νιίτοον
1407 1995 1555 2073 μετέωρον
1579 1997 1757 2073 κομισθῆναι
1782 1992 1837 2072 ἔξω
1861 2004 1917 2067 τῆς
1941 1996 1979 2059 οί-

790 2102 872 2172 ιιίαι.
902 2101 1085 2166 Necessario
1117 2100 1290 2186 legendum
1315 2108 1380 2166 eet:
1405 2107 1463 2165 τῶν
1486 2101 1599 2166 ὤτοιν.
1625 2101 1724 2166 Plane
1748 2101 1833 2165 idem
1857 2104 1978 2165 vitium

790 2206 982 2292 deprehendi
1000 2209 1032 2269 in
1052 2204 1219 2291 Sophoclis
1238 2207 1354 2291 fragm.
1377 2206 1442 2272 619
1463 2214 1496 2272 et
1514 2211 1547 2272 in
1560 2208 1717 2272 Babriana
1729 2205 1835 2271 fabule
1848 2205 1901 2270 95.
1917 2205 1978 2284 593

789 2313 828 2377 cf.
853 2313 964 2376 Mnem.
991 2310 1074 2376 1881
1103 2333 1135 2395 p.
1160 2310 1236 2376 243.

1218 2498 1339 2579 Iupiter
1361 2500 1547 2583 consectatur.

833 2668 851 2750 ᾖ
875 2667 902 2731 l.
926 2665 1104 2751 supplebo:
1128 2665 1253 2746 χρυσίον
1278 2666 1330 2729 καί
1355 2666 1523 2742 βασιλείας
1545 2666 1648 2742 αίτῶν,
1669 2662 1748 2745 ι’ίπερ
1767 2668 1979 2732 εὐκταιότατα

790 2780 851 2843 τοῖς
877 2770 986 2843 ἄλλοις
1009 2772 1061 2836 καί
1086 2771 1131 2835 σοί
1154 2773 1187 2835 οὐ
1210 2771 1300 2853 ρ’ρίδια
1324 2774 1454 2849 (τοῖσι)
1478 2778 1666 2851 παρασχεῖν.

834 2972 924 3056 514.
961 2972 1074 3036 Pueris
1104 2973 1235 3037 fortaeee
1266 2970 1359 3036 utilis
1389 2971 1570 3036 adnotatio:
1601 2970 1701 3052 ἄμφω
1723 2972 1787 3050 γαρ
1810 2971 1938 3037 διίναται
1965 2972 1980 3036 ί

790 3076 941 3158 acerete.

835 3279 933 3363 §19:
965 3283 997 3344 oo
1023 3279 1105 3343 ποίνυ
1131 3278 1191 3345 οὐδ’
1217 3274 1311 3342 αὗται
1336 3277 1409 3342 ὑπὸ
1432 3286 1534 3358 zone&
1558 3276 1740 3359 Εἱμαρμένῃ
1764 3278 1979 3355 ἐγεννήθησαν.

787 3385 885 3449 Haud
908 3407 1022 3469 perum
1044 3384 1162 3449 melius
1186 3382 1386 3469 intelligam:
1413 3383 1479 3446 ἐπὶ
1504 3393 1617 3464 χρνςῇ.

1239 3519 1538 3597 (θοαίίνοιιοίααίιισ).

1242 3834 1285 3880 ΔΙ)
1308 3833 1531 3880 Puuuaucuuu.

837 3997 932 4062 Publ.
960 3996 1002 4061 12
1025 3996 1144 4076 (Sint).
1176 3992 1266 4061 Οἱίτιο
1291 3996 1321 4059 δὲ
1344 3995 1411 4072 περί
1436 3999 1541 4059 ταῦτα
1566 3995 1726 4070 δημοτικὸς
1751 3992 1912 4072 γενόμενος
1938 4018 1979 4057 νο

789 4103 920 4180 μοίέτιρς
940 4104 992 4165 καί
1014 4102 1133 4181 μέτριος
1155 4103 1184 4164 ἐν
1205 4103 1246 4180 τῷ
1267 4102 1380 4179 μετρίῳ
1399 4102 1454 4171 τίον
1473 4103 1620 4177 τιμωρίαν
1640 4102 1835 4180 ὑπερέτεινεν.
1856 4099 1977 4165 Sanum

790 4231 939 4275 essenon
958 4214 1062 4292 potent
1081 4208 1209 4284 μετρίῳ,
1230 4227 1332 4290 neque
1350 4213 1459 4270 temen
1479 4206 1639 4270 Schaeferi
1657 4208 1754 4292 probo
1766 4209 1979 4271 coniecturam

790 4316 819 4378 ἕν
850 4318 891 4392 τῷ
925 4315 1018 4392 μέρει.
1052 4312 1141 4391 Quod
1166 4333 1241 4376 vero
1266 4310 1459 4375 Sinteuieiue
1482 4313 1647 4395 proposuit
1671 4303 1701 4374 ἓν
1723 4311 1756 4375 τί
1781 4311 1901 4391 μέτριον
1925 4319 1980 4383 τῆς

789 4420 936 4497 τιμωρίαι
975 4440 994 4483 a
1033 4426 1158 4482 nostrae
1193 4417 1307 4480 aetatis
1342 4418 1413 4479 viro
1450 4416 1611 4493 ὑπερσίφῳ
1646 4419 1815 4481 inventum
1851 4414 1980 4480 dixeris.

792 4520 943 4606 Scripsit,
968 4532 1005 4587 ut
1029 4524 1151 4607 opinor,
1174 4520 1367 4584 Plutarchus
1392 4522 1422 4582 ἐν
1446 4523 1487 4599 τῷ
1511 4524 1555 4596 μίρ
1578 4523 1707 4598 μοτρίιρε
1729 4522 1900 4585 vehemens
1919 4521 1982 4584 fnit

791 4624 956 4690 Publicola
986 4630 1019 4690 in
1047 4625 1216 4692 coercenda
1238 4630 1271 4689 et
1295 4624 1457 4707 punienda
1479 4646 1513 4689 re
1536 4647 1617 4710 quae
1640 4625 1776 4690 modum
1799 4624 1980 4690 excederet:

791 4733 905 4793 statuit
927 4733 1013 4794 enim
1038 4732 1156 4796 indicte
1179 4750 1273 4796 cauea
1297 4728 1396 4793 occidi
1419 4750 1509 4814 posce
1532 4734 1588 4815 qui
1612 4752 1748 4816 regnum
1773 4731 1957 4796 affectasset.

1759 4835 1789 4901 J.
1813 4834 1841 4900 J.
1866 4835 1910 4900 H.

705 5269 887 5383 A
