5125 6150
697 796 739 859 34
1040 815 1081 861 on
1104 812 1309 861 insinueris
1332 811 1517 859 nunuoornr.

695 1000 758 1065 qua
792 977 916 1043 fabulae
949 977 1149 1043 tralationem
1183 1000 1200 1043 e
1234 977 1402 1064 Triphylia
1432 980 1465 1040 in
1495 973 1637 1061 Cyrenen
1671 981 1766 1061 atque
1798 975 1869 1040 iude

694 1087 728 1148 in
763 1085 950 1171 Aegyptum
985 1087 1061 1149 satis
1102 1090 1174 1168 apte
1216 1083 1372 1169 explicare
1413 1087 1548 1168 possent.
1590 1082 1745 1168 Legimus
1787 1081 1870 1168 apud

694 1189 898 1254 Franciscum
927 1188 1152 1255 Studniczkam
1168 1189 1190 1269 ¹)
1220 1193 1253 1254 in
1282 1189 1364 1254 libro
1393 1188 1564 1253 utilissimo
1588 1194 1620 1252 et
1642 1188 1870 1254 iucundissimo

695 1296 732 1361 de
756 1296 833 1361 urbe
856 1295 984 1381 Kyrene
1008 1297 1148 1361 condita:
1178 1296 1258 1372 „Ilin
1282 1293 1458 1360 deutlicber
1480 1294 1551 1381 Zug
1574 1293 1869 1380 peloponnesischen

693 1402 866 1467 Einflusses
895 1408 950 1482 (sc.
976 1406 1010 1466 iu
1039 1404 1173 1467 historia
1196 1402 1311 1467 tradita
1335 1401 1372 1466 de
1395 1401 1483 1465 urbis
1506 1399 1644 1488 Cyrenes
1668 1404 1807 1488 origine)
1829 1405 1870 1466 ist

694 1530 727 1573 es
750 1509 841 1584 auch,
866 1530 954 1573 wenn
975 1512 1006 1572 in
1029 1509 1083 1573 der
1102 1507 1272 1594 Telegonie
1292 1508 1346 1573 des
1365 1507 1568 1593 Eugammon
1588 1506 1638 1571 die
1658 1506 1870 1594 altminysche

693 1613 775 1699 Sego
798 1634 874 1678 vom
897 1613 1105 1678 Schatzraube
1128 1614 1181 1679 des
1205 1613 1400 1698 Trophonios
1424 1613 1488 1678 und
1511 1613 1690 1699 Agamedes
1708 1613 1801 1679 nicht
1820 1613 1875 1679 auf

694 1720 748 1784 dos
778 1718 970 1784 Schatzhaus
1002 1720 1055 1785 des
1085 1720 1242 1806 Hyrieus,
1272 1721 1405 1785 sondern
1429 1720 1488 1783 auf
1506 1720 1559 1784 das
1583 1719 1637 1783 des
1659 1720 1802 1806 Angeias
1823 1720 1870 1784 be

693 1846 789 1910 rogen
821 1826 909 1891 wird.
941 1825 1003 1890 Das
1034 1827 1089 1890 hat
1121 1830 1204 1890 aeine
1229 1825 1510 1890 Befremdlichkeit
1533 1824 1690 1901 verloren,
1717 1826 1870 1891 naohdem

694 1929 850 1995 Svoronos
880 1929 969 2014 (Gar.
996 1932 1088 1994 Arch.
1120 1930 1202 1995 1888
1226 1929 1300 1995 XIV
1324 1952 1353 2014 p.
1378 1930 1535 2015 257qu
1566 1953 1625 1994 uns
1649 1930 1775 1995 bolehrt
1799 1932 1869 2008 hat,

695 2039 752 2100 nie
776 2039 825 2100 ein
849 2044 910 2122 gut
934 2035 1033 2100 Stiick
1058 2036 1112 2101 der
1136 2059 1195 2100 von
1219 2036 1422 2121 Eugamnion
1448 2037 1673 2100 verarbeiteten
1698 2034 1871 2123 Odysseus

692 2162 768 2228 sege
791 2145 824 2206 in
847 2142 1005 2207 Arkadiiin
1029 2144 1182 2207 heimisch
1206 2164 1280 2219 war,
1305 2143 1370 2207 und
1393 2164 1475 2207 zuar
1497 2143 1612 2228 genade
1634 2146 1666 2205 in
1686 2142 1870 2220 Mantinea,

694 2249 799 2313 waher
831 2250 897 2313 sich
928 2247 978 2313 die
1010 2248 1174 2335 Kyreniier
1196 2252 1264 2313 eine
1289 2248 1477 2314 Gerieratiou
1502 2254 1606 2333 spiiter
1629 2249 1719 2313 ihren
1745 2246 1871 2313 Geseta·

693 2355 789 2440 geber
822 2353 985 2418 Demonax
1020 2355 1084 2418 und
1119 2354 1204 2418 wohl
1239 2356 1319 2419 auch
1354 2355 1412 2419 den
1446 2355 1526 2419 Zeus
1556 2354 1696 2440 Lykaion
1726 2353 1869 2419 holteu.”

692 2460 841 2524 Primum
863 2463 966 2546 igilur
989 2459 1029 2524 dc
1048 2460 1181 2524 Svoroni
1205 2461 1416 2545 disputatione
1441 2463 1501 2524 eris
1520 2461 1697 2545 agendum,
1718 2481 1753 2525 ac
1774 2458 1870 2525 simul

692 2569 852 2630 occasione
883 2565 989 2630 oblata
1020 2574 1092 2629 utar
1114 2573 1150 2629 ut
1174 2567 1211 2630 de
1235 2572 1301 2631 tota
1325 2565 1513 2651 Telegoniae
1537 2570 1668 2631 materie
1691 2573 1723 2631 et
1746 2587 1871 2651 compo

692 2675 805 2737 sitione
829 2673 982 2757 quaedam
1006 2672 1163 2737 adiiciam.

738 2780 875 2855 „Prooos
893 2801 965 2843 cum
987 2779 1194 2857 interfeceris,
1214 2782 1319 2864 inquit
1338 2778 1473 2845 Tiresias
1485 2779 1524 2844 ad
1537 2778 1698 2843 Ulixema
1714 2777 1777 2843 119
1790 2799 1869 2863 sqq,

693 2905 781 2948 remo
801 2892 907 2949 sumto
930 2892 1044 2949 terram
1064 2884 1234 2970 perlustra,
1256 2885 1353 2950 donec
1372 2889 1495 2951 veneris
1507 2884 1545 2950 ad
1558 2906 1625 2961 eos,
1638 2884 1755 2969 quibus
1767 2904 1869 2961 mare,

691 3011 802 3067 naves,
823 2994 903 3055 remi
922 2991 1013 3077 plano
1032 2994 1095 3055 sint
1118 2995 1239 3077 ignota.
1263 2992 1350 3077 Dabo
1375 2994 1433 3056 tibi
1457 2999 1579 3056 certum
1602 2991 1767 3074 indicium,
1793 3010 1868 3055 nam

690 3096 824 3162 simulac
843 3101 946 3163 viator
964 3098 1079 3182 aliquis
1095 3098 1211 3163 dixerit
1228 3099 1443 3164 ventilabrum
1460 3100 1593 3164 humero
1606 3107 1637 3163 te
1649 3107 1788 3184 gestare,
1807 3104 1869 3164 sta·

690 3207 750 3269 tim
769 3226 893 3269 remum
913 3208 946 3269 in
966 3213 1047 3270 terra
1065 3205 1176 3291 infige,
1197 3206 1423 3270 suovetaurilia
1441 3205 1589 3291 Neptuno
1608 3206 1681 3269 offer
1700 3229 1735 3268 oc
1753 3207 1868 3268 domum

689 3313 765 3386 redi,
785 3312 834 3373 aba·
850 3334 936 3374 sacra
946 3313 1056 3396 facias
1076 3314 1204 3375 ascaridae
1216 3313 1277 3375 diis
1289 3313 1500 3376 inaniortulibca
1512 3314 1564 3398 qai
1575 3313 1685 3376 coelum
1696 3311 1865 3377 iricoluntl’

734 3416 769 3480 ln
799 3416 986 3501 'Pelagoniae
1016 3425 1124 3482 autem
1154 3427 1242 3503 parte
1270 3421 1373 3504 priore
1396 3455 1438 3466 —
1461 3441 1536 3483 nam
1559 3416 1670 3484 Proclo
1695 3425 1776 3482 teste
1799 3425 1867 3483 erat

689 3521 791 3586 divisa
814 3526 846 3586 in
865 3523 961 3588 libros
981 3524 1059 3588 duos
1080 3562 1120 3572 —
1141 3523 1279 3610 legimus
1300 3525 1392 3589 haec:
1416 3524 1544 3601 „Procis
1562 3525 1737 3588 interfectis
1758 3521 1867 3588 ’Odae-

689 3629 758 3699 τεὺς
782 3629 875 3700 θύτας
895 3629 1047 3711 Νύμφαις
1069 3631 1110 3700 εἷς
1126 3629 1220 3694 Ἦλιν
1241 3635 1379 3695 dronae?
1397 3630 1635 3708 ἐπισκεψόμενος
1652 3630 1695 3693 τὰ
1713 3629 1865 3707 βουκόλια

689 3736 740 3797 καὶ
763 3734 911 3815 ξενίζεται
939 3737 1024 3815 ταρὰ
1049 3735 1204 3816 Πολυξένῳ
1230 3735 1315 3816 δῶρον
1339 3761 1374 3800 τε
1397 3736 1558 3812 λαμβανεν
1582 3744 1716 3815 κρατῆρα
1740 3734 1791 3799 καὶ
1813 3735 1864 3800 ἐπὶ

688 3841 783 3918 τούτῳ
814 3842 855 3904 τα
886 3841 951 3920 περὶ
983 3844 1152 3920 Τροφώνιον
1181 3843 1231 3906 καὶ
1258 3843 1439 3920 Ἀγαμήδην
1466 3844 1518 3907 καὶ
1546 3843 1692 3919 Αὐγείαν.
1718 3839 1864 3905 ἔπειτα

688 3949 745 4016 εἰς
777 3947 930 4020 Ἰθάκην
961 3949 1276 4025 καταπλεύσας,
1309 3950 1380 4019 τὰς
1412 3949 1483 4012 ὑπὸ
1506 3949 1719 4027 Τειρεσίου
1742 3949 1866 4028 ῥηθεί-

687 4078 758 4123 σας
794 4062 910 4117 τελεῖ
942 4054 1103 4125 desid
1136 4059 1157 4118 i.
1172 4075 1216 4123 e.:
1254 4055 1394 4131 „Deinde
1424 4056 1566 4120 Ithacam
1597 4075 1744 4120 reversus
1773 4075 1862 4120 sacra

685 4159 775 4236 facit,
796 4180 874 4245 quae
893 4160 1048 4225 coelicolis
1068 4161 1174 4225 offerre
1194 4160 1330 4226 Tiresias
1348 4183 1422 4227 eum
1441 4162 1608 4226 iusserat.”
1632 4162 1862 4242 Quondovero,

686 4273 777 4349 rogat
807 4265 982 4342 Svoronos,
1011 4268 1142 4332 domum
1166 4268 1266 4333 redire
1289 4274 1320 4332 et
1345 4269 1516 4333 sacrificare
1540 4266 1691 4332 debebat?
1714 4264 1861 4342 Scilicet,

685 4392 758 4434 oum
782 4372 942 4437 hominem
965 4377 1134 4437 invenisset
1159 4377 1213 4458 qui
1238 4396 1342 4439 rerum
1366 4377 1601 4439 maritimarum
1625 4393 1752 4458 prorsus
1779 4378 1864 4438 esset

684 4478 823 4561 ignarus.
860 4478 960 4556 Quare
995 4483 1022 4543 si
1057 4482 1122 4544 iam
1158 4504 1233 4543 νανν
1262 4480 1404 4545 Ithacam
1436 4483 1553 4544 reverti
1583 4487 1614 4544 et
1644 4499 1731 4543 sacra
1761 4479 1864 4544 facere

684 4587 806 4663 potest,
830 4603 953 4647 necesse
977 4591 1025 4649 est
1048 4588 1080 4648 in
1104 4585 1303 4666 Peloponneso
1326 4587 1487 4650 hominem
1511 4585 1604 4650 illum
1628 4586 1797 4649 invenerit.

728 4685 779 4750 Sic
801 4688 903 4772 igitur
926 4689 1114 4776 Telegoniae
1137 4695 1273 4776 priorem
1299 4698 1420 4776 partem
1444 4693 1650 4776 compositam
1671 4691 1768 4754 fuisse
1788 4687 1865 4755 Svo

717 4932 743 4992 l)
763 4932 856 4995 Kyrene
873 4932 925 4981 eine
942 4933 1120 4995 sltgriechieohe
1137 4936 1222 4984 settin
1243 4936 1307 4984 1890
1323 4953 1346 5001 p.
1366 4939 1420 4984 lan.
