5125 6150
1142 804 1281 852 sacrans.
1735 785 1798 851 193

665 968 872 1053 Perspicuum
893 971 997 1054 magis
1016 972 1064 1032 θεῖ
1082 969 1166 1053 quod
1185 967 1307 1053 legitur
1318 967 1401 1053 apud
1413 966 1601 1034 Suetonium
1615 966 1726 1034 Claud.
1740 968 1798 1032 24:

663 1073 896 1159 (Triumphalia
916 1080 1099 1138 ornamenta
1118 1081 1184 1138 tam
1204 1073 1296 1139 facile
1316 1073 1414 1153 dedit)
1433 1080 1471 1137 ut
1491 1073 1624 1159 epistola
1636 1075 1800 1138 communi

616 1178 782 1264 legionum
811 1183 938 1245 nomine
969 1182 1127 1245 exstiterit
1158 1184 1354 1265 petentium,
1385 1185 1423 1243 ut
1444 1177 1562 1266 legatis
1583 1180 1801 1244 consularibus

617 1285 716 1349 simul
745 1308 820 1350 cum
852 1289 992 1350 exercitu
1023 1293 1055 1350 et
1085 1286 1295 1371 triumphalia
1325 1286 1476 1352 darentur
1506 1308 1544 1351 ne
1573 1307 1700 1352 causam
1725 1285 1800 1352 belli

619 1413 745 1477 quoquo
769 1392 862 1457 modo
886 1398 1081 1478 quaererent.

664 1497 725 1561 Sed
756 1501 857 1562 risum
889 1506 1021 1584 uterque
1053 1503 1162 1563 movet
1192 1500 1297 1584 magis
1328 1519 1423 1584 quam
1455 1502 1510 1584 qui
1534 1520 1676 1584 unquam
1700 1501 1800 1562 risum

619 1606 777 1688 captarit,
813 1604 890 1668 dum
925 1611 1089 1690 tamquam
1121 1604 1241 1669 factum
1272 1605 1479 1670 memorabile
1510 1605 1606 1671 refert
1635 1604 1801 1670 scurrilem

618 1707 879 1794 petulantemque
909 1710 1054 1774 militum
1085 1713 1201 1776 iocum.
1234 1710 1318 1774 Nam
1349 1714 1435 1776 iocus
1466 1711 1522 1777 ille
1546 1712 1627 1789 fuit,
1651 1712 1801 1796 paucissi-

619 1837 747 1880 morum
771 1817 901 1880 fortasse
921 1816 1083 1894 militum,
1108 1816 1193 1881 haud
1217 1815 1385 1882 dissimilis
1407 1816 1456 1881 illi
1480 1838 1541 1902 quo
1564 1825 1672 1902 postea
1696 1816 1801 1880 Traia·

618 1944 696 1986 num
718 1921 856 1986 ludibrio
879 1922 1059 1986 habuehunt
1082 1930 1187 2007 patres
1211 1926 1392 2009 conscripti.
1423 1923 1506 1988 Nam
1530 1944 1604 1988 cum
1627 1921 1801 1988 identidem

616 2027 724 2092 literas
755 2028 914 2092 laureatas
945 2049 963 2092 a
994 2031 1135 2113 principe
1165 2031 1358 2114 acciperent,
1390 2050 1491 2114 neque
1522 2032 1726 2114 pronuntiare
1750 2025 1801 2093 vel

618 2137 774 2198 memoria
803 2137 938 2199 retinere
968 2142 1095 2217 possent
1125 2135 1255 2199 barbara
1285 2137 1412 2200 nomina
1435 2137 1601 2222 gentium,
1626 2156 1705 2220 quas
1728 2156 1746 2199 a
1768 2154 1801 2198 εθ

619 2239 758 2304 devictas
796 2238 851 2304 ille
891 2240 1078 2317 nuntiabat,
1119 2238 1432 2304 senatusconsultum
1474 2242 1596 2305 factum
1639 2248 1704 2306 est:
1743 2244 1801 2316 „ut

617 2344 771 2409 Traianus
803 2345 840 2409 de
873 2353 951 2430 quot
981 2347 1158 2431 quibusque
1189 2349 1256 2431 ipse
1288 2345 1385 2412 vellet
1416 2346 1542 2433 populis
1566 2346 1799 2432 triumpharet''

536 2445 539 2450 ’
619 2450 693 2529 (Dio
717 2449 752 2517 Ο.
779 2451 831 2528 68,
845 2451 912 2531 29).

663 2557 753 2622 Idem
777 2558 982 2622 statuendum
1007 2558 1135 2623 videtur
1158 2557 1196 2623 de
1219 2557 1287 2623 loco
1311 2558 1353 2623 H.
1377 2558 1418 2637 II,
1444 2558 1504 2624 91:

665 2663 836 2739 „Veniebat
858 2667 891 2728 in
915 2670 1061 2729 senatum
1086 2663 1272 2745 (Vitellius),
1298 2668 1395 2730 etiam
1419 2688 1493 2730 cum
1517 2668 1623 2751 parvis
1645 2665 1684 2731 de
1707 2667 1800 2731 rebus

617 2777 721 2854 patres
741 2770 993 2849 consulerentur3
1015 2792 1050 2834 ac
1069 2771 1150 2834 sorte
1169 2771 1299 2835 Priscus
1315 2769 1504 2850 Helvidius,
1521 2780 1646 2857 praetor
1657 2772 1800 2858 designa

617 2883 687 2952 tus,
713 2886 820 2941 contra
842 2877 985 2940 studium
1009 2879 1078 2940 eius
1102 2882 1275 2941 censuerat.
1301 2875 1489 2943 Commotus
1508 2881 1613 2963 primo
1633 2877 1798 2957 Vitellius,

616 3003 677 3045 non
713 2989 818 3047 tamen
855 2981 940 3046 ultra
974 3004 1071 3066 quam
1106 2983 1250 3047 tribunos
1285 2981 1387 3067 plebis
1421 2986 1455 3047 in
1485 2984 1643 3049 auxilium
1675 2990 1798 3069 spretae

616 3092 782 3172 potestatis
814 3092 957 3153 vocavit:
991 3112 1065 3154 mox
1089 3090 1316 3175 mitigantibus
1339 3093 1468 3168 amicis,
1492 3094 1557 3177 qui¹
1571 3091 1717 3156 altiorem
1740 3093 1798 3155 ira·

616 3195 763 3259 cundiam
794 3199 862 3260 eius
896 3196 1097 3273 verebantur,
1129 3196 1210 3260 nihil
1240 3200 1314 3261 novi
1338 3197 1487 3262 accidisse
1512 3198 1689 3284 respondit,
1713 3197 1796 3283 quod

616 3300 678 3364 duo
714 3310 871 3366 senatores
903 3304 937 3365 in
972 3323 1005 3366 re
1040 3302 1167 3387 publica
1202 3302 1423 3368 dissentirent:
1465 3303 1599 3369 solitum
1630 3325 1663 3369 se
1698 3306 1796 3369 etiam

614 3405 769 3471 Thraseae
792 3408 1036 3473 contradicere'’.

659 3514 781 3578 Revera
809 3514 1004 3600 lepidissime
1035 3518 1158 3579 iocatus
1182 3521 1229 3580 est
1252 3514 1404 3581 Vitellius
1428 3518 1739 3602 urbanissimumque
1763 3537 1795 3581 se

615 3624 789 3706 praestitit,
826 3643 945 3706 neque,
982 3629 1019 3684 ut
1050 3624 1170 3706 opinor,
1204 3628 1280 3686 tunc
1311 3630 1412 3698 certe,
1443 3631 1510 3687 erat
1540 3644 1596 3688 cur
1625 3626 1794 3709 quisquam

614 3728 750 3790 altiorem
782 3731 849 3804 eius
880 3728 1067 3791 iracundiam
1099 3735 1270 3792 vereretur.
1305 3727 1393 3808 Quod
1416 3736 1523 3794 autem
1549 3729 1719 3795 Thraseam
1743 3730 1795 3794 hic

613 3836 818 3917 potissimum
850 3837 1010 3910 nominat,
1042 3855 1178 3919 quocum
1210 3833 1287 3899 olim
1312 3834 1486 3920 disceptare
1509 3838 1551 3900 sit
1573 3835 1702 3914 solitus,
1727 3835 1796 3899 nul·

612 3939 677 4004 lam
701 3939 798 4004 aliam
822 3941 861 4004 ob
884 3961 1012 4005 causam
1036 3939 1117 4003 illud
1140 3940 1176 4004 fit
1200 3961 1296 4026 quam
1320 3941 1401 4025 quod
1422 3944 1524 4027 ipsius
1543 3928 1687 4006 Helvidii
1708 3962 1795 4006 socer

613 4045 668 4110 ille
692 4047 763 4109 fuit.
788 4047 972 4110 Admodum
997 4067 1072 4132 ergo
1095 4049 1202 4132 inepte
1226 4049 1264 4112 ab
1290 4048 1439 4114 historico
1463 4050 1540 4113 haec
1563 4049 1741 4113 adduntur:

658 4152 786 4217 Irrisere
818 4152 961 4237 plerique
991 4154 1227 4238 impudentiam
1259 4154 1481 4219 aemulationis
1489 4174 1497 4230 ;
1529 4153 1599 4218 aliis
1629 4154 1663 4218 id
1685 4157 1793 4239 ipsum

611 4257 769 4343 placebat,
802 4260 885 4344 quod
915 4261 1076 4324 neminem
1106 4281 1145 4324 ex
1175 4262 1451 4346 praepotentibus,
1483 4260 1536 4325 sed
1560 4258 1729 4326 Thraseam
1754 4259 1794 4325 ad

611 4365 774 4450 exemplar
798 4386 890 4430 verae
913 4366 1033 4450 gloriae
1055 4365 1197 4453 legisset.

656 4471 736 4535 Tam
764 4493 910 4536 severum
936 4475 1140 4557 scriptorem,
1165 4481 1231 4537 tam
1255 4493 1369 4559 parum
1394 4479 1506 4558 aptum
1528 4475 1605 4537 iocis
1628 4471 1680 4537 vel
1702 4469 1793 4536 intel·

608 4575 747 4662 ligandis
779 4577 830 4642 vel
862 4578 1025 4643 narrandis
1056 4583 1111 4644 vix
1143 4578 1294 4643 credibile
1325 4587 1374 4644 θεῖ
1403 4599 1544 4663 unquam
1568 4577 1713 4663 populari
1735 4575 1793 4640 illa

608 4680 759 4766 loquendi
790 4685 910 4748 ratione
942 4705 1037 4748 usum
1069 4705 1152 4760 esse,
1177 4704 1239 4769 qua
1262 4704 1354 4768 saepe
1378 4683 1504 4768 aliquod
1530 4681 1722 4747 vocabulum
1746 4684 1792 4746 ita

609 4792 758 4873 ponimus
791 4797 827 4853 ut
859 4793 965 4875 quivis
994 4788 1157 4875 intelligat
1187 4811 1245 4854 nos
1275 4788 1358 4853 illud
1388 4810 1449 4853 non
1481 4790 1665 4873 quotidiano
1696 4810 1791 4854 sensu

609 4916 668 4958 suo
699 4896 753 4959 sed
785 4899 891 4980 potius
922 4898 1078 4961 contrario
1105 4898 1205 4979 accipi
1235 4893 1334 4960 velle:
1358 4896 1518 4974 „ironice”
1544 4903 1614 4960 tum
1636 4894 1725 4981 loqui
1748 4894 1791 4960 di·

1614 5018 1647 5067 14
