5125 6150
1145 820 1188 866 ΔΙ)
1210 819 1439 866 ssfflrorusnus
1462 818 1597 864 Put'rttl.

1025 987 1098 1061 ἡμῖν
1119 986 1184 1064 γὰρ
1206 986 1331 1061 ἀγαθῶν
1355 986 1446 1061 aspir
1470 985 1512 1055 οἷς
1535 986 1590 1057 την
1612 984 1708 1049 οὶκίαν

913 1089 979 1156 805
1026 1092 1265 1156 ἐπεσπέπαικεν
1287 1090 1371 1155 οὐδὲν
1393 1092 1572 1165 ἠδικηκόσιν.

912 1197 999 1263 805*
1023 1196 1098 1262 οὗτοι
1121 1198 1156 1261 τὸ
1179 1207 1323 1262 πλουτεῖν
1346 1198 1429 1261 ἐστιν
1453 1198 1506 1270 ἡδὺ
1531 1198 1668 1275 πρᾶγμά
1692 1220 1733 1261 τι.

777 1305 825 1371 De
848 1305 964 1370 ultimo
987 1326 1081 1370 versu
1103 1307 1289 1390 priusquam
1309 1303 1526 1390 disputemus,
1546 1308 1666 1390 priores
1684 1303 1762 1390 quid
1780 1304 1969 1390 significent

776 1415 860 1478 inter
889 1434 945 1477 nos
974 1418 1098 1477 constet
1128 1432 1254 1476 necesse
1285 1418 1342 1476 est.
1372 1412 1434 1476 Pro
1457 1412 1600 1494 affluendi
1622 1410 1675 1476 vel
1696 1412 1842 1474 abundi
1863 1413 1968 1477 verbo

776 1519 892 1584 fortius
922 1520 1021 1583 etiam
1051 1517 1210 1604 quoddam
1240 1539 1324 1583 uunc
1347 1517 1525 1594 adhibetur,
1549 1518 1634 1603 quod
1658 1517 1732 1595 telo,
1755 1518 1855 1594 loeti,
1878 1518 1967 1581 cladi

777 1647 853 1690 cum
881 1627 916 1688 vi
946 1625 1124 1706 irrumpenti
1153 1627 1245 1689 unice
1276 1630 1325 1689 est
1355 1630 1485 1709 aptum;
1518 1626 1563 1688 sic
1586 1631 1696 1688 autem
1718 1636 1852 1709 paratur
1873 1627 1969 1689 iocus

778 1734 833 1818 qui
855 1734 939 1796 inssi
961 1733 1128 1816 participio
1153 1729 1331 1805 ἠδικηκόσιν.
1362 1731 1498 1794 [montes
1521 1731 1553 1793 ιἰι
1574 1753 1628 1793 noc
1650 1730 1760 1806 imit,
1784 1731 1869 1793 nisit
1893 1754 1971 1794 con·

778 1845 918 1902 ικστσιιὶοι
947 1860 1000 1901 σοι
1031 1837 1143 1920 afflixit
1172 1837 1261 1900 melea
1382 1833 1562 1902 malorum?
1584 1839 1685 1901 immo
1707 1835 1864 1900 bmnn!
1895 1836 1970 1904 Hoc

779 1945 902 2011 scilicet
924 1951 973 2010 est
994 1942 1079 2008 illud
1102 1947 1233 2022 ,weris
1256 1944 1315 2008 ὑπὸ
1338 1950 1397 2008 τῶν
1418 1943 1577 2020 cracow

823 2051 885 2131 Qui
906 2052 994 2116 iocus
1013 2071 1075 2115 nou
1094 2050 1182 2138 fugit
1200 2050 1395 2127 burianum,
1415 2071 1488 2114 nam
1508 2049 1676 2115 Timonem
1695 2071 1792 2114 suum
1811 2049 1866 2114 hic
1887 2050 1969 2116 fecit

778 2158 856 2224 talia
885 2160 1128 2222 mussitantem:
1162 2158 1331 2235 1,πειστέοη
1362 2152 1382 2220 ὦ
1414 2160 1530 2237 Ἑρμῆ,
1560 2156 1614 2221 καὶ
1642 2150 1727 2227 αὖθις
1755 2157 1970 2230 πλουτητέον·

780 2266 813 2330 τί
842 2264 906 2344 γὰρ
937 2263 974 2329 ἂν
1005 2256 1060 2329 xci
1091 2265 1180 2328 πάθοι
1204 2288 1270 2342 τις,
1299 2262 1390 2329 ὁπότε
1414 2265 1439 2329 οἱ
1463 2264 1519 2328 θεοὶ
1542 2261 1697 2343 βιάζοιντο
1705 2283 1714 2340 ;
1738 2265 1820 2338 πλὴν
1843 2261 1902 2344 οόι
1927 2289 1969 2342 γε

779 2373 822 2445 εἷς
853 2366 903 2436 obt
933 2395 974 2448 με
1006 2371 1186 2451 πράγματα
1217 2369 1392 2447 ἐμβάλλεις
1424 2373 1475 2435 τὸν
1505 2371 1733 2448 κακοδαίμονι,
1756 2366 1789 2442 ὃς
1812 2367 1890 2451 ἄχρι
1917 2376 1970 2436 νῦν

780 2476 1043 2554 εὐδαιμονέστατα
1075 2476 1189 2554 διοίγων
1220 2479 1368 2556 χρυσὸν
1399 2476 1511 2555 σἰΦνιι
1547 2483 1740 2542 τοσοῦτον
1773 2477 1968 2555 ληψομαι

780 2584 891 2650 οὐδὲν
914 2583 1149 2658 dissices?
1175 2621 1217 2631 -
1241 2583 1303 2649 Sed
1326 2582 1513 2649 scholiastae
1536 2606 1598 2649 uon
1621 2582 1846 2649 intellexerunt
1865 2586 1970 2651 verbs

779 2694 910 2770 comici;
935 2713 1035 2777 neque
1054 2690 1139 2777 apud
1157 2693 1346 2756 recentiores
1365 2711 1478 2756 verum
1499 2693 1637 2776 reperio,
1656 2689 1732 2755 licet
1750 2690 1887 2755 Luciani
1911 2691 1970 2760 ills

779 2799 869 2865 locus
891 2798 1014 2863 dudum
1037 2801 1079 2862 sit
1102 2797 1247 2863 collatus.

823 2905 916 2970 Nunc
944 2903 1037 2969 redeo
1067 2904 1107 2969 ad
1137 2902 1349 2981 versiculum,
1377 2906 1469 2968 cuius
1492 2924 1586 2968 causa
1608 2904 1688 2968 hauc
1711 2903 1967 2989 disputationem

777 3012 907 3077 institui
915 3059 923 3089 ,
955 3009 1052 3076 805⁸.
1084 3009 1131 3074 De
1161 3031 1224 3096 quo
1254 3008 1393 3074 scholia:
1425 3009 1622 3087 „alleviares
1645 3011 1659 3074 i
1683 3008 1834 3089 1ομβος.”
1866 3011 1969 3080 Hunc

779 3127 888 3184 autem
907 3126 1068 3182 auctorem
1088 3125 1215 3182 secutus
1235 3116 1374 3203 Bentley
1393 3115 1512 3182 delevit
1532 3121 1716 3182 trimetrum
1729 3116 1969 3197 „diracinrcv”,

779 3228 872 3310 eique
902 3222 1089 3308 adstipulati
1118 3231 1194 3289 sunt
1225 3226 1431 3300 recentiores,
1463 3246 1523 3288 uon
1556 3231 1702 3310 rogantes
1728 3224 1808 3288 uude
1832 3225 1968 3290 tandem

778 3334 915 3417 irrepere
937 3331 1103 3415 potuisset.
1128 3328 1189 3394 Sed
1212 3329 1316 3395 multo
1338 3328 1479 3394 melioris
1502 3329 1607 3417 frugis
1630 3340 1705 3395 suut
1724 3351 1803 3415 quae
1824 3334 1859 3394 in
1878 3332 1970 3397 scho

779 3435 832 3500 liis
862 3435 1038 3501 adduntur:
1074 3436 1112 3513 ,t
1145 3435 1217 3515 πρὸς
1248 3436 1290 3499 τὰ
1314 3434 1393 3500 ἅνω·
1419 3484 1427 3514 ,
1452 3436 1504 3499 sal
1528 3442 1634 3501 τοῦτο
1657 3437 1749 3515 μηδὲν
1773 3433 1969 3513 ἐξενεγκόντ’

779 3542 898 3607 οἴκοθεν’
933 3548 994 3620 (vs.
1026 3541 1138 3621 803)”.
1173 3542 1257 3606 Nam
1293 3564 1401 3608 revera
1437 3542 1508 3623 πρὸς
1543 3543 1586 3608 τὰ
1619 3541 1680 3607 civo
1716 3564 1799 3607 nunc
1834 3547 1969 3630 respicit

781 3647 889 3725 Cario,
914 3670 977 3712 uon
1001 3657 1106 3713 tamen
1129 3648 1168 3713 ad
1187 3670 1314 3713 versum
1336 3648 1401 3713 803
1421 3650 1476 3714 sed
1495 3650 1535 3714 ad
1557 3671 1683 3715 versum
1705 3649 1781 3714 802.
1806 3649 1849 3714 Et
1869 3653 1970 3736 aptis·

781 3758 864 3820 sima
893 3776 960 3819 esse
991 3755 1068 3820 haec
1098 3758 1167 3820 eius
1191 3756 1286 3821 verba
1309 3755 1400 3821 facile
1423 3758 1597 3842 apparebit,
1621 3756 1716 3822 modo
1739 3779 1791 3820 cao
1815 3757 1879 3820 loco
1906 3757 1969 3823 col-

779 3860 934 3927 locentur.
966 3860 1049 3925 Nam
1073 3862 1135 3924 loco
1154 3870 1247 3925 nectua
1271 3870 1320 3927 est
1342 3860 1455 3939 ἄλογοι
1479 3864 1531 3928 hic
1555 3867 1709 3941 trimeter,
1733 3885 1793 3927 non
1816 3866 1968 3949 ineptus,

780 3989 842 4032 nou
873 3969 1011 4053 spurius.
1043 3966 1177 4031 Enarrat
1208 3965 1301 4034 (lario
1333 3969 1451 4033 farinae
1483 3972 1552 4034 vini
1576 3972 1727 4054 pecuniae
1749 3971 1854 4054 copias
1877 3973 1970 4035 insn-

781 4076 928 4150 haustas‚
960 4072 1021 4138 olei
1053 4076 1209 4159 unguenti
1239 4073 1371 4139 ficorum
1400 4075 1642 4155 abundantiam,
1667 4097 1816 4141 vasorum
1840 4097 1970 4142 novum

781 4178 997 4265 splendorem,
1028 4179 1167 4244 culinam
1198 4181 1389 4258 eburneam,
1422 4182 1556 4267 danique
1587 4183 1627 4247 ad
1658 4204 1715 4247 sua
1746 4185 1847 4268 ipsius
1884 4205 1970 4269 quae

781 4285 916 4372 plurimi
951 4286 1026 4351 facit
1056 4287 1222 4353 commoda
1253 4285 1401 4374 delapsus
1433 4290 1553 4367 „aurcis
1577 4289 1657 4372 ιὀιιι”
1682 4329 1724 4339 -
1748 4293 1859 4354 ait-
1886 4316 1971 4374 „par

780 4393 878 4475 impar
908 4392 1037 4456 ludimus
1067 4393 1177 4457 ceroi.’'
1210 4393 1363 4459 Potestne
1386 4398 1490 4460 maius
1513 4396 1590 4481 quid
1612 4394 1707 4461 addi?
1731 4395 1839 4460 Unum
1863 4400 1970 4464 etiam

779 4507 903 4585 potest:
944 4500 1059 4577 „ollio,
1098 4502 1203 4581 dapem
1237 4501 1362 4564 omnium
1393 4502 1478 4582 lonpc
1509 4502 1790 4580 delicatieacmcm,”
1824 4540 1865 4550 -
1901 4528 1968 4571 uon

781 4610 865 4671 enim
897 4605 1050 4671 Horatius
1080 4605 1134 4671 sed
1158 4604 1250 4672 Cario
1273 4615 1321 4671 est
1343 4610 1371 4672 is
1394 4611 1449 4693 qui
1464 4607 1613 4694 ¹loquitur
1637 4647 1679 4657 —
1705 4631 1784 4686 „non
1806 4609 1868 4671 iam
1888 4613 1970 4691 pulc

782 4720 884 4775 metra
914 4714 1049 4777 habemus
1079 4714 1189 4794 clipea,
1215 4713 1268 4779 sed
1374 4717 1511 4795 (οὶνοιγκη
1535 4716 1597 4796 γὰρ
1621 4720 1671 4779 νῦν
1695 4715 1911 4781 &euricircias
1938 4720 1969 4783 ἕν

783 4815 949 4898 ἆνοοιδέσιν)
971 4819 1036 4882 culo
1051 4819 1187 4901 potiaa'’.

825 4921 876 4987 Sic
907 4931 1076 5011 postquam
1105 4934 1218 4991 cuncta
1247 4947 1347 4993 novae
1379 4930 1598 5014 prosperitatis
1622 4928 1739 4994 indicia
1761 4935 1969 5000 enumeravit
