5125 6150
1234 821 1325 873 xvm

682 1000 878 1097 Φραγκενίον
906 994 1094 1096 τριποθῆτον
1122 993 1192 1093 ἐμοὶ
1220 975 1319 1093 δείρί,
1348 985 1531 1067 Αὐσονιοίων

684 1127 847 1210 Μονσοίων
876 1126 944 1233 ἔρρ’
970 1134 1104 1231 ἡνίοχος
1131 1121 1152 1230 ᾗ
1181 1129 1301 1204 πολλδν
1334 1125 1487 1227 οίμείνων.

684 1269 825 1370 Πιερίδες
851 1263 916 1369 γολρ
943 1263 1072 1369 έχονσιν
1100 1267 1170 1367 ἐμοὶ
1198 1260 1279 1343 πολὺ
1309 1258 1429 1364 μειζον
1457 1271 1578 1364 ἴυγγα,

684 1412 724 1479 αί
748 1400 775 1478 θ’
800 1401 975 1493 Ἑλικῶνος
1001 1399 1136 1506 έχονσαι
1164 1396 1334 1502 Ὀλίιμπον
1361 1395 1390 1475 τ’
1421 1392 1501 1476 αι’ποί
1529 1395 1661 1500 κοίρηνα

683 1547 776 1634 πεζαὶ
802 1539 881 1642 πρδς
907 1536 1058 1630 Δαναοὺς
1084 1533 1116 1622 τέ’
1145 1533 1288 1642 οίρμασιν
1318 1538 1351 1613 ἓν
1380 1536 1575 1638 κατέβαινον

684 1683 851 1756 κλειόνοαί
877 1708 909 1752 τε
938 1673 1027 1766 θεοὺς
1057 1675 1116 1760 τίδὲ
1144 1680 1266 1764 θνητῶν
1295 1669 1378 1750 κλέέ
1406 1673 1548 1777 οίνδρῶν.

685 1946 822 2043 Μούσας
848 1965 982 2053 τιμῆσαι
1011 1956 1116 2057 βροτῷ
1144 1948 1232 2048 οἷνέρι
1261 1945 1340 2037 ιηδθ
1370 1949 1518 2027 τέτυκται

683 2087 806 2192 τέργον,
835 2088 852 2164 ί
878 2085 905 2164 τ’
933 2085 969 2164 οὐ
997 2088 1096 2192 τέρδοι
1125 2118 1179 2163 κεν
1210 2082 1341 2189 σ”ίμεινον
1370 2086 1390 2169 ἢ
1421 2091 1465 2188 εί,
1493 2083 1591 2190 μοίλα
1620 2088 1714 2188 τίδρις

687 2220 792 2316 αι’νδνῖς
822 2219 862 2308 ἣν
892 2235 995 2325 ίεσαν,
1024 2225 1104 2301 νοέοι
1133 2223 1229 2300 νοέειν
1258 2255 1290 2300 τε
1319 2219 1472 2301 διδοίσκοι

687 2356 809 2452 οίλλονς
837 2359 1013 2464 οἷτρεκέως,
1041 2356 1065 2437 οί
1089 2393 1122 2437 τε
1148 2356 1287 2438 δελτοισ’
1315 2357 1569 2465 ἐγκεχοίρακται.

688 2493 802 2587 Ποίοης
830 2498 872 2582 δὴ
902 2503 1013 2599 σοφίης
1041 2496 1272 2601 α’ρχαιολέγοιο
1301 2497 1452 2599 θέμεθλον

688 2634 926 2740 γραμματικὴν
959 2635 1082 2711 δοκέων
1111 2678 1162 2688 -
1190 2640 1247 2710 καὶ
1276 2636 1480 2737 σνμριίσονσι
1508 2641 1601 2737 σοροί
1624 2667 1680 2737 μοι
1709 2676 1776 2736 -,

688 2769 747 2854 τὴν
775 2767 916 2870 ἐδίδαξ’,
944 2776 986 2862 ῶς
1014 2768 1074 2872 μὲν
1104 2767 1272 2873 δννοίμην,
1299 2767 1336 2848 οθ
1367 2767 1398 2848 δ’
1428 2776 1471 2863 ὡς
1495 2771 1658 2849 έθελεσκον

690 2908 772 3009 αι’έν,
801 2909 863 2984 ἐπεὶ
892 2905 987 3009 θαμοί
1013 2939 1069 3009 μοι
1097 2909 1278 3011 ὁρμήματα
1306 2917 1418 2998 νοῦσος
1446 2909 1595 3012 ἐπέσχεν·

690 3040 791 3145 τίμιον
819 3041 883 3148 γοίρ
910 3039 938 3120 τ’
965 3043 1079 3149 οίρετνῖς
1107 3043 1299 3122 οἷποαίννται
1328 3040 1481 3149 εὐρΰτοπα
1510 3042 1589 3137 Ζεὺς

693 3178 824 3284 οίνέρος,
856 3166 927 3257 εθτέ
952 3181 992 3257 κέ
1017 3214 1073 3282 μιν
1103 3176 1188 3257 κατδι
1221 3182 1368 3284 νονσερδν
1397 3174 1489 3285 ἦμαρ
1519 3177 1643 3290 ἕλῃσιν.

693 3313 780 3393 Ἀλλ’
807 3315 911 3420 ἔμπης
939 3314 975 3394 οίι
1003 3313 1141 3420 ποίμπαν
1171 3316 1331 3408 ἀνήνυτος
1359 3315 1429 3396 έσκε
1457 3318 1552 3410 πίνος
1579 3341 1651 3423 μοι·

692 3461 837 3556 ροιτηταί
867 3451 932 3558 γὰρ
960 3456 1030 3557 ἐμοὶ
1060 3452 1126 3543 ἰίδη
1155 3456 1264 3545 πολέες
1292 3486 1323 3531 τε
1352 3461 1408 3531 καί
1439 3457 1542 3533 ε’σθλοί

693 3595 842 3682 παιδείας
871 3593 1020 3696 σκίπτρρ
1048 3624 1085 3695 γε
1112 3599 1296 3695 τετίμηνται
1325 3600 1390 3696 περὶ
1418 3589 1558 3670 ποίντων.

694 3728 753 3807 Ἠν
781 3730 919 3836 χρόνος,
948 3728 984 3808 οὐ
1011 3738 1139 3808 πολλῶν
1166 3761 1216 3832 γε·
1233 3732 1468 3834 περιπλομένων
1498 3733 1663 3833 ἐνιαυτῶν,

693 3862 778 3945 πένθ’
808 3868 856 3943 ὅτε
884 3871 935 3958 δίς
964 3874 1020 3944 καὶ
1047 3874 1113 3971 τρίς
1140 3899 1195 3969 μοι
1224 3866 1419 3970 οίκονέμεναι
1447 3883 1615 3971 μεμαῶτες

694 4008 838 4096 σπονδῆς
867 4010 1029 4095 θεσπεσίης
1056 4007 1254 4107 έμπλῆμενοι
1283 4006 1485 4109 ἠγερέθοντο·

696 4139 807 4246 βοίθρα
834 4141 870 4220 δὲ
898 4150 954 4219 νῦν
985 4139 1090 4218 κενεοί.
1118 4134 1139 4226 ἦ
1166 4174 1213 4218 τοι
1241 4136 1282 4218 τοί
1311 4148 1458 4245 χερείονα
1484 4154 1576 4246 νικᾷ·

697 4285 761 4383 εἰμὶ
790 4276 823 4356 δ’
849 4286 960 4381 ὁμοῖος
988 4276 1049 4380 ἐγώ
1078 4310 1114 4381 γε
1141 4276 1355 4382 διδασκάλῳ,
1385 4278 1419 4370 ές
1445 4312 1517 4356 ποτε
1545 4276 1652 4371 δοιοὺς

698 4428 893 4519 ροιτητῇρας
921 4412 1005 4518 έχων
1033 4411 1195 4517 μοίινονς,
1224 4411 1268 4490 ἔτ’
1296 4410 1347 4520 ο’ίρ’
1377 4415 1466 4520 Ιὀρετί
1492 4423 1549 4519 μίν
1578 4449 1644 4518 τις,

700 4553 832 4631 σ’ππίσοι
860 4548 917 4629 εἶέν
946 4585 1008 4654 τοι,
1036 4551 1239 4656 οίπεμείβετο·
1273 4548 1362 4655 „xiv
1390 4584 1426 4656 γε
1455 4558 1581 4656 θεοῖσιν,

699 4681 723 4764 ἶ)
752 4686 831 4792 ριλ’,
858 4686 924 4794 έχω
952 4685 1170 4768 δνοκαίδεκ”’
1200 4733 1251 4744 -
1278 4688 1351 4794 έχεν
1380 4689 1416 4767 δὲ
1443 4686 1512 4767 δέκ’
1540 4693 1572 4767 ἐν
1600 4689 1771 4794 μεγοίροισι

701 4825 862 4904 Μονοοίων
891 4822 1112 4904 πολνδαίδαλ
1140 4824 1325 4930 οίγοίλματα
1352 4835 1409 4905 καί
1437 4833 1578 4931 Φοίβοιο.
