5125 6150
695 797 762 862 326
1033 811 1199 859 nrorrrsrus
1222 809 1546 859 nauroaunnsssrsrs.

696 984 758 1048 τοῖς
789 973 890 1040 άνίεσι
922 974 974 1039 καί
998 973 1131 1054 Φάλλοις
1155 974 1208 1038 καί
1233 978 1283 1037 νῦν
1308 974 1358 1038 ίτί
1383 981 1446 1046 τοῖς
1472 973 1635 1053 ἐπιφανῶς.
1652 971 1885 1052 άγυνιζομὲνοις

695 1081 907 1163 προβάλλουσι
938 1081 1092 1160 χιτῶνας,
1125 1077 1298 1157 τετάσους,
1329 1080 1547 1160 χιτωνίσκους,
1577 1078 1744 1157 κρητῒδας·
1780 1079 1823 1144 διὸ
1850 1079 1885 1153 δίη

694 1189 817 1261 ου’νηίες
852 1183 886 1258 ἦν
917 1187 1017 1265 κύκλῳ
1048 1191 1275 1265 τερινοςοῡντιις
1309 1188 1443 1262 άγείρειν
1471 1184 1514 1248 τίς
1545 1184 1705 1264 διδόμενα,
1730 1185 1794 1249 κτὲ.
1824 1184 1886 1249 Est

694 1297 792 1360 etiam
811 1293 895 1358 alius
914 1293 1058 1357 Platonis
1079 1291 1167 1357 locus
1187 1313 1249 1357 non
1268 1295 1377 1355 miuus
1395 1289 1597 1369 luculentus,
1617 1290 1695 1376 Rep.
1710 1290 1741 1355 II
1758 1312 1789 1376 p.
1805 1289 1883 1368 381,

694 1401 750 1465 ubi
781 1405 870 1464 vetat
901 1420 941 1463 ne
973 1401 1044 1483 quis
1074 1405 1169 1484 poeta
1199 1398 1271 1474 μηδ’
1297 1399 1327 1461 ἐν
1350 1397 1536 1476 τραγῳδίαις
1561 1396 1633 1475 μηδ’
1658 1398 1688 1461 ἐν
1713 1404 1776 1471 τοῖς
1801 1398 1886 1473 τοιή-

695 1529 792 1583 μασιν
816 1503 929 1582 είσάγη
964 1502 1063 1583 Ἥραν
1087 1503 1292 1578 ἠλλοιωμένην
1314 1505 1353 1575 ὥς
1376 1502 1486 1583 ἱέρειαν
1509 1503 1759 1580 ἀγείρουσαι

898 1609 1025 1688 Ἰνάχου
1048 1610 1188 1686 Ἀργείου
1213 1613 1357 1684 ποταμοῦ
1381 1609 1488 1672 παισὶν
1511 1607 1673 1685 βιοδώροις.

694 1716 802 1782 Etiam
833 1736 1012 1801 pauperum
1044 1718 1150 1799 pueris
1180 1713 1321 1779 solemne
1344 1719 1412 1778 erat
1435 1734 1533 1779 verno
1555 1720 1699 1800 tempore
1724 1713 1758 1777 τὸ
1782 1738 1887 1794 τερια-

694 1823 860 1901 γείρεσίαι.
891 1820 1009 1885 Rhodii
1033 1821 1090 1885 hoo
1115 1818 1319 1905 appellabant
1342 1819 1550 1900 χελιδονίζειν,
1574 1821 1659 1905 apud
1682 1820 1886 1885 Athenaeum

694 1927 770 1992 VIII
800 1949 831 2012 p.
857 1924 933 2002 360,
963 1928 1055 1990 ouius
1085 1923 1147 1989 loci
1178 1932 1335 2008 qnantum
1366 1928 1574 1990 commemini
1601 1946 1703 2010 nuper
1727 1923 1886 1991 Gelderue

694 2035 865 2096 immemor
881 2031 944 2095 fuit
961 2033 995 2094 in
1015 2030 1106 2095 docto
1125 2029 1208 2094 libro
1220 2029 1258 2094 de
1270 2028 1376 2094 Rebus
1389 2031 1599 2096 Rhodiorum.
1620 2029 1789 2097 (lantiIena
1800 2037 1885 2096 erat:

1103 2130 1168 2207 ἦλθ’
1193 2132 1263 2209 ἦλθε
1288 2135 1431 2214 χελιδών,

1101 2242 1203 2312 κοιλὰς
1229 2239 1306 2320 ripae
1331 2240 1456 2318 άγιυσα

1102 2348 1216 2417 καλοὺς
1240 2346 1413 2424 ἐνιαυτούς,

694 2461 727 2520 et
749 2474 829 2539 quae
851 2457 1039 2536 sequuntur.
1063 2451 1154 2515 Nthl
1177 2457 1246 2516 erat
1268 2452 1441 2516 admodum
1464 2473 1522 2516 cnr
1544 2455 1615 2537 quis
1637 2451 1752 2537 lepidis
1776 2454 1885 2536 pueris

694 2563 892 2624 succenseret
921 2578 978 2621 nec
1009 2556 1182 2621 dissimiles
1212 2578 1317 2622 mores
1340 2566 1433 2634 sunt,
1457 2560 1569 2641 quiin
1593 2556 1644 2621 his
1669 2560 1762 2621 terris
1785 2559 1884 2621 etiam

694 2663 734 2728 ad
753 2669 894 2728 nostram
914 2667 1051 2726 aetatem
1070 2660 1301 2745 perdurarunt;
1322 2663 1377 2726 sed
1396 2662 1603 2747 propudiosos
1622 2660 1695 2726 illos
1707 2661 1883 2725 sacerdotes

694 2768 830 2832 Romani
855 2767 1061 2833 vehementer
1083 2768 1186 2850 perosi
1211 2773 1310 2832 erant.
1334 2766 1444 2831 Veluti
1463 2767 1547 2851 quod
1566 2767 1678 2831 scribit
1698 2765 1882 2850 Dionysius,

693 2875 822 2959 egregie
853 2869 1060 2936 confirmatur
1088 2871 1254 2936 Plutarchi
1284 2875 1469 2937 testimonio
1500 2875 1534 2935 in
1556 2876 1624 2937 vita
1647 2871 1746 2935 Marii
1770 2894 1795 2935 o.
1824 2868 1882 2935 17:

693 2979 825 3058 ἄφίκετο
858 2969 911 3040 καί
943 2975 1087 3048 Βασάνης
1120 2976 1154 3039 ἐκ
1186 2981 1402 3048 Πεσσινοῦντος
1435 2978 1449 3041 ί
1482 2986 1537 3051 τῆς
1567 2977 1723 3053 Μεγάλης
1756 2974 1880 3055 Μητρὸς

689 3084 784 3161 ίερεὺς
809 3081 1027 3158 εἰσαγγέλλειν
1050 3085 1088 3154 ὥς
1116 3085 1218 3156 idcir
1242 3084 1276 3148 ἐκ
1300 3090 1359 3148 τῶν
1382 3084 1556 3162 άνιοκτίρυι
1580 3085 1679 3148 αὐτῶν
1702 3082 1879 3161 ἐφθέγξατο

690 3190 773 3263 νίκην
804 3189 854 3253 καὶ
888 3187 995 3266 κράτος
1028 3186 1165 3264 πολέμου
1188 3191 1349 3265 Ῥωμαίοις
1374 3186 1529 3266 ὑπαρξειν.
1555 3196 1620 3261 Τῆς
1645 3188 1676 3253 δὲ
1698 3189 1878 3266 συγκλήτου

691 3293 891 3372 τροσίεμένης
925 3292 977 3357 καί
1010 3302 1049 3372 τῇ
1081 3295 1134 3371 θεῷ
1166 3294 1237 3358 ναὸν
1269 3294 1409 3358 ἐπινίκιον
1434 3294 1611 3373 ἱδρύσασθαι
1637 3293 1877 3372 ψηφισαμένης,

691 3399 742 3462 τὸν
773 3400 918 3472 Βατάκην
949 3400 991 3469 είς
1024 3400 1075 3463 τὸν
1098 3398 1192 3476 δῆμον
1215 3399 1400 3478 τροτλίίντα
1424 3400 1476 3463 καί
1501 3402 1605 3465 ταύτὰ
1630 3399 1817 3477 βουλόμενον
1840 3400 1878 3463 εἰ·

690 3512 760 3566 τεῒν
791 3501 922 3567 ἐκώλυσε
955 3503 1121 3583 δημαρχῶν
1146 3500 1245 3575 Αὖλος
1268 3507 1448 3582 Πομτηΐος,
1472 3504 1611 3583 άγιίρτην
1634 3506 1800 3570 άτοκαλῶν
1825 3503 1875 3568 καί

690 3608 762 3684 τρὸς
794 3606 880 3684 ὓβριν
911 3607 1093 3672 ἀπελαύνων
1123 3615 1175 3672 τοῦ
1205 3609 1362 3685 βήματος.
1394 3610 1479 3674 Hinc
1510 3609 1602 3674 facile
1632 3610 1798 3675 intellectu
1830 3613 1877 3674 est

689 3719 809 3799 quanta
838 3734 913 3776 cum
941 3713 1161 3797 indignatione
1190 3714 1336 3779 homines
1358 3718 1571 3800 spectaverint
1594 3716 1817 3781 Ptolemaeum
1840 3714 1878 3780 il·

689 3818 770 3895 lum,
794 3818 834 3881 ad
857 3839 952 3902 quem
977 3821 1065 3882 venit
1087 3817 1317 3903 Spartanorum
1340 3841 1396 3884 rex
1420 3818 1621 3898 Cleomenes,
1644 3820 1730 3886 Plut.
1751 3824 1786 3884 in
1808 3825 1875 3886 vita

689 3947 716 3989 c.
742 3922 802 3988 33:
827 3924 841 3986 ὁ
864 3924 928 4002 γάρ
951 3923 1103 3999 βασιλεὺς
1127 3921 1219 3996 οὕτως
1245 3924 1408 4004 διέφθαρτο
1431 3928 1485 4000 την
1509 3929 1616 4007 ψυχὴν
1642 3926 1699 3990 ὑπὸ
1724 3935 1874 4005 γυναικῶν

689 4030 741 4093 καί
773 4028 883 4106 τίτειν,
915 4027 990 4106 ὅτε,
1022 4028 1114 4092 ὅτίτε
1145 4032 1233 4105 νηΦοι
1267 4031 1391 4106 μάλιςιι
1425 4031 1475 4095 καί
1510 4029 1750 4104 σπουδαιότατος
1782 4033 1877 4097 αὑτοῦ

689 4134 824 4210 γίνοιτο,
861 4135 993 4203 τελετάς
1028 4141 1130 4197 τελεῖν
1166 4135 1219 4199 καί
1251 4137 1413 4213 τύμπανον
1445 4136 1525 4215 ἔχων
1555 4137 1586 4199 ἓν
1617 4144 1679 4208 τοῖς
1704 4138 1877 4214 βασιλείοις

688 4240 885 4317 α’γείρειν.
918 4239 979 4303 Sed
1008 4241 1085 4303 haec
1116 4241 1181 4304 iam
1212 4240 1286 4324 plus
1310 4262 1408 4326 quam
1432 4244 1510 4305 satis
1533 4248 1608 4305 sunt
1631 4249 1663 4307 et
1686 4243 1748 4307 alia
1772 4243 1877 4308 multa

687 4347 831 4410 invenies
861 4343 946 4428 apud
974 4344 1205 4409 Ruhnkenium
1236 4346 1275 4410 ad
1307 4346 1390 4410 Tim.
1422 4369 1452 4431 p.
1481 4346 1522 4410 10
1553 4353 1585 4411 et
1613 4370 1644 4432 p.
1669 4347 1745 4424 216,
1771 4352 1822 4412 uti
1846 4355 1878 4413 et

688 4449 773 4532 apud
804 4448 960 4515 (lebetum
993 4451 1104 4512 Moero.
1139 4449 1226 4514 1860
1258 4472 1288 4535 p.
1315 4450 1378 4514 431
1404 4458 1436 4515 et
1463 4450 1549 4515 1862
1574 4473 1605 4535 p.
1631 4451 1754 4517 38791
1780 4453 1811 4516 ἒν
1836 4454 1876 4533 τῷ

687 4554 786 4632 Ἐρμῇ
818 4554 922 4632 Λογίῳ
948 4575 978 4638 p.
1005 4553 1080 4619 473.
1106 4554 1224 4632 Quodsi
1248 4561 1357 4619 autem
1382 4556 1530 4620 addidero
1554 4557 1638 4641 apud
1662 4557 1818 4622 Photium
1843 4561 1877 4622 in

687 4660 782 4721 unico
809 4655 923 4722 Codice
946 4656 1087 4723 Galeano
1112 4658 1195 4744 legi:
1222 4662 1371 4739 νικηφόροι
1396 4661 1564 4739 τεριαγί
1572 4685 1703 4739 μενοι,
1727 4667 1875 4728 certatim

688 4769 797 4825 autem
827 4761 865 4825 ab
894 4763 1041 4826 omnibus
1071 4773 1250 4829 correctum
1281 4765 1379 4830 fuisse
1412 4766 1795 4845 τεριαγειρίμενοι,
1822 4772 1877 4834 vix

688 4867 857 4947 quisquam
881 4866 966 4930 hisce
990 4866 1137 4950 perlectis
1160 4869 1321 4933 dubitabit
1344 4872 1420 4955 quin
1444 4872 1529 4955 apud
1551 4871 1746 4958 Dionysium
1763 4873 1876 4938 itidem
