5125 6150
1180 818 1389 867 nunciemus.
1837 802 1880 866 29

689 988 916 1066 νεωτερίσωσιν·
938 984 1004 1049 ἐπεὶ
1026 982 1079 1047 καὶ
1100 981 1169 1047 τόδε
1189 982 1328 1062 ἔπραξαν
1347 981 1535 1062 φοβούμενοι
1557 983 1657 1047 αὐτῶν
1676 985 1731 1059 την
1752 984 1883 1050 σκαιό-

689 1117 797 1168 τητα
822 1093 873 1156 καὶ
898 1091 932 1155 τό
958 1090 1070 1164 πλῆθος
1095 1087 1158 1153 xri.

721 1229 748 1291 ι)
765 1224 934 1286 ἀποστρέψειν
951 1239 1013 1273 σοττ,
1031 1222 1148 1281 (lobeton
1168 1219 1327 1282 ἀποτρέψειν,
1344 1219 1501 1282 ἀποτρέψαι,
1517 1220 1678 1282 ἀποστρόψοι
1697 1222 1764 1282 libri;
1788 1223 1816 1289 b)
1832 1228 1878 1284 τῆς

686 1307 775 1358 nem
792 1305 915 1370 ἐχομένης
934 1306 1028 1355 induxit
1045 1304 1155 1363 Hndius;
1181 1306 1206 1366 c)
1224 1304 1367 1359 σκαιότητα
1383 1304 1433 1353 cod.
1451 1303 1485 1363 B;
1504 1304 1611 1360 νεότητα
1629 1304 1753 1354 Δ.0.Ε.Μ.

734 1421 878 1506 Utraque
902 1418 1060 1484 librorum
1083 1418 1196 1495 lectio,
1222 1425 1290 1482 tam
1314 1417 1544 1491 excierant
1567 1439 1665 1503 quam
1688 1417 1879 1498 νεότητα,

687 1529 816 1593 fortiter
838 1525 968 1609 quidem
991 1524 1046 1589 sed
1070 1525 1187 1588 frustra
1210 1543 1229 1587 a
1252 1520 1414 1587 nonnullis
1437 1522 1628 1587 defenditur.
1659 1524 1770 1610 Neque
1793 1528 1880 1590 enim

687 1632 839 1696 όσνισνίόοι
870 1635 920 1695 est
946 1629 1090 1703 σκαιότης
1114 1627 1272 1709 (Classen)
1295 1648 1397 1711 neque
1419 1628 1532 1691 stolida
1555 1630 1739 1693 contumacia
1760 1629 1879 1711 (Stahl)

685 1737 741 1802 sed
765 1736 852 1800 idem
875 1736 941 1799 fere
965 1734 1049 1818 quod
1072 1732 1261 1797 ἀπαιδευσία
1285 1740 1318 1798 et
1337 1733 1478 1810 όμαόόα;
1504 1734 1677 1807 νεότητα
1696 1755 1772 1800 vero
1789 1742 1878 1815 (cum

686 1840 821 1918 Oobeto)
852 1840 891 1904 ad
922 1839 1004 1903 solos
1035 1839 1169 1902 ι’κιιόοτοε
1199 1844 1303 1902 aetate
1334 1837 1474 1902 fervidos
1499 1841 1583 1903 inter
1605 1837 1738 1905 Helotas
1762 1842 1879 1906 referre

685 1966 881 2031 magnopere
901 1944 1076 2009 verendum
1099 1952 1137 2007 ut
1159 1941 1263 2007 liceat.
1287 1941 1502 2021 Quamobrem
1527 1949 1711 2010 suaserunt:

824 2049 1075 2114 Herwerdenus:
1099 2055 1156 2113 aut
1180 2047 1389 2125 γενναιότητα

1100 2160 1157 2219 aut
1181 2153 1407 2232 νεατεροτοιΐαν
1423 2151 1447 2235 ¹)

822 2259 1128 2324 Rauchensteinius:
1181 2258 1342 2333 δεινότητα

826 2364 1054 2431 Widmannus:
1181 2361 1352 2438 catedram

824 2468 995 2554 Steupiue:
1183 2469 1374 2545 ἰταμότητα.

733 2576 770 2640 ln
802 2581 892 2640 tanta
921 2573 1128 2640 consiliorum
1158 2575 1344 2641 diversitate
1367 2575 1428 2651 ἐγὼ
1452 2575 1616 2651 βασεῦμοι
1640 2575 1721 2653 ἐραν
1744 2575 1819 2642 tter.
1851 2577 1878 2643 Ε

686 2684 844 2765 scriptura
876 2681 1067 2757 νεότητα,
1099 2700 1196 2764 quam
1219 2700 1237 2744 e
1260 2679 1327 2744 levi
1349 2678 1480 2744 lectoris
1503 2679 1672 2744 cuiusdam
1695 2683 1877 2747 coniectura

684 2793 795 2851 natam
825 2806 892 2851 esse
916 2787 1067 2870 suspicor,
1094 2783 1176 2849 nihil
1198 2787 1267 2849 sani
1290 2783 1464 2850 extundere
1487 2804 1584 2870 queo;
1611 2806 1726 2851 verum
1749 2807 1810 2872 age
1833 2790 1882 2852 in·

685 2899 775 2957 tenta
797 2894 864 2956 acie
887 2890 1022 2955 alteram
1041 2892 1233 2976 scripturam
1257 2891 1487 2964 σκαιότητα
1509 2889 1761 2971 consideremus,
1783 2914 1880 2979 quam

684 2999 849 3062 neminem
868 2996 960 3060 facile
980 2997 1214 3083 excogitavisse
1233 2996 1427 3060 credendum
1447 3001 1505 3061 est.
1525 2997 1636 3062 Nonne
1649 2998 1880 3064 animadvertis

685 3124 783 3187 quam
796 3101 938 3187 simplici
950 3104 1156 3168 correctione:
1178 3102 1350 3175 σκαιότητα
1370 3104 1405 3166 in
1424 3100 1686 3183 σκληρότητα
1706 3105 1878 3170 mutando:

683 3206 842 3273 laboranti
866 3211 1041 3273 sententiae
1065 3209 1229 3273 subveniri
1252 3205 1375 3292 possit?
1842 3283 1846 3290 .

732 3313 820 3377 lnter
852 3322 1060 3386 cKAtOrera
1094 3315 1181 3378 enim
1211 3319 1244 3377 et
1276 3315 1649 3391 CKA1<P>Ornrcie
1673 3322 1879 3396 σκλΗροτητα

686 3416 884 3503 quantillum
906 3415 1056 3483 interest!

736 3523 822 3589 Gens
853 3522 933 3587 dura
962 3528 1059 3607 atque
1081 3543 1192 3607 aspera
1213 3521 1306 3587 cultu
1329 3524 1485 3607 profecto,
1510 3519 1610 3603 ἄγριοι
1634 3523 1686 3588 καὶ
1711 3526 1878 3605 σκληροὶ

688 3635 780 3693 amnt
803 3626 954 3704 Helotes,
988 3647 1126 3711 quorum
1150 3627 1324 3705 σκληρόν
1348 3627 1492 3706 φρόνημα
1516 3647 1552 3691 ac
1575 3629 1746 3710 σκληρόν
1771 3629 1880 3708 όρόσοι

686 3731 909 3797 reformidasee
929 3731 1192 3797 Lacedaemonios
1211 3753 1307 3797 nemo
1326 3730 1430 3798 hercle
1450 3732 1631 3798 mirabitur.
1651 3733 1784 3800 Accedit
1795 3736 1881 3821 qnod

688 3840 861 3915 σκληρότης
891 3836 977 3921 apud
1008 3836 1133 3901 Atticos
1164 3859 1227 3901 non
1257 3835 1364 3901 solum
1388 3836 1426 3901 de
1449 3839 1652 3903 contumacia
1674 3858 1710 3903 ac
1733 3841 1882 3924 superbia

689 3942 744 4007 sed
768 3945 867 4006 etism
891 3941 929 4005 de
953 3948 1060 4006 mente
1084 3940 1293 4006 obstinatiore
1316 3946 1349 4005 et
1371 3941 1575 4007 offirmatiore
1598 3963 1659 4006 usu
1682 3946 1798 4009 tritum
1822 3950 1881 4010 est.

690 4046 768 4127 Quis
803 4046 1002 4133 Thucydidis
1035 4047 1302 4113 Demosthenisve
1338 4045 1480 4132 aequalis
1510 4046 1550 4112 ab
1580 4047 1692 4114 inferis
1722 4052 1882 4115 excitatus

688 4152 858 4222 σκαιοὺς
891 4151 1068 4237 appellaret
1098 4156 1154 4237 qui
1176 4152 1271 4218 hodie
1294 4153 1329 4217 in
1352 4152 1459 4217 Africa
1482 4150 1709 4237 plaudentibus
1731 4156 1881 4220 omnibns

687 4260 780 4324 bonis
809 4279 867 4343 pro
897 4261 1003 4342 patria
1030 4265 1064 4323 et
1085 4256 1251 4335 libertate,
1276 4280 1334 4343 pro
1356 4256 1466 4323 liberis
1489 4263 1522 4322 et
1544 4258 1699 4323 uxoribus
1722 4257 1881 4326 decertare

686 4387 752 4430 non
775 4360 945 4428 desinunt?
968 4363 1074 4428 immo
1096 4366 1292 4449 iuvenesque
1315 4383 1467 4448 senesque
1492 4382 1590 4427 manu
1614 4367 1772 4450 prompti,
1796 4371 1882 4430 tena-

687 4491 739 4535 ces
762 4471 935 4554 propositi,
959 4472 993 4534 in
1017 4470 1142 4535 hostem
1167 4458 1365 4554 pervicaces,
1390 4468 1557 4546 σκληροὶ
1583 4473 1668 4534 sunt.

733 4571 885 4639 Ceterum
919 4596 1034 4641 saevus
1064 4574 1205 4640 Achilles
1235 4575 1382 4639 animum
1412 4573 1608 4652 indomitus,
1640 4573 1740 4637 durus
1770 4578 1803 4639 et
1832 4576 1880 4640 in·

723 4912 750 4975 l)
766 4911 827 4960 (tell.
845 4910 919 4960 Dios.
939 4911 1010 4961 Osse.
1028 4910 1056 4961 L.
1072 4908 1141 4959 nxn
1158 4924 1178 4958 c.
1196 4909 1211 4956 a
1230 4908 1280 4971 52.
