5125 6150
1223 805 1366 854 1161116.
1819 786 1882 855 119

694 974 862 1051 nolebant,
895 972 1097 1060 praevalebat
1128 973 1246 1037 orbitas
1270 974 1304 1052 (1.
1318 993 1345 1035 6.
1370 977 1437 1036 1661
1462 978 1554 1059 31616
1576 977 1643 1037 6161
1666 972 1824 1059 plerisque
1846 979 1884 1038 ut

693 1104 771 1168 prae
801 1080 858 1145 illa
890 1079 972 1143 nihil
1003 1078 1092 1143 aliud
1123 1079 1251 1143 valeret.
1286 1077 1371 1158 Quos
1402 1078 1441 1142 ad
1471 1100 1563 1143 suam
1585 1082 1881 1164 interpretationem

693 1187 926 1253 vocabulorum
959 1186 1141 1268 praecalida
1181 1185 1306 1249 orbitate
1337 1185 1564 1251 defendendam
1593 1185 1762 1250 Furneaux
1794 1187 1883 1253 affert

692 1294 795 1372 locos,
820 1293 886 1358 11116
909 1293 1117 1357 labefactatur
1140 1295 1244 1378 magis
1269 1313 1365 1376 quam
1386 1298 1605 1372 sustentatur).
1629 1292 1715 1379 Ergo
1738 1316 1798 1358 non
1822 1297 1882 1360 rei-

694 1400 843 1486 publicae
872 1400 924 1464 lex
955 1420 992 1464 ea
1021 1399 1166 1484 proderat
1193 1398 1479 1477 66116161611166;
1505 1399 1554 1463 his
1577 1402 1662 1463 enim
1686 1422 1769 1465 nunc
1791 1404 1881 1487 copia

694 1514 763 1573 6161
795 1514 827 1572 61
858 1505 990 1571 facultas
1020 1512 1169 1590 quaestus
1199 1505 1347 1583 16616611;
1380 1508 1493 1592 ingens
1525 1509 1610 1570 enim
1641 1506 1748 1572 aderat
1771 1507 1881 1572 multi-

692 1614 771 1679 tudo
793 1616 936 1680 virorum
956 1634 1034 1697 quos
1057 1633 1203 1678 accusare
1227 1618 1354 1697 possent
1375 1613 1470 1698 idque
1494 1634 1567 1678 vere
1587 1620 1619 1678 et
1637 1616 1770 1679 iuvante
1789 1614 1878 1701 lege:

692 1727 780 1783 nant
814 1723 900 1785 enim
935 1722 1023 1784 noxii
1053 1718 1104 1782 illi
1134 1721 1189 1782 rei.
1222 1716 1363 1784 Tandem
1394 1718 1564 1804 aliquando
1596 1724 1704 1784 tantus
1727 1719 1822 1786 fiebat
1845 1725 1879 1786 in

691 1828 771 1892 urbe
790 1833 822 1891 et
841 1827 917 1891 adeo
938 1834 1006 1891 toto
1026 1828 1161 1911 imperio
1182 1832 1287 1890 metus
1308 1833 1345 1890 ut
1363 1828 1431 1913 ipse
1449 1824 1646 1913 intelligeret
1665 1826 1811 1893 Tiberius
1835 1832 1880 1893 sic

692 1932 861 2018 procedere
892 1954 959 1998 rem
990 1954 1052 1997 non
1082 1953 1182 2017 posse.
1214 1932 1301 2019 Ergo
1331 1954 1391 1997 non
1416 1932 1545 2018 quidem
1569 1933 1804 1999 rescindebatur
1826 1934 1880 2001 lex

693 2039 794 2124 Papia
827 2038 990 2124 Poppaea,
1027 2039 1081 2103 sed
1113 2040 1250 2123 plerique
1283 2062 1376 2103 nenas
1411 2039 1485 2120 lepis
1513 2040 1710 2119 solvebantur,
1742 2063 1878 2126 quorum

693 2146 864 2210 verborum
887 2146 972 2209 hunc
996 2166 1063 2211 esse
1086 2166 1215 2209 sensum
1240 2148 1366 2231 opinor:
1388 2145 1509 2211 multae
1529 2149 1672 2212 virorum
1693 2147 1881 2214 mulierum-

692 2273 754 2338 que
785 2255 1039 2328 coniunctiones,
1071 2273 1151 2337 quae
1183 2273 1244 2317 non
1275 2252 1405 2337 quidem
1435 2252 1600 2338 legitimae
1632 2263 1721 2319 erant
1744 2276 1782 2320 ox
1806 2256 1878 2343 lege

692 2357 793 2443 Papia
823 2358 970 2444 Poppaea
1000 2359 1071 2436 661,
1095 2368 1132 2423 61
1155 2360 1215 2424 hoo
1237 2367 1319 2437 6161,
1345 2362 1497 2444 1611166116
1520 2358 1689 2425 1616116116
1711 2363 1777 2426 1616
1801 2365 1878 2427 66116

692 2465 887 2529 firmamenti
917 2471 1117 2551 acceperant,
1148 2487 1249 2542 nunc,
1279 2465 1362 2552 legis
1390 2465 1478 2531 illius
1509 2469 1678 2531 severitate
1708 2465 1878 2546 liberatae,

693 2594 751 2658 616
770 2570 928 2657 legitimis
946 2573 1152 2637 habebantur.
1173 2571 1298 2637 Revera
1309 2578 1375 2636 erat
1387 2571 1468 2636 illud
1480 2572 1671 2636 levamentum
1683 2573 1875 2656 inpraeaene.

738 2676 822 2745 Cum
849 2679 976 2743 iudiciis
999 2678 1274 2764 delationibusque
1298 2685 1370 2764 apte
1393 2680 1631 2764 coniunguntur
1654 2683 1775 2744 somnia
1798 2683 1878 2745 vati·

691 2788 855 2870 cinisque:
879 2788 913 2849 in
937 2792 1071 2870 utroque
1095 2788 1318 2872 enimgenere
1341 2793 1454 2870 163661
1477 2787 1577 2862 >iacnt
1602 2785 1766 2870 quaedam.
1787 2786 1879 2851 Vide·

692 2912 785 2955 amus
805 2912 881 2978 6136
902 2912 981 2975 quae
1000 2890 1043 2954 Η.
1064 2890 1106 2954 IV
1124 2912 1167 2955 cc.
1189 2890 1321 2954 81-84
1340 2898 1508 2956 narrentur
1519 2891 1557 2955 de
1568 2894 1691 2956 somnio
1701 2890 1878 2958 Ptolemaei

692 3018 838 3083 novoque
869 2997 925 3061 deo
949 2997 987 3060 ab
1011 2997 1181 3084 Aegyptiis
1205 3016 1222 3060 6
1244 2997 1348 3061 Ponto
1371 2999 1481 3082 petito.
1513 2995 1595 3062 Rem
1617 3001 1702 3063 16616
1726 2997 1877 3062 dilucide·

692 3124 753 3188 que
784 3103 916 3168 tradidit
946 3102 1075 3168 Tacitus
1107 3103 1176 3180 sed,
1209 3106 1271 3167 nisi
1294 3125 1345 3167 me
1368 3103 1485 3168 fallunt
1509 3107 1633 3184 omnia,
1658 3105 1766 3171 turbas
1790 3106 1876 3171 dedit

687 3216 890 3295 praepostera
913 3208 1002 3274 scioli
1025 3209 1194 3274 industria.
1218 3208 1271 3274 Sic
1295 3213 1433 3275 narratio
1456 3213 1586 3296 incipit:

735 3315 762 3379 11
785 3315 877 3402 plebe
900 3314 1113 3380 Alexandrina
1137 3315 1266 3400 quidam
1291 3315 1456 3381 oculorum
1477 3317 1548 3382 tabe
1567 3323 1663 3383 notus
1682 3338 1789 3404 genua
1807 3321 1876 3383 6166

688 3429 745 3504 (66.
771 3421 967 3507 Vespasiani)
997 3422 1190 3499 advolvitur,
1214 3422 1393 3487 remedium
1416 3425 1575 3489 caecitatis
1598 3445 1785 3510 exposcens,
1809 3447 1875 3490 mo-

689 3532 762 3594 nitu
782 3527 942 3614 Serapidis
963 3529 1028 3605 dei,
1050 3550 1146 3613 quem
1162 3528 1267 3595 dedita
1287 3531 1509 3615 superstitione
1521 3551 1600 3616 3666
1613 3537 1685 3596 6616
1697 3531 1774 3597 61166
1787 3533 1874 3597 colit.

736 3633 831 3699 Hunc
854 3634 949 3699 deum
972 3635 1083 3700 deinde
1107 3638 1327 3722 cognoscimus
1347 3657 1365 3701 a
1383 3634 1566 3701 Ptolemaeo
1586 3635 1703 3724 Sinope
1722 3640 1872 3724 petitum,

687 3744 779 3807 iussu
809 3745 951 3818 iuvenis,
984 3745 1039 3827 qui
1071 3745 1099 3807 ei
1130 3746 1163 3806 in
1194 3745 1317 3809 somnio
1349 3745 1438 3809 visus
1467 3750 1543 3808 erat.
1567 3742 1645 3823 Quis
1668 3742 1725 3809 1116
1747 3747 1874 3810 iuvenis

688 3856 772 3913 esset
801 3849 968 3933 ignorabat
992 3847 1213 3927 Ptolemaeus;
1238 3853 1310 3935 6616
1334 3849 1411 3915 1666
1434 3855 1533 3926 66661,
1558 3852 1612 3935 661
1635 3849 1725 3915 illius
1746 3854 1874 3917 iuvenis

687 3961 866 4040 sumpserat
896 3954 1052 4040 figuram,
1085 3955 1124 4019 ad
1151 3954 1232 4019 illud
1256 3976 1356 4040 usque
1380 3966 1508 4040 tempus
1530 3957 1718 4041 ignorabant
1741 3955 1874 4022 Alexan·

687 4061 787 4137 drini,
811 4061 979 4147 ignorabat
997 4060 1184 4126 Timotheus
1208 4061 1430 4138 Atheniensis,
1452 4082 1547 4146 quem
1570 4065 1616 4127 rei
1639 4063 1873 4149 cognoscendae

687 4188 781 4232 causa
811 4169 1016 4232 arcessiverat
1047 4166 1273 4252 dimiseratque
1305 4166 1518 4233 Ptolemaeus.
1554 4167 1616 4248 Qui
1647 4189 1723 4254 ergo
1753 4170 1873 4253 8616611

687 4295 754 4338 6666
773 4281 895 4358 661661,
915 4294 999 4337 6666
1019 4294 1035 4337 6
1054 4276 1192 4338 16166116
1212 4276 1356 4360 Aegypti
1376 4270 1461 4340 deis?
1481 4274 1570 4354 Quod
1591 4295 1623 4339 se
1642 4296 1705 4339 non
1725 4279 1872 4362 ignorare

686 4379 812 4443 disertis
832 4379 938 4442 verbis
961 4385 1097 4444 testatur
1119 4378 1247 4444 Tacitus
1270 4380 1375 4446 dicens
1398 4381 1557 4466 templum
1581 4384 1686 4446 extrui
1709 4383 1795 4461 loco,
1817 4384 1873 4448 ubi

687 4486 790 4550 fuerat
814 4484 965 4550 sacellum
990 4486 1129 4569 Serapidi
1152 4494 1247 4571 atque
1270 4484 1348 4551 16111
1372 4488 1540 4572 antiquitas
1558 4497 1717 4553 sacratum
1738 4496 1775 4568 (o.
1801 4489 1869 4569 84).

685 4590 831 4676 Denique
861 4595 889 4655 61
919 4591 1013 4668 1666,
1046 4595 1101 4676 661
1131 4595 1163 4655 16
1196 4613 1307 4657 somno
1330 4592 1513 4659 Ptolemaeo
1536 4596 1627 4658 stetit
1650 4601 1723 4660 ante
1745 4593 1869 4674 oculos,

685 4696 812 4781 Serapis
835 4704 895 4773 eat,
919 4700 974 4782 qui
998 4697 1034 4760 fit
1059 4705 1095 4760 ut
1118 4704 1157 4775 (c.
1176 4697 1220 4762 84
1239 4706 1333 4778 extr.)
1357 4699 1412 4764 alii
1441 4722 1516 4765 eum
1547 4698 1773 4786 Aesculapium
1802 4722 1869 4767 6666

684 4804 809 4879 116661,
845 4802 900 4866 alii
932 4804 1109 4879 Osiridem,
1140 4804 1196 4869 alii
1228 4804 1356 4882 lovem,
1389 4805 1445 4871 alii
1475 4806 1583 4871 Ditem
1614 4816 1738 4894 patrem
1771 4809 1870 4886 (haud

683 4913 821 4974 mirum:
853 4908 963 4973 Ditem
994 4912 1081 4975 enim
1112 4917 1236 4994 patrem
1260 4919 1431 4977 61611661
1447 4910 1553 4996 sanae
1576 4933 1650 4979 eum
1673 4916 1758 5001 apud
1782 4915 1870 4984 Sino·
