5125 6150
691 763 733 831 72
1173 781 1382 829 mucrnrnns.

737 947 942 1034 Quantocyus
972 946 1042 1011 dele
1074 946 1231 1011 emblema
1261 953 1318 1011 τῶν
1342 948 1586 1019 Πελοποννησίων
1609 949 1693 1033 quod
1717 947 1801 1013 olim
1824 948 1875 1014 ed·

688 1059 841 1140 scriptum
878 1066 934 1119 aut¹
968 1057 1218 1139 suprascriptum
1248 1054 1323 1119 indo
1359 1057 1392 1118 in
1431 1060 1556 1119 textum
1593 1075 1661 1119 seso
1693 1057 1874 1121 insinuasse

687 1166 754 1247 ipsa
786 1182 933 1247 perversa
963 1162 1051 1226 sedes
1082 1161 1200 1225 indicio
1223 1168 1280 1226 est.
1304 1160 1363 1225 tn.
1387 1170 1488 1239 certe,
1513 1163 1541 1226 si
1564 1182 1643 1247 opus
1666 1162 1800 1239 fuisset,
1824 1162 1874 1228 de-

688 1269 799 1334 disset:
829 1271 861 1332 ri
893 1269 925 1332 δὲ
957 1276 1061 1348 τεῖχος
1092 1274 1148 1331 τῶν
1173 1276 1212 1331 Π.
1237 1263 1271 1340 ἦν
1294 1270 1358 1331 κτὲ.
1383 1269 1427 1331 At-
1448 1288 1576 1353 prorsus
1598 1289 1872 1354 supervacaneum

687 1389 753 1442 erat
778 1373 1032 1459 quandoquidem
1051 1377 1084 1437 in
1104 1376 1296 1459 praegressis
1316 1373 1354 1438 de
1374 1373 1462 1438 nullo
1482 1372 1546 1438 alio
1565 1395 1659 1439 muro
1678 1377 1790 1461 agitur
1811 1378 1874 1440 nisi

687 1484 724 1547 de
748 1482 807 1546 hoc
831 1500 911 1546 uno:
943 1482 1008 1557 περὶ
1034 1484 1086 1545 τοῦ
1110 1487 1167 1544 τῶν
1192 1481 1346 1555 πολεμία-ν
1368 1483 1390 1544 i.
1416 1502 1442 1545 o.
1466 1480 1711 1553 Πελοποννησίων
1734 1480 1870 1561 τείχους.

729 1589 765 1653 In
801 1588 861 1652 fine
896 1589 1067 1652 sententiae
1099 1589 1165 1651 iam
1197 1586 1359 1652 Haackius
1389 1607 1484 1671 quem
1515 1591 1631 1653 merito
1662 1591 1764 1653 secuti
1797 1595 1872 1653 sunt

686 1694 830 1759 Editores
851 1702 978 1759 tantum
997 1715 1058 1758 non
1080 1714 1204 1770 omnes,
1226 1699 1402 1758 resecuerat
1421 1695 1447 1757 oi
1467 1693 1630 1758 ἑκκαίδεκα
1651 1693 1742 1766 σίίες
1759 1698 1871 1779 utpote

685 1808 752 1865 sine
787 1799 853 1865 nlla
887 1799 1030 1864 utilitate
1066 1798 1232 1884 pueriliter
1264 1803 1441 1884 repetitum
1471 1822 1509 1864 ex
1541 1803 1582 1865 iis
1612 1822 1693 1886 quae
1724 1804 1870 1886 proxime

685 1907 883 1972 antecedunt.
908 1906 1059 1985 Quocirca
1083 1908 1160 1969 satis
1180 1909 1293 1969 mirari
1313 1928 1373 1971 non
1395 1927 1523 1990 possum
1543 1909 1725 1992 opinionem
1744 1906 1871 1993 Stoupii

685 2017 747 2079 viri
777 2014 1004 2078 eruditissimi:
1038 2011 1109 2088 „die
1140 2010 1247 2077 Wortc
1279 2013 1406 2075 konnten
1438 2011 1560 2089 sehleu,
1592 2014 1666 2078 aber
1695 2016 1766 2078 eine
1796 2013 1870 2079 Noe

687 2121 879 2207 wendiglreit
902 2123 946 2184 sie
970 2142 1009 2183 zu
1031 2119 1225 2204 beseitigen‚
1250 2119 1377 2184 besteht
1399 2118 1606 2199 keinctncpffl¹

730 2227 892 2307 Quantum
928 2246 1040 2310 operae
1075 2246 1230 2310 curaeque
1264 2227 1298 2288 in
1333 2226 1497 2290 scribendo
1533 2228 1697 2311 posuerint
1728 2234 1867 2303 veteres,

685 2356 780 2420 quam
812 2355 903 2418 saepe
933 2331 1045 2397 stilum
1067 2335 1239 2409 verterint,
1265 2336 1426 2397 neminem
1448 2331 1547 2397 latere
1570 2339 1676 2418 potest
1697 2336 1754 2417 qui
1777 2331 1872 2419 longa

685 2441 911 2507 consuetudine
931 2442 1113 2504 interiorem
1131 2461 1205 2504 oum
1222 2442 1362 2524 antiquis
1373 2438 1503 2505 Graecis
1515 2440 1730 2523 Romanisque
1742 2442 1872 2525 scripto

687 2549 775 2613 ribus
807 2545 1060 2612 familiaritatem
1090 2549 1281 2611 contraxerit
1313 2546 1408 2632 idque
1432 2569 1532 2632 nuper
1556 2558 1627 2632 post
1649 2545 1815 2611 annn
1838 2549 1871 2610 in

687 2653 845 2740 praeclaro
876 2653 974 2728 libro,
1001 2655 1057 2738 qui
1081 2654 1264 2717 inscribitur
1286 2655 1336 2717 dic
1358 2655 1461 2717 antii-e
1483 2656 1689 2736 Knnstprocc,
1714 2655 1872 2739 exquisite

686 2762 916 2826 demonstravit
940 2759 976 2823 E.
1001 2758 1146 2823 Nonio.
1172 2758 1259 2824 Num
1282 2762 1385 2846 igitur
1407 2763 1551 2845 ingratae
1574 2762 1679 2825 nescio
1698 2762 1751 2825 cui
1770 2761 1872 2844 ipsius

685 2868 830 2932 historici
854 2865 1070 2951 negligentiae
1088 2866 1195 2930 deberi
1215 2872 1248 2931 et
1266 2866 1325 2931 hoc
1344 2872 1376 2930 et
1395 2865 1472 2931 talia
1491 2873 1637 2931 sexcenta
1655 2863 1871 2931 censebimus?

687 2974 803 3059 quibus
834 2975 918 3058 perit
950 2974 1051 3037 omnis
1082 2975 1232 3037 orationis
1262 2975 1347 3037 nitor
1369 2980 1401 3037 et
1425 2972 1596 3037 laeduntur
1618 2993 1710 3038 aures
1733 2975 1872 3038 tritiores

687 3103 827 3166 quarum,
852 3084 890 3143 ut
913 3083 990 3144 scite
1015 3076 1143 3152 Cicero,
1168 3087 1211 3142 est
1235 3080 1377 3143 iudicium
1400 3080 1640 3162 κιφιόίκίνιίκκνι
1656 3079 1689 3159 ¹).

733 3185 883 3253 Ceterum
906 3188 1018 3271 utique
1042 3186 1266 3271 corrigendum
1289 3189 1366 3251 erit:
1391 3189 1425 3251 τί
1450 3183 1497 3252 οὖν
1522 3183 1644 3263 μεταξὺ
1668 3186 1828 3251 τούτων.

733 3405 779 3470 ιιι
803 3427 829 3471 0.
854 3405 897 3470 eo
920 3405 982 3489 §e
1737 3433 1762 3460 ·

734 3514 758 3577 oi
793 3512 824 3576 tt
856 3510 1030 3590 κράξαντες
1054 3512 1124 3590 πρὸς
1150 3512 1218 3584 τοὺς
1243 3512 1501 3589 Λακεδαιμονίους
1525 3512 1668 3590 μοίλιστα
1693 3519 1752 3579 τοῖιν
1776 3523 1875 3580 Μυτι-

691 3619 821 3692 ληναίων
856 3620 999 3699 περιδεεῖς
1037 3616 1138 3697 ὄντες,
1174 3620 1211 3690 ὥς
1247 3620 1264 3692 ἡ
1295 3619 1427 3696 στρατιὰ
1461 3620 1594 3698 ἐσῆλθεν,
1627 3621 1679 3685 οὐκ
1710 3619 1873 3701 ἠνέσχοντο

689 3725 917 3805 (ἠρέσκοντο
949 3727 1002 3789 cit.
1026 3724 1258 3791 Hernerdenus
1282 3725 1349 3791 scil.
1373 3735 1411 3808 τῇ
1435 3725 1607 3808 ξυμβαίνει)
1629 3728 1703 3791 ἀλλ’
1727 3726 1779 3791 tet
1803 3727 1875 3798 τοὺς

690 3832 815 3910 βωμοὺς
839 3827 948 3915 [ὅμως]
972 3829 1150 3911 καθίζουσιν.

725 4094 751 4156 l)
774 4091 855 4141 Animi
879 4106 949 4139 conss
972 4090 1011 4138 hic
1034 4104 1151 4154 apponere
1175 4089 1240 4139 lubet
1262 4106 1322 4154 qnae
1341 4092 1408 4141 Μίιο.
1429 4092 1488 4141 Orit.
1506 4093 1535 4141 ed
1552 4093 1673 4142 Βσνιοκίλ.
1690 4093 1733 4142 Or.
1751 4093 1803 4141 VII
1819 4092 1876 4154 tropi

690 4173 840 4231 Ἀλοννιίσου
856 4176 892 4236 §4
909 4173 1032 4222 annotavit
1049 4171 1179 4222 Conssns:

725 4258 754 4305 τί
769 4254 857 4307 κυλιίει
876 4254 918 4304 καί
935 4253 961 4304 εί
975 4272 1031 4302 τινα
1048 4257 1094 4311 τῆς
1112 4255 1233 4312 Ἀττικῆς
1251 4255 1376 4318 λῃσταί
1394 4258 1469 4304 τότον
1487 4255 1655 4317 καταλάβοιεν
1748 4258 1795 4306 καί
1808 4275 1876 4317 τινες

691 4338 797 4396 τούτους
813 4339 884 4404 [τοὺς
904 4337 1041 4400 λῃστὰς]
1059 4332 1196 4394 ἐκκόψειαν,
1216 4335 1285 4394 είιίιὶς
1302 4337 1344 4386 καί
1360 4339 1402 4386 τὸν
1421 4340 1497 4387 τίτον
1516 4342 1605 4388 τοῦτον
1622 4331 1663 4404 [ου’
1681 4336 1744 4396 ἦσαν
1761 4341 1787 4388 σί
1801 4351 1876 4404 λῃσ-

691 4421 762 4468 ταί
782 4457 851 4469 .....
870 4427 918 4469 τῶν
936 4419 1142 4480 τιμωρησαμένων
1160 4420 1219 4476 τοὺς
1241 4422 1366 4482 λῃστὰς
1382 4420 1526 4483 γίγνεσίκις

727 4502 880 4564 ,Αφκοιοίνηκ
905 4503 987 4552 stilum
1003 4502 1120 4564 sutilium
1144 4502 1330 4565 maqietrorum?
1355 4504 1443 4551 Audivi
1465 4503 1538 4552 οἰνκνιι
1557 4504 1716 4567 ρσσοίοοσκίίι
1738 4505 1828 4568 ιἰιφσιιίί
1850 4511 1876 4555 σί

694 4587 780 4633 Graece
794 4587 927 4646 perdoctam
947 4587 1102 4635 Ροσιιίσνικσνι
1119 4589 1272 4649 professorem
1292 4588 1329 4636 ita
1346 4588 1476 4635 dicentem:
1493 4587 1515 4634 le
1530 4585 1654 4648 jugement
1670 4588 1699 4635 de
1717 4585 1818 4636 l'oreille
1836 4587 1877 4638 n's

693 4683 733 4730 pas
747 4666 874 4715 d‘untoriti
889 4670 966 4729 quand
983 4670 998 4716 it
1014 4668 1084 4733 s'sgit
1101 4667 1171 4717 d'une
1189 4668 1273 4732 langue
1292 4675 1375 4717 morte.
1397 4669 1511 4717 Lubenter
1530 4673 1558 4716 ι’·ο·
1574 4685 1600 4717 eo
1615 4669 1766 4732 quaesiverint
1783 4670 1877 4721 κίΙνὶίνισ

692 4768 742 4798 cern
760 4750 784 4796 ιἰι
802 4751 898 4812 culpata
914 4753 1021 4814 offendat
1034 4752 1152 4815 possitque
1167 4767 1239 4814 aequo
1254 4752 1331 4800 σκινιιο
1345 4758 1370 4800 et
1384 4768 1442 4800 οννσ
1455 4751 1538 4800 illaesa
1552 4753 1636 4800 audire
1650 4753 1752 4812 apocal,
1768 4752 1877 4814 tende,

694 4832 795 4890 λνσταί,
819 4831 934 4892 apersit?
960 4834 1007 4881 ίίιιο
1029 4836 1121 4898 quidem
1145 4834 1191 4882 scic
1208 4850 1331 4898 νιιοιινυιισνι
1350 4850 1400 4882 οιιυν
1419 4834 1491 4896 iprum
1510 4834 1674 4883 inscribendo
1693 4835 1755 4882 talia
1772 4836 1878 4885 comnis·

691 4916 794 4962 ιιιτιιιιι.”
