<?xml version="1.0" encoding="UTF-8"?>
<!DOCTYPE html PUBLIC "-//W3C//DTD XHTML 1.0 Transitional//EN"
    "http://www.w3.org/TR/xhtml1/DTD/xhtml1-transitional.dtd">
<html xmlns="http://www.w3.org/1999/xhtml" xml:lang="en" lang="en">
 <head>
  <title>
</title>
<meta http-equiv="Content-Type" content="text/html;charset=utf-8" />
  <meta name='ocr-system' content='tesseract 3.04.00' />
  <meta name='ocr-capabilities' content='ocr_page ocr_carea ocr_par ocr_line ocrx_word'/>
</head>
<body>
  <div class='ocr_page' id='page_1' title='image "./mnemosyne04verdgoog_0748.png"; bbox 0 0 5125 6150; ppageno 0'>
   <div class='ocr_carea' id='block_1_1' title="bbox 943 1443 1497 1535">
    <p class='ocr_par' dir='ltr' id='par_1_1' title="bbox 943 1443 1497 1535">
     <span class='ocr_line' id='line_1_1' title="bbox 943 1443 1497 1535; baseline -0.004 -1"><span class='ocrx_word' id='word_1_1' title='bbox 943 1446 1023 1535; x_wconf 82' lang='lat' dir='ltr'><strong>DE</strong></span> <span class='ocrx_word' id='word_1_2' title='bbox 1060 1443 1497 1535; x_wconf 79' lang='lat' dir='ltr'><strong>AMAZONIBUS.</strong></span> 
     </span>
    </p>
   </div>
   <div class='ocr_carea' id='block_1_2' title="bbox 1161 1682 1286 1724">
    <p class='ocr_par' dir='ltr' id='par_1_2' title="bbox 1161 1682 1286 1724">
     <span class='ocr_line' id='line_1_2' title="bbox 1161 1682 1286 1724; baseline 0 -2"><span class='ocrx_word' id='word_1_3' title='bbox 1161 1682 1286 1724; x_wconf 72' lang='lat' dir='ltr'><strong>semaam·</strong></span> 
     </span>
    </p>
   </div>
   <div class='ocr_carea' id='block_1_3' title="bbox 1037 1853 1392 1932">
    <p class='ocr_par' dir='ltr' id='par_1_3' title="bbox 1037 1853 1392 1932">
     <span class='ocr_line' id='line_1_3' title="bbox 1037 1853 1392 1932; baseline -0.008 0"><span class='ocrx_word' id='word_1_4' title='bbox 1037 1866 1066 1932; x_wconf 87' lang='lat' dir='ltr'><strong>J.</strong></span> <span class='ocrx_word' id='word_1_5' title='bbox 1098 1853 1392 1931; x_wconf 77' lang='lat' dir='ltr'>VURTHEIM.</span> 
     </span>
    </p>
   </div>
   <div class='ocr_carea' id='block_1_4' title="bbox 1126 2167 1312 2212">
    <p class='ocr_par' dir='ltr' id='par_1_4' title="bbox 1126 2167 1312 2212">
     <span class='ocr_line' id='line_1_4' title="bbox 1126 2167 1312 2212; baseline 0.005 -1"><span class='ocrx_word' id='word_1_6' title='bbox 1126 2167 1312 2212; x_wconf 53' lang='lat' dir='ltr'><strong>w-</strong></span> 
     </span>
    </p>
   </div>
   <div class='ocr_carea' id='block_1_5' title="bbox 614 2438 1817 4985">
    <p class='ocr_par' dir='ltr' id='par_1_5' title="bbox 618 2438 1817 3268">
     <span class='ocr_line' id='line_1_5' title="bbox 668 2438 1817 2523; baseline -0.002 -15"><span class='ocrx_word' id='word_1_7' title='bbox 668 2446 780 2522; x_wconf 74' lang='lat' dir='ltr'><strong>„&#39;AAA&#39;</strong></span> <span class='ocrx_word' id='word_1_8' title='bbox 811 2444 929 2522; x_wconf 71' lang='grc' dir='ltr'><strong><em>ἄγετε,</em></strong></span> <span class='ocrx_word' id='word_1_9' title='bbox 962 2445 1161 2522; x_wconf 73' lang='grc' dir='ltr'><strong>λευκόποδες,</strong></span> <span class='ocrx_word' id='word_1_10' title='bbox 1182 2440 1274 2522; x_wconf 72' lang='grc' dir='ltr'><strong><em>ὀἵπερ</em></strong></span> <span class='ocrx_word' id='word_1_11' title='bbox 1307 2442 1356 2507; x_wconf 70' lang='grc' dir='ltr'><strong>ἐπὶ</strong></span> <span class='ocrx_word' id='word_1_12' title='bbox 1390 2441 1570 2523; x_wconf 73' lang='grc' dir='ltr'><strong><em>Λειψύδριον</em></strong></span> <span class='ocrx_word' id='word_1_13' title='bbox 1601 2442 1741 2521; x_wconf 75' lang='grc' dir='ltr'><strong>ἤλθομεν,</strong></span> <span class='ocrx_word' id='word_1_14' title='bbox 1766 2438 1817 2507; x_wconf 75' lang='lat' dir='ltr'><strong>ir*</strong></span> 
     </span>
     <span class='ocr_line' id='line_1_6' title="bbox 621 2547 1809 2628; baseline 0 -14"><span class='ocrx_word' id='word_1_15' title='bbox 621 2547 698 2625; x_wconf 80' lang='grc' dir='ltr'><strong>ἦμεν</strong></span> <span class='ocrx_word' id='word_1_16' title='bbox 721 2549 783 2627; x_wconf 74' lang='grc' dir='ltr'><strong>ἔτι,</strong></span> <span class='ocrx_word' id='word_1_17' title='bbox 809 2555 859 2614; x_wconf 84' lang='grc' dir='ltr'><strong>νῦν</strong></span> <span class='ocrx_word' id='word_1_18' title='bbox 884 2551 946 2628; x_wconf 76' lang='grc' dir='ltr'><strong>δεῖ,</strong></span> <span class='ocrx_word' id='word_1_19' title='bbox 971 2555 1021 2615; x_wconf 81' lang='grc' dir='ltr'><strong>νῦν</strong></span> <span class='ocrx_word' id='word_1_20' title='bbox 1045 2551 1227 2627; x_wconf 70' lang='grc' dir='ltr'><strong>ἀνηβῆσαι]</strong></span> <span class='ocrx_word' id='word_1_21' title='bbox 1245 2549 1400 2615; x_wconf 87' lang='lat' dir='ltr'><strong>mulieres</strong></span> <span class='ocrx_word' id='word_1_22' title='bbox 1420 2553 1506 2616; x_wconf 90' lang='lat' dir='ltr'><strong>enim</strong></span> <span class='ocrx_word' id='word_1_23' title='bbox 1526 2571 1630 2614; x_wconf 88' lang='lat' dir='ltr'><strong>arcem</strong></span> <span class='ocrx_word' id='word_1_24' title='bbox 1649 2549 1809 2628; x_wconf 77' lang='lat' dir='ltr'><strong>obtinent,</strong></span> 
     </span>
     <span class='ocr_line' id='line_1_7' title="bbox 618 2657 1811 2734; baseline -0.002 -12"><span class='ocrx_word' id='word_1_25' title='bbox 618 2679 695 2723; x_wconf 85' lang='lat' dir='ltr'><strong>mox</strong></span> <span class='ocrx_word' id='word_1_26' title='bbox 728 2678 825 2722; x_wconf 87' lang='lat' dir='ltr'><strong>naves</strong></span> <span class='ocrx_word' id='word_1_27' title='bbox 855 2665 993 2724; x_wconf 87' lang='lat' dir='ltr'><strong>armatas</strong></span> <span class='ocrx_word' id='word_1_28' title='bbox 1017 2658 1244 2734; x_wconf 89' lang='lat' dir='ltr'><strong>conscendent,</strong></span> <span class='ocrx_word' id='word_1_29' title='bbox 1269 2657 1411 2722; x_wconf 81' lang='lat' dir='ltr'><strong>Athenas</strong></span> <span class='ocrx_word' id='word_1_30' title='bbox 1435 2658 1626 2722; x_wconf 79' lang='lat' dir='ltr'><strong>Artemisiae</strong></span> <span class='ocrx_word' id='word_1_31' title='bbox 1649 2657 1811 2721; x_wconf 88' lang='lat' dir='ltr'><strong>adinstar</strong></span> 
     </span>
     <span class='ocr_line' id='line_1_8' title="bbox 620 2759 1810 2851; baseline -0.003 -22"><span class='ocrx_word' id='word_1_32' title='bbox 620 2770 695 2829; x_wconf 90' lang='lat' dir='ltr'><strong>sunt</strong></span> <span class='ocrx_word' id='word_1_33' title='bbox 726 2785 945 2851; x_wconf 79' lang='lat' dir='ltr'><strong>aggressurae.</strong></span> <span class='ocrx_word' id='word_1_34' title='bbox 979 2763 1062 2844; x_wconf 82' lang='lat' dir='ltr'>Quid</span> <span class='ocrx_word' id='word_1_35' title='bbox 1093 2767 1117 2828; x_wconf 89' lang='lat' dir='ltr'><strong>si</strong></span> <span class='ocrx_word' id='word_1_36' title='bbox 1143 2766 1303 2850; x_wconf 87' lang='lat' dir='ltr'><strong>equitatui</strong></span> <span class='ocrx_word' id='word_1_37' title='bbox 1326 2784 1452 2848; x_wconf 88' lang='lat' dir='ltr'><strong>qnoque</strong></span> <span class='ocrx_word' id='word_1_38' title='bbox 1475 2759 1669 2828; x_wconf 80' lang='lat' dir='ltr'><strong>studebunt?</strong></span> <span class='ocrx_word' id='word_1_39' title='bbox 1692 2764 1810 2827; x_wconf 93' lang='lat' dir='ltr'><strong>Actnm</strong></span> 
     </span>
     <span class='ocr_line' id='line_1_9' title="bbox 619 2868 1811 2956; baseline -0.003 -21"><span class='ocrx_word' id='word_1_40' title='bbox 619 2874 680 2935; x_wconf 82' lang='lat' dir='ltr'><strong>erit</strong></span> <span class='ocrx_word' id='word_1_41' title='bbox 712 2871 750 2936; x_wconf 89' lang='lat' dir='ltr'><strong>de</strong></span> <span class='ocrx_word' id='word_1_42' title='bbox 782 2873 944 2956; x_wconf 90' lang='lat' dir='ltr'><strong>equitibus</strong></span> <span class='ocrx_word' id='word_1_43' title='bbox 974 2874 1099 2936; x_wconf 90' lang='lat' dir='ltr'><strong>nostris.</strong></span> <span class='ocrx_word' id='word_1_44' title='bbox 1124 2872 1174 2935; x_wconf 92' lang='lat' dir='ltr'><strong>An</strong></span> <span class='ocrx_word' id='word_1_45' title='bbox 1198 2892 1260 2936; x_wconf 91' lang='lat' dir='ltr'><strong>non</strong></span> <span class='ocrx_word' id='word_1_46' title='bbox 1284 2868 1427 2956; x_wconf 75' lang='lat' dir='ltr'><strong>putatis?</strong></span> <span class='ocrx_word' id='word_1_47' title='bbox 1457 2872 1501 2934; x_wconf 92' lang='lat' dir='ltr'><strong>At</strong></span> <span class='ocrx_word' id='word_1_48' title='bbox 1524 2891 1541 2934; x_wconf 93' lang='grc'><strong>0</strong></span> <span class='ocrx_word' id='word_1_49' title='bbox 1566 2869 1657 2946; x_wconf 91' lang='lat' dir='ltr'><strong>boni,</strong></span> <span class='ocrx_word' id='word_1_50' title='bbox 1682 2870 1811 2934; x_wconf 76' lang='grc' dir='ltr'><strong>ἱππικώ-</strong></span> 
     </span>
     <span class='ocr_line' id='line_1_10' title="bbox 618 2973 1811 3062; baseline 0.001 -22"><span class='ocrx_word' id='word_1_51' title='bbox 618 3002 714 3042; x_wconf 75' lang='grc' dir='ltr'><strong><em>τατον</em></strong></span> <span class='ocrx_word' id='word_1_52' title='bbox 737 2979 799 3058; x_wconf 76' lang='grc' dir='ltr'><strong>γάρ</strong></span> <span class='ocrx_word' id='word_1_53' title='bbox 823 2979 887 3043; x_wconf 69' lang='grc' dir='ltr'><strong>ἔστι</strong></span> <span class='ocrx_word' id='word_1_54' title='bbox 912 2987 1023 3059; x_wconf 75' lang='grc' dir='ltr'><strong><em>χρῆμα</em></strong></span> <span class='ocrx_word' id='word_1_55' title='bbox 1046 2976 1187 3057; x_wconf 76' lang='grc' dir='ltr'><em>κᾶποχον</em></span> <span class='ocrx_word' id='word_1_56' title='bbox 1211 2980 1300 3055; x_wconf 66' lang='grc' dir='ltr'><em>γυνή.</em></span> <span class='ocrx_word' id='word_1_57' title='bbox 1324 2976 1447 3042; x_wconf 82' lang='lat' dir='ltr'><strong>Ridetis</strong></span> <span class='ocrx_word' id='word_1_58' title='bbox 1470 2973 1588 3044; x_wconf 79' lang='lat' dir='ltr'><strong>etiam?</strong></span> <span class='ocrx_word' id='word_1_59' title='bbox 1613 2982 1646 3041; x_wconf 83' lang='lat' dir='ltr'><strong>at</strong></span> <span class='ocrx_word' id='word_1_60' title='bbox 1664 2978 1811 3062; x_wconf 79' lang='lat' dir='ltr'><strong>inspicite</strong></span> 
     </span>
     <span class='ocr_line' id='line_1_11' title="bbox 619 3077 1811 3168; baseline -0.001 -19"><span class='ocrx_word' id='word_1_61' title='bbox 619 3084 700 3149; x_wconf 92' lang='lat' dir='ltr'><strong>mihi</strong></span> <span class='ocrx_word' id='word_1_62' title='bbox 731 3085 789 3154; x_wconf 73' lang='grc' dir='ltr'><strong>τὰς</strong></span> <span class='ocrx_word' id='word_1_63' title='bbox 820 3084 1016 3168; x_wconf 70' lang='grc' dir='ltr'><em>Ἀμαζόνας,</em></span> <span class='ocrx_word' id='word_1_64' title='bbox 1048 3077 1086 3156; x_wconf 74' lang='grc' dir='ltr'><strong>ἃς</strong></span> <span class='ocrx_word' id='word_1_65' title='bbox 1119 3085 1226 3150; x_wconf 79' lang='grc' dir='ltr'><strong><em>Μίκων</em></strong></span> <span class='ocrx_word' id='word_1_66' title='bbox 1257 3083 1373 3165; x_wconf 74' lang='grc' dir='ltr'><strong><em>ἔγραψ’</em></strong></span> <span class='ocrx_word' id='word_1_67' title='bbox 1404 3086 1465 3160; x_wconf 71' lang='grc' dir='ltr'><strong>ἀφ’</strong></span> <span class='ocrx_word' id='word_1_68' title='bbox 1496 3082 1597 3148; x_wconf 76' lang='grc' dir='ltr'><em>ἵππων</em></span> <span class='ocrx_word' id='word_1_69' title='bbox 1620 3082 1811 3164; x_wconf 70' lang='grc' dir='ltr'><strong><em>μαχομένας</em></strong></span> 
     </span>
     <span class='ocr_line' id='line_1_12' title="bbox 619 3192 883 3268; baseline 0.008 -14"><span class='ocrx_word' id='word_1_70' title='bbox 619 3200 683 3260; x_wconf 79' lang='grc' dir='ltr'><strong>τοῖς</strong></span> <span class='ocrx_word' id='word_1_71' title='bbox 707 3192 883 3268; x_wconf 41' lang='lat' dir='ltr'><strong>sotadeo&amp;</strong></span> 
     </span>
    </p>

    <p class='ocr_par' dir='ltr' id='par_1_6' title="bbox 617 3295 1811 3701">
     <span class='ocr_line' id='line_1_13' title="bbox 665 3295 1811 3385; baseline -0.002 -22"><span class='ocrx_word' id='word_1_72' title='bbox 665 3296 717 3363; x_wconf 86' lang='lat' dir='ltr'><strong>Sic</strong></span> <span class='ocrx_word' id='word_1_73' title='bbox 741 3297 820 3363; x_wconf 89' lang='lat' dir='ltr'><strong>salse</strong></span> <span class='ocrx_word' id='word_1_74' title='bbox 844 3320 957 3364; x_wconf 88' lang='lat' dir='ltr'><strong>senum</strong></span> <span class='ocrx_word' id='word_1_75' title='bbox 980 3298 1095 3363; x_wconf 86' lang='lat' dir='ltr'><strong>chorus</strong></span> <span class='ocrx_word' id='word_1_76' title='bbox 1117 3300 1151 3362; x_wconf 95' lang='lat' dir='ltr'><strong>in</strong></span> <span class='ocrx_word' id='word_1_77' title='bbox 1174 3299 1355 3385; x_wconf 82' lang='lat' dir='ltr'><strong>Lysistrata</strong></span> <span class='ocrx_word' id='word_1_78' title='bbox 1376 3295 1502 3374; x_wconf 84' lang='lat' dir='ltr'><strong>fabula,</strong></span> <span class='ocrx_word' id='word_1_79' title='bbox 1527 3296 1811 3382; x_wconf 67' lang='grc' dir='ltr'><strong>(10000000411ο</strong></span> 
     </span>
     <span class='ocr_line' id='line_1_14' title="bbox 618 3403 1809 3490; baseline 0.002 -22"><span class='ocrx_word' id='word_1_80' title='bbox 618 3424 729 3469; x_wconf 87' lang='lat' dir='ltr'><strong>scenae</strong></span> <span class='ocrx_word' id='word_1_81' title='bbox 751 3405 938 3470; x_wconf 89' lang='lat' dir='ltr'><strong>Atheniensi</strong></span> <span class='ocrx_word' id='word_1_82' title='bbox 961 3404 1110 3469; x_wconf 89' lang='lat' dir='ltr'><strong>mandata</strong></span> <span class='ocrx_word' id='word_1_83' title='bbox 1133 3411 1192 3470; x_wconf 88' lang='lat' dir='ltr'><strong>est.</strong></span> <span class='ocrx_word' id='word_1_84' title='bbox 1217 3405 1302 3470; x_wconf 86' lang='lat' dir='ltr'><strong>Ante</strong></span> <span class='ocrx_word' id='word_1_85' title='bbox 1326 3407 1494 3490; x_wconf 80' lang='lat' dir='ltr'><strong>sexaginta</strong></span> <span class='ocrx_word' id='word_1_86' title='bbox 1517 3403 1581 3468; x_wconf 87' lang='lat' dir='ltr'><strong>fere</strong></span> <span class='ocrx_word' id='word_1_87' title='bbox 1604 3424 1700 3470; x_wconf 87' lang='lat' dir='ltr'><strong>annos</strong></span> <span class='ocrx_word' id='word_1_88' title='bbox 1723 3403 1809 3470; x_wconf 85' lang='lat' dir='ltr'><strong>Mica</strong></span> 
     </span>
     <span class='ocr_line' id='line_1_15' title="bbox 617 3509 1809 3596; baseline 0.002 -22"><span class='ocrx_word' id='word_1_89' title='bbox 617 3509 779 3575; x_wconf 90' lang='lat' dir='ltr'><strong>Poecilam</strong></span> <span class='ocrx_word' id='word_1_90' title='bbox 808 3510 918 3576; x_wconf 83' lang='lat' dir='ltr'><strong>Stoam</strong></span> <span class='ocrx_word' id='word_1_91' title='bbox 953 3512 1236 3576; x_wconf 88' lang='lat' dir='ltr'><strong>Amazonomachia</strong></span> <span class='ocrx_word' id='word_1_92' title='bbox 1267 3517 1410 3589; x_wconf 86' lang='lat' dir='ltr'><strong>ornarat,</strong></span> <span class='ocrx_word' id='word_1_93' title='bbox 1442 3531 1522 3596; x_wconf 86' lang='lat' dir='ltr'><strong>quae</strong></span> <span class='ocrx_word' id='word_1_94' title='bbox 1551 3512 1661 3596; x_wconf 81' lang='lat' dir='ltr'><strong>imago</strong></span> <span class='ocrx_word' id='word_1_95' title='bbox 1691 3510 1809 3577; x_wconf 91' lang='lat' dir='ltr'><strong>abillo</strong></span> 
     </span>
     <span class='ocr_line' id='line_1_16' title="bbox 617 3616 1808 3701; baseline 0.002 -21"><span class='ocrx_word' id='word_1_96' title='bbox 617 3624 760 3701; x_wconf 86' lang='lat' dir='ltr'><strong>tempore</strong></span> <span class='ocrx_word' id='word_1_97' title='bbox 785 3616 866 3682; x_wconf 90' lang='grc'><strong>00111</strong></span> <span class='ocrx_word' id='word_1_98' title='bbox 890 3639 951 3682; x_wconf 90' lang='grc'><strong>000</strong></span> <span class='ocrx_word' id='word_1_99' title='bbox 976 3619 1041 3682; x_wconf 90' lang='lat' dir='ltr'><strong>civi</strong></span> <span class='ocrx_word' id='word_1_100' title='bbox 1064 3617 1222 3683; x_wconf 86' lang='lat' dir='ltr'><strong>coloribus</strong></span> <span class='ocrx_word' id='word_1_101' title='bbox 1247 3616 1456 3683; x_wconf 75' lang='lat' dir='ltr'><strong>viridissimis</strong></span> <span class='ocrx_word' id='word_1_102' title='bbox 1476 3623 1548 3682; x_wconf 89' lang='lat' dir='ltr'><strong>ante</strong></span> <span class='ocrx_word' id='word_1_103' title='bbox 1568 3616 1675 3682; x_wconf 87' lang='lat' dir='ltr'><strong>oculos</strong></span> <span class='ocrx_word' id='word_1_104' title='bbox 1694 3619 1808 3682; x_wconf 88' lang='lat' dir='ltr'><strong>stabat.</strong></span> 
     </span>
    </p>

    <p class='ocr_par' dir='ltr' id='par_1_7' title="bbox 614 3722 1809 4985">
     <span class='ocr_line' id='line_1_17' title="bbox 662 3722 1807 3809; baseline 0.002 -23"><span class='ocrx_word' id='word_1_105' title='bbox 662 3722 733 3787; x_wconf 89' lang='lat' dir='ltr'><strong>Non</strong></span> <span class='ocrx_word' id='word_1_106' title='bbox 763 3744 825 3806; x_wconf 90' lang='lat' dir='ltr'><strong>quo</strong></span> <span class='ocrx_word' id='word_1_107' title='bbox 856 3729 928 3788; x_wconf 87' lang='lat' dir='ltr'><strong>ante</strong></span> <span class='ocrx_word' id='word_1_108' title='bbox 959 3723 1121 3788; x_wconf 82' lang='lat' dir='ltr'><strong>Miconem</strong></span> <span class='ocrx_word' id='word_1_109' title='bbox 1153 3726 1328 3789; x_wconf 80' lang='lat' dir='ltr'><strong>Amazones</strong></span> <span class='ocrx_word' id='word_1_110' title='bbox 1361 3724 1496 3789; x_wconf 88' lang='lat' dir='ltr'><strong>Athenis</strong></span> <span class='ocrx_word' id='word_1_111' title='bbox 1526 3726 1655 3809; x_wconf 81' lang='lat' dir='ltr'><strong>ignotae</strong></span> <span class='ocrx_word' id='word_1_112' title='bbox 1678 3724 1807 3788; x_wconf 74' lang='lat' dir='ltr'><strong>fuerim.</strong></span> 
     </span>
     <span class='ocr_line' id='line_1_18' title="bbox 616 3829 1808 3915; baseline 0 -21"><span class='ocrx_word' id='word_1_113' title='bbox 616 3829 739 3905; x_wconf 82' lang='lat' dir='ltr'><strong>imme,</strong></span> <span class='ocrx_word' id='word_1_114' title='bbox 761 3829 899 3894; x_wconf 87' lang='lat' dir='ltr'><strong>familias</strong></span> <span class='ocrx_word' id='word_1_115' title='bbox 918 3836 1009 3915; x_wconf 85' lang='lat' dir='ltr'><strong>pater</strong></span> <span class='ocrx_word' id='word_1_116' title='bbox 1028 3830 1100 3908; x_wconf 70' lang='grc' dir='ltr'><strong>πρὸς</strong></span> <span class='ocrx_word' id='word_1_117' title='bbox 1121 3835 1179 3908; x_wconf 74' lang='grc' dir='ltr'><strong>πῦρ</strong></span> <span class='ocrx_word' id='word_1_118' title='bbox 1199 3832 1324 3896; x_wconf 57' lang='lat' dir='ltr'><strong>Britanna</strong></span> <span class='ocrx_word' id='word_1_119' title='bbox 1343 3833 1413 3907; x_wconf 78' lang='grc' dir='ltr'><strong>μετ’</strong></span> <span class='ocrx_word' id='word_1_120' title='bbox 1434 3830 1545 3909; x_wconf 71' lang='grc' dir='ltr'><strong><em>ἀνδρῶν</em></strong></span> <span class='ocrx_word' id='word_1_121' title='bbox 1565 3830 1687 3908; x_wconf 71' lang='grc' dir='ltr'><strong>ἑταίρων</strong></span> <span class='ocrx_word' id='word_1_122' title='bbox 1709 3830 1808 3907; x_wconf 68' lang='grc' dir='ltr'><strong><em>Φίλων</em></strong></span> 
     </span>
     <span class='ocr_line' id='line_1_19' title="bbox 617 3936 1808 4021; baseline 0.002 -20"><span class='ocrx_word' id='word_1_123' title='bbox 617 3957 692 4001; x_wconf 91' lang='lat' dir='ltr'><strong>cum</strong></span> <span class='ocrx_word' id='word_1_124' title='bbox 718 3956 787 3999; x_wconf 88' lang='lat' dir='ltr'><strong>sera</strong></span> <span class='ocrx_word' id='word_1_125' title='bbox 810 3936 994 4021; x_wconf 86' lang='lat' dir='ltr'><strong>crepuscula</strong></span> <span class='ocrx_word' id='word_1_126' title='bbox 1017 3944 1144 4003; x_wconf 89' lang='lat' dir='ltr'><strong>noctem</strong></span> <span class='ocrx_word' id='word_1_127' title='bbox 1167 3939 1347 4016; x_wconf 83' lang='lat' dir='ltr'><strong>traherent,</strong></span> <span class='ocrx_word' id='word_1_128' title='bbox 1372 3938 1530 4003; x_wconf 84' lang='lat' dir='ltr'><strong>factorum</strong></span> <span class='ocrx_word' id='word_1_129' title='bbox 1554 3937 1687 4001; x_wconf 87' lang='lat' dir='ltr'><strong>fortium</strong></span> <span class='ocrx_word' id='word_1_130' title='bbox 1710 3940 1808 4003; x_wconf 74' lang='lat' dir='ltr'><strong>maie</strong></span> 
     </span>
     <span class='ocr_line' id='line_1_20' title="bbox 616 4044 1808 4130; baseline 0.003 -25"><span class='ocrx_word' id='word_1_131' title='bbox 616 4063 690 4106; x_wconf 89' lang='lat' dir='ltr'><strong>rum</strong></span> <span class='ocrx_word' id='word_1_132' title='bbox 711 4062 833 4106; x_wconf 85' lang='lat' dir='ltr'><strong>memor</strong></span> <span class='ocrx_word' id='word_1_133' title='bbox 853 4065 977 4128; x_wconf 90' lang='lat' dir='ltr'><strong>semper</strong></span> <span class='ocrx_word' id='word_1_134' title='bbox 996 4044 1114 4120; x_wconf 88' lang='lat' dir='ltr'><strong>fuerat,</strong></span> <span class='ocrx_word' id='word_1_135' title='bbox 1134 4044 1252 4109; x_wconf 86' lang='lat' dir='ltr'><strong>talium</strong></span> <span class='ocrx_word' id='word_1_136' title='bbox 1271 4047 1460 4130; x_wconf 87' lang='lat' dir='ltr'><strong>praesertim</strong></span> <span class='ocrx_word' id='word_1_137' title='bbox 1476 4045 1650 4119; x_wconf 88' lang='lat' dir='ltr'><strong>maiorum,</strong></span> <span class='ocrx_word' id='word_1_138' title='bbox 1670 4064 1808 4128; x_wconf 90' lang='lat' dir='ltr'><strong>quorum</strong></span> 
     </span>
     <span class='ocr_line' id='line_1_21' title="bbox 614 4149 1809 4228; baseline 0.003 -17"><span class='ocrx_word' id='word_1_139' title='bbox 614 4150 791 4225; x_wconf 89' lang='lat' dir='ltr'><strong>institutis,</strong></span> <span class='ocrx_word' id='word_1_140' title='bbox 825 4149 1030 4214; x_wconf 89' lang='lat' dir='ltr'><strong>fundamento</strong></span> <span class='ocrx_word' id='word_1_141' title='bbox 1061 4150 1164 4216; x_wconf 89' lang='lat' dir='ltr'><strong>solido</strong></span> <span class='ocrx_word' id='word_1_142' title='bbox 1197 4157 1229 4217; x_wconf 88' lang='lat' dir='ltr'><strong>et</strong></span> <span class='ocrx_word' id='word_1_143' title='bbox 1260 4157 1404 4228; x_wconf 85' lang='lat' dir='ltr'><strong>aeterno,</strong></span> <span class='ocrx_word' id='word_1_144' title='bbox 1438 4152 1602 4216; x_wconf 86' lang='lat' dir='ltr'><strong>civitatem</strong></span> <span class='ocrx_word' id='word_1_145' title='bbox 1634 4152 1696 4214; x_wconf 89' lang='lat' dir='ltr'><strong>niti</strong></span> <span class='ocrx_word' id='word_1_146' title='bbox 1724 4151 1809 4215; x_wconf 85' lang='lat' dir='ltr'><strong>inter</strong></span> 
     </span>
     <span class='ocr_line' id='line_1_22' title="bbox 615 4252 1808 4344; baseline 0.002 -25"><span class='ocrx_word' id='word_1_147' title='bbox 615 4275 726 4319; x_wconf 91' lang='lat' dir='ltr'><strong>omnes</strong></span> <span class='ocrx_word' id='word_1_148' title='bbox 750 4256 925 4320; x_wconf 81' lang='lat' dir='ltr'><strong>constabat.</strong></span> <span class='ocrx_word' id='word_1_149' title='bbox 951 4252 1051 4321; x_wconf 83' lang='lat' dir='ltr'><strong>Cuius</strong></span> <span class='ocrx_word' id='word_1_150' title='bbox 1074 4262 1182 4322; x_wconf 83' lang='lat' dir='ltr'><strong>autem</strong></span> <span class='ocrx_word' id='word_1_151' title='bbox 1206 4260 1293 4344; x_wconf 80' lang='lat' dir='ltr'><strong>regis</strong></span> <span class='ocrx_word' id='word_1_152' title='bbox 1318 4260 1408 4342; x_wconf 88' lang='lat' dir='ltr'><strong>prins</strong></span> <span class='ocrx_word' id='word_1_153' title='bbox 1431 4259 1463 4320; x_wconf 93' lang='lat' dir='ltr'><strong>in</strong></span> <span class='ocrx_word' id='word_1_154' title='bbox 1487 4263 1627 4321; x_wconf 91' lang='lat' dir='ltr'><strong>mentem</strong></span> <span class='ocrx_word' id='word_1_155' title='bbox 1652 4258 1681 4321; x_wconf 91' lang='lat' dir='ltr'><strong>ei</strong></span> <span class='ocrx_word' id='word_1_156' title='bbox 1704 4258 1808 4322; x_wconf 89' lang='lat' dir='ltr'><strong>venie·</strong></span> 
     </span>
     <span class='ocr_line' id='line_1_23' title="bbox 616 4358 1807 4447; baseline 0.001 -23"><span class='ocrx_word' id='word_1_157' title='bbox 616 4361 672 4424; x_wconf 84' lang='lat' dir='ltr'><strong>bat</strong></span> <span class='ocrx_word' id='word_1_158' title='bbox 705 4381 802 4445; x_wconf 91' lang='lat' dir='ltr'><strong>quam</strong></span> <span class='ocrx_word' id='word_1_159' title='bbox 836 4358 973 4425; x_wconf 76' lang='lat' dir='ltr'><strong>Thesei?</strong></span> <span class='ocrx_word' id='word_1_160' title='bbox 1016 4366 1181 4428; x_wconf 87' lang='lat' dir='ltr'><strong>cuiusnam</strong></span> <span class='ocrx_word' id='word_1_161' title='bbox 1218 4363 1367 4428; x_wconf 86' lang='lat' dir='ltr'><strong>facinoris</strong></span> <span class='ocrx_word' id='word_1_162' title='bbox 1401 4364 1526 4447; x_wconf 87' lang='lat' dir='ltr'><strong>saepius</strong></span> <span class='ocrx_word' id='word_1_163' title='bbox 1562 4383 1659 4447; x_wconf 89' lang='lat' dir='ltr'><strong>quam</strong></span> <span class='ocrx_word' id='word_1_164' title='bbox 1693 4364 1807 4427; x_wconf 87' lang='lat' dir='ltr'><strong>atrocis</strong></span> 
     </span>
     <span class='ocr_line' id='line_1_24' title="bbox 617 4464 1808 4554; baseline 0.004 -25"><span class='ocrx_word' id='word_1_165' title='bbox 617 4464 730 4551; x_wconf 87' lang='lat' dir='ltr'><strong>proelii</strong></span> <span class='ocrx_word' id='word_1_166' title='bbox 762 4472 809 4530; x_wconf 90' lang='lat' dir='ltr'><strong>tot</strong></span> <span class='ocrx_word' id='word_1_167' title='bbox 840 4472 912 4531; x_wconf 88' lang='lat' dir='ltr'><strong>ants</strong></span> <span class='ocrx_word' id='word_1_168' title='bbox 943 4468 1068 4534; x_wconf 87' lang='lat' dir='ltr'><strong>saccula</strong></span> <span class='ocrx_word' id='word_1_169' title='bbox 1100 4470 1159 4535; x_wconf 89' lang='lat' dir='ltr'><strong>sub</strong></span> <span class='ocrx_word' id='word_1_170' title='bbox 1187 4471 1264 4554; x_wconf 88' lang='lat' dir='ltr'><strong>ipsis</strong></span> <span class='ocrx_word' id='word_1_171' title='bbox 1289 4469 1486 4533; x_wconf 84' lang='lat' dir='ltr'><strong>Athenarum</strong></span> <span class='ocrx_word' id='word_1_172' title='bbox 1512 4470 1677 4535; x_wconf 90' lang='lat' dir='ltr'><strong>moenibus</strong></span> <span class='ocrx_word' id='word_1_173' title='bbox 1699 4473 1808 4534; x_wconf 88' lang='lat' dir='ltr'><strong>contra</strong></span> 
     </span>
     <span class='ocr_line' id='line_1_25' title="bbox 617 4571 1804 4660; baseline 0.003 -24"><span class='ocrx_word' id='word_1_174' title='bbox 617 4573 791 4637; x_wconf 86' lang='lat' dir='ltr'><strong>Amazones</strong></span> <span class='ocrx_word' id='word_1_175' title='bbox 827 4571 1010 4638; x_wconf 81' lang='lat' dir='ltr'><strong>commissi?</strong></span> <span class='ocrx_word' id='word_1_176' title='bbox 1046 4575 1157 4640; x_wconf 86' lang='lat' dir='ltr'><strong>Nonne</strong></span> <span class='ocrx_word' id='word_1_177' title='bbox 1192 4574 1335 4640; x_wconf 87' lang='lat' dir='ltr'><strong>tumulos</strong></span> <span class='ocrx_word' id='word_1_178' title='bbox 1371 4595 1495 4659; x_wconf 86' lang='lat' dir='ltr'><strong>quoque</strong></span> <span class='ocrx_word' id='word_1_179' title='bbox 1530 4575 1615 4660; x_wconf 89' lang='lat' dir='ltr'><strong>apud</strong></span> <span class='ocrx_word' id='word_1_180' title='bbox 1645 4574 1804 4660; x_wconf 84' lang='lat' dir='ltr'><strong>Pnycem,</strong></span> 
     </span>
     <span class='ocr_line' id='line_1_26' title="bbox 615 4677 1806 4766; baseline 0.005 -25"><span class='ocrx_word' id='word_1_181' title='bbox 615 4700 695 4764; x_wconf 90' lang='lat' dir='ltr'><strong>pone</strong></span> <span class='ocrx_word' id='word_1_182' title='bbox 725 4677 913 4756; x_wconf 85' lang='lat' dir='ltr'><strong>Musaeum,</strong></span> <span class='ocrx_word' id='word_1_183' title='bbox 947 4688 1036 4763; x_wconf 90' lang='lat' dir='ltr'><strong>pater</strong></span> <span class='ocrx_word' id='word_1_184' title='bbox 1067 4680 1135 4745; x_wconf 87' lang='lat' dir='ltr'><strong>filio</strong></span> <span class='ocrx_word' id='word_1_185' title='bbox 1167 4681 1381 4757; x_wconf 87' lang='lat' dir='ltr'><strong>monstrabat,</strong></span> <span class='ocrx_word' id='word_1_186' title='bbox 1416 4680 1472 4745; x_wconf 89' lang='lat' dir='ltr'><strong>ubi</strong></span> <span class='ocrx_word' id='word_1_187' title='bbox 1508 4682 1691 4760; x_wconf 85' lang='lat' dir='ltr'><strong>Amazones,</strong></span> <span class='ocrx_word' id='word_1_188' title='bbox 1726 4702 1806 4766; x_wconf 88' lang='lat' dir='ltr'><strong>qnae</strong></span> 
     </span>
     <span class='ocr_line' id='line_1_27' title="bbox 616 4782 1806 4875; baseline 0.005 -27"><span class='ocrx_word' id='word_1_189' title='bbox 616 4784 730 4850; x_wconf 79' lang='lat' dir='ltr'><strong>Thesei</strong></span> <span class='ocrx_word' id='word_1_190' title='bbox 746 4806 842 4849; x_wconf 92' lang='lat' dir='ltr'><strong>manu</strong></span> <span class='ocrx_word' id='word_1_191' title='bbox 858 4785 1051 4863; x_wconf 84' lang='lat' dir='ltr'><strong>ceciderant,</strong></span> <span class='ocrx_word' id='word_1_192' title='bbox 1069 4793 1158 4864; x_wconf 89' lang='lat' dir='ltr'><strong>erant</strong></span> <span class='ocrx_word' id='word_1_193' title='bbox 1171 4782 1333 4871; x_wconf 75' lang='lat' dir='ltr'><strong>sepultae?</strong></span> <span class='ocrx_word' id='word_1_194' title='bbox 1349 4785 1431 4866; x_wconf 81' lang='lat' dir='ltr'><strong>Quin</strong></span> <span class='ocrx_word' id='word_1_195' title='bbox 1444 4790 1542 4852; x_wconf 89' lang='lat' dir='ltr'><strong>etiam</strong></span> <span class='ocrx_word' id='word_1_196' title='bbox 1555 4795 1658 4865; x_wconf 90' lang='lat' dir='ltr'><strong>erant,</strong></span> <span class='ocrx_word' id='word_1_197' title='bbox 1674 4808 1806 4875; x_wconf 83' lang='lat' dir='ltr'><strong>peregre</strong></span> 
     </span>
     <span class='ocr_line' id='line_1_28' title="bbox 618 4891 1803 4985; baseline 0.005 -29"><span class='ocrx_word' id='word_1_198' title='bbox 618 4896 673 4979; x_wconf 91' lang='lat' dir='ltr'><strong>qui</strong></span> <span class='ocrx_word' id='word_1_199' title='bbox 698 4914 770 4957; x_wconf 88' lang='lat' dir='ltr'><strong>oum</strong></span> <span class='ocrx_word' id='word_1_200' title='bbox 789 4894 940 4970; x_wconf 86' lang='lat' dir='ltr'><strong>ivissent,</strong></span> <span class='ocrx_word' id='word_1_201' title='bbox 963 4891 1039 4957; x_wconf 91' lang='lat' dir='ltr'><strong>alibi</strong></span> <span class='ocrx_word' id='word_1_202' title='bbox 1060 4913 1184 4978; x_wconf 90' lang='lat' dir='ltr'><strong>quoque</strong></span> <span class='ocrx_word' id='word_1_203' title='bbox 1205 4894 1402 4960; x_wconf 90' lang='lat' dir='ltr'><strong>Amazonum</strong></span> <span class='ocrx_word' id='word_1_204' title='bbox 1425 4894 1586 4982; x_wconf 84' lang='lat' dir='ltr'><strong>sepulcra,</strong></span> <span class='ocrx_word' id='word_1_205' title='bbox 1604 4897 1636 4960; x_wconf 90' lang='lat' dir='ltr'><strong>in</strong></span> <span class='ocrx_word' id='word_1_206' title='bbox 1657 4894 1803 4985; x_wconf 82' lang='lat' dir='ltr'><strong>Boeotia,</strong></span> 
     </span>
    </p>
   </div>
   <div class='ocr_carea' id='block_1_6' title="bbox 0 0 2568 6150">
    <p class='ocr_par' dir='ltr' id='par_1_8' title="bbox 0 0 2568 6150">
     <span class='ocr_line' id='line_1_29' title="bbox 0 0 2568 6150; baseline 0 1"><span class='ocrx_word' id='word_1_207' title='bbox 0 0 2568 6150; x_wconf 95' lang='lat' dir='ltr'><strong> </strong></span> 
     </span>
    </p>
   </div>
  </div>
 </body>
</html>
