5125 6150
687 786 729 851 38
1151 798 1400 847 sarsuoeusuus.

683 968 744 1034 sed
766 989 875 1033 vereor
896 988 936 1032 ne
960 986 1069 1031 versus
1092 975 1261 1051 corruptus
1293 987 1353 1030 non
1376 967 1418 1029 sit
1441 969 1474 1029 et
1493 968 1527 1028 in
1550 967 1620 1050 ipso
1642 965 1739 1030 verbo
1764 965 1868 1040 ἕτιτκ-

684 1082 743 1154 ρεΐν
773 1095 885 1159 parum
915 1080 987 1158 apte
1017 1082 1169 1157 usurpato
1200 1073 1356 1137 indicium
1385 1073 1543 1135 contineat
1571 1073 1696 1156 spuriae
1719 1074 1867 1157 originis.

685 1182 750 1247 Aut
774 1179 876 1258 fallor,
897 1187 952 1245 aut
970 1187 1129 1266 poetaster
1147 1182 1254 1244 nescio
1274 1181 1346 1264 quis
1365 1177 1546 1243 recordatus
1563 1180 1723 1242 notissimi
1736 1180 1869 1264 imperii

684 1287 832 1352 militaris
863 1287 947 1351 hune
977 1284 1189 1361 versiculum,
1221 1306 1283 1370 quo
1317 1286 1433 1349 omisso
1464 1282 1545 1348 nihil
1569 1283 1804 1363 desideramus,
1829 1285 1867 1351 de

684 1415 741 1459 suo
766 1392 876 1458 fictum
898 1394 1038 1478 margini
1061 1392 1237 1476 adscripsit.

730 1610 782 1676 Vs.
808 1609 883 1675 429.
907 1608 1029 1691 χωλθς,
1053 1614 1231 1690 προσαιτῶν,
1256 1609 1435 1687 στωμύλος,
1461 1607 1552 1680 δεινὸς
1576 1609 1729 1687 λέγειν.

683 1719 817 1803 Propter
841 1718 935 1782 verba
959 1715 1050 1789 δεινθι
1071 1716 1174 1792 λέγειν
1194 1716 1318 1781 librarii
1337 1737 1441 1781 errore
1460 1719 1494 1780 ni
1513 1714 1604 1781 fallor
1622 1719 1760 1802 (saepius
1780 1720 1866 1783 enim

684 1823 838 1889 vocabula
860 1826 981 1902 omisit)
1003 1826 1038 1887 in
1061 1823 1244 1888 Rauennate
1267 1821 1413 1909 neglecta
1436 1821 1612 1887 vLeeuwen
1636 1822 1770 1889 fortasse
1792 1825 1867 1889 νὀοο

682 1931 746 1993 οιίιε
777 1930 870 2015 quid,
903 1951 930 1994 e.
954 1951 986 2016 g.
1020 1928 1111 1999 δεινὸς
1135 1936 1298 2005 λαλεῖν,
1321 1929 1360 1993 ab
1384 1929 1595 2013 Aristophane
1617 1932 1776 2016 scriptum
1799 1952 1866 1996 esse

683 2041 786 2122 putat.
822 2036 892 2100 Non
916 2038 1053 2100 iocosius
1076 2035 1108 2100 id
1133 2058 1185 2100 me
1207 2036 1311 2101 iudice
1335 2036 1432 2113 foret,
1457 2036 1511 2099 sed
1534 2038 1641 2100 miuus
1663 2046 1794 2122 aptum,
1818 2046 1866 2103 ut

684 2152 757 2229 pote
781 2163 1014 2228 supervacuum
1037 2150 1165 2227 propter
1188 2163 1410 2228 praegressum
1433 2141 1602 2219 στωμύλος.

729 2361 782 2427 Vs.
806 2360 882 2427 436.
906 2360 1150 2427 ἕνσιιενιίσασθαί
1173 2364 1208 2438 μ’
1230 2357 1289 2426 οἷον
1312 2360 1510 2426 οὶθλιιθτατον.

684 2466 801 2533 Procul
831 2468 927 2534 dubio
950 2468 1002 2533 hic
1026 2490 1134 2533 versus
1158 2490 1231 2532 cum
1255 2466 1415 2532 Brunekio
1438 2468 1469 2531 h.
1493 2466 1515 2532 l.
1540 2466 1691 2532 delendus
1714 2474 1779 2545 est,
1804 2490 1866 2534 non

685 2596 732 2639 vs.
758 2573 833 2652 384,
858 2576 915 2640 ubi
934 2595 1032 2659 aeque
1056 2583 1149 2660 aptus
1173 2580 1221 2639 est
1242 2580 1337 2659 atque
1359 2574 1412 2639 hic
1432 2576 1572 2659 ineptus.

731 2779 784 2844 Vs.
810 2777 886 2844 665.

731 2886 812 2963 δεῦρο
832 2886 931 2949 Moto·
949 2884 1016 2948 ε’λθὲ
1035 2884 1191 2964 onerose,
1213 2882 1304 2961 τορὸς
1317 2880 1434 2963 ἔχουσα
1446 2881 1544 2960 μένοι,
1558 2882 1669 2952 ἔντονος
1683 2885 1865 2965 Ἀχαρνικοί.

730 2987 787 3057 οἷον
801 2990 833 3065 ἐξ
845 2991 996 3067 θνθρθκων
1010 2991 1144 3069 πρινίνων
1156 2992 1303 3070 didaces
1316 2992 1446 3063 ἀνήλατ’
1461 2988 1658 3070 ἐρεθιζόμενος
1670 2991 1752 3076 οθρίρ
1763 2993 1866 3073 ῥιπίδι,

732 3100 805 3174 ἡνίκ’
830 3097 867 3161 ἂν
891 3099 1107 3176 ἐπανθρακίδες
1130 3094 1197 3163 ὦσι
1224 3097 1547 3177 παρακείμεναι,

731 3197 757 3269 οἳ
779 3205 810 3268 δὲ
835 3203 956 3268 Θασίαν
981 3204 1153 3268 ἀνακυκῶσι
1178 3203 1429 3284 λιπαράμπυκα,

731 3303 757 3375 οἳ
781 3310 812 3375 δὲ
834 3311 1005 3388 μοίττωσιν,
1031 3308 1105 3375 οὕτω
1130 3311 1259 3389 σοβαρὸν
1283 3310 1350 3375 ἐλθὲ
1375 3309 1466 3385 μέλος
1493 3310 1556 3375 κτὲ.

686 3419 789 3482 Miror
813 3417 970 3503 collegam
990 3420 1251 3502 sagacissimum,
1272 3439 1368 3502 quem
1388 3423 1454 3481 tam
1474 3419 1566 3501 pauci
1586 3437 1704 3481 errores
1724 3417 1866 3505 fugiant,

686 3524 818 3589 latuisse
848 3527 963 3590 vitiose
994 3526 1148 3609 scriptum
1178 3545 1245 3590 esse
1269 3521 1322 3589 ὦσι
1347 3526 1571 3603 παρακείμεναι
1595 3543 1652 3608 pro
1675 3518 1767 3587 ὦσιν
1793 3526 1868 3589 ἑπι-

686 3632 891 3708 κείμεναι,
928 3630 995 3696 scil.
1030 3634 1072 3710 τῷ
1113 3634 1202 3709 πορθ,
1237 3653 1312 3697 cum
1347 3634 1531 3717 praesertim
1568 3629 1718 3715 plurimis
1752 3631 1868 3697 abhinc

687 3740 777 3802 annis
811 3740 858 3801 ita
892 3739 1117 3824 corrigendum
1151 3760 1218 3804 esee
1248 3742 1448 3815 monuerim,
1481 3739 1629 3822 quoniam
1660 3742 1866 3815 παρακεῖσθαι

687 3850 760 3908 noto
791 3865 852 3907 usu
874 3843 1018 3908 dicantur
1040 3846 1103 3909 cibi
1125 3847 1160 3909 in
1184 3867 1293 3910 mensa
1317 3848 1461 3911 convivis
1483 3844 1631 3926 appositi,
1655 3845 1707 3908 hic
1730 3866 1807 3911 vero
1829 3867 1868 3910 ex

687 3952 836 4014 universo
866 3949 935 4015 loco
966 3948 1085 4033 liquide
1114 3958 1235 4016 constet
1267 3954 1321 4037 agi
1352 3952 1389 4016 de
1413 3971 1507 4016 coena
1529 3948 1752 4035 praeparanda.
1778 3952 1867 4032 Quod

688 4058 802 4120 attinet
832 4055 871 4120 ad
901 4054 1027 4139 ellipsin
1061 4055 1287 4122 vocabulorum
1312 4057 1360 4120 ἐπί
1386 4059 1428 4138 τῷ
1451 4056 1540 4134 πυρί,
1563 4077 1634 4121 eam
1657 4077 1750 4123 nemo
1772 4061 1867 4123 mira·

688 4161 774 4224 bitur
806 4163 861 4245 qui
891 4162 1074 4225 meminerit
1102 4163 1236 4226 verbum
1260 4161 1504 4248 correspondens
1527 4160 1689 4227 ἐπιτιθέναι
1714 4162 1799 4228 nude
1823 4166 1867 4229 sic

687 4268 834 4350 usurpari
857 4265 894 4330 de
917 4265 1078 4331 adolendis
1101 4266 1299 4332 suffimentis.

732 4477 784 4542 Vs.
810 4475 885 4543 709.
910 4477 971 4542 οὗθ’
994 4479 1031 4543 av
1055 4481 1179 4554 αθτίιν
1202 4482 1272 4553 τίον
1298 4481 1477 4562 ’Λχοιίαν
1500 4480 1606 4564 ῥαδίως
1633 4481 1789 4562 ἠνέσχετο.

688 4581 775 4661 Quod
808 4583 970 4649 Hamaker
1001 4588 1132 4649 coniecit
1155 4608 1211 4670 pro
1234 4587 1340 4652 verbis
1362 4589 1520 4672 corruptis
1543 4588 1702 4662 Αὐτοκλῆς
1725 4592 1867 4656 παλαίων

687 4697 815 4775 propter
837 4711 966 4756 versum
989 4697 1172 4775 sequentem
1196 4694 1334 4776 speciem
1356 4694 1486 4777 quidem
1511 4693 1605 4758 hahet
1628 4693 1786 4779 aliquam,
1813 4696 1866 4761 sed

686 4817 749 4859 non
778 4798 839 4859 nisi
872 4799 1026 4881 speciem,
1054 4799 1129 4881 quia
1150 4799 1197 4861 ita
1219 4818 1275 4881 pro
1301 4795 1446 4879 θνὲσχετο
1470 4799 1639 4865 dicendum
1660 4800 1772 4865 fuisset
1797 4800 1866 4866 ὑτθ

687 4925 786 4975 μεινεν
817 4907 874 4967 aut
903 4902 1035 4981 ὑπέστη,
1067 4909 1109 4972 οι,
1130 4904 1226 4978 αὐτὴν
1257 4924 1371 4970 sanum
1393 4926 1461 4971 esse
1484 4906 1621 4973 videtur.
1647 4905 1866 4974 Nihilominus
