<?xml version="1.0" encoding="UTF-8"?>
<!DOCTYPE html PUBLIC "-//W3C//DTD XHTML 1.0 Transitional//EN"
    "http://www.w3.org/TR/xhtml1/DTD/xhtml1-transitional.dtd">
<html xmlns="http://www.w3.org/1999/xhtml" xml:lang="en" lang="en">
 <head>
  <title>
</title>
<meta http-equiv="Content-Type" content="text/html;charset=utf-8" />
  <meta name='ocr-system' content='tesseract 3.04.00' />
  <meta name='ocr-capabilities' content='ocr_page ocr_carea ocr_par ocr_line ocrx_word'/>
</head>
<body>
  <div class='ocr_page' id='page_1' title='image "./mnemosyne04verdgoog_0267.png"; bbox 0 0 5125 6150; ppageno 0'>
   <div class='ocr_carea' id='block_1_1' title="bbox 803 813 1479 879">
    <p class='ocr_par' dir='ltr' id='par_1_1' title="bbox 803 813 1479 879">
     <span class='ocr_line' id='line_1_1' title="bbox 803 813 1479 879; baseline -0.004 -1"><span class='ocrx_word' id='word_1_1' title='bbox 803 813 869 879; x_wconf 84' lang='lat'><strong><em>266</em></strong></span> <span class='ocrx_word' id='word_1_2' title='bbox 1311 829 1479 878; x_wconf 75' lang='lat' dir='ltr'><strong>nnumts.</strong></span> 
     </span>
    </p>
   </div>
   <div class='ocr_carea' id='block_1_2' title="bbox 799 989 1996 1501">
    <p class='ocr_par' dir='ltr' id='par_1_2' title="bbox 799 989 1996 1501">
     <span class='ocr_line' id='line_1_2' title="bbox 846 989 1996 1079; baseline -0.003 -22"><span class='ocrx_word' id='word_1_3' title='bbox 846 997 863 1079; x_wconf 60' lang='grc' dir='ltr'>ᾖ</span> <span class='ocrx_word' id='word_1_4' title='bbox 887 993 946 1057; x_wconf 85' lang='lat'><strong><em>19:</em></strong></span> <span class='ocrx_word' id='word_1_5' title='bbox 970 995 997 1058; x_wconf 89' lang='grc' dir='ltr'><strong><em>οί</em></strong></span> <span class='ocrx_word' id='word_1_6' title='bbox 1021 992 1166 1070; x_wconf 83' lang='grc' dir='ltr'><strong><em>δελφῖνες</em></strong></span> <span class='ocrx_word' id='word_1_7' title='bbox 1191 994 1254 1071; x_wconf 72' lang='grc' dir='ltr'><strong><em>γὰρ</em></strong></span> <span class='ocrx_word' id='word_1_8' title='bbox 1278 992 1379 1057; x_wconf 77' lang='grc' dir='ltr'><strong><em>αὑτὸ</em></strong></span> <span class='ocrx_word' id='word_1_9' title='bbox 1404 990 1567 1062; x_wconf 70' lang='grc' dir='ltr'><strong><em>ὑποδύντες</em></strong></span> <span class='ocrx_word' id='word_1_10' title='bbox 1591 989 1755 1065; x_wconf 77' lang='grc' dir='ltr'><strong><em>ίξοίσουσιν</em></strong></span> <span class='ocrx_word' id='word_1_11' title='bbox 1778 991 1828 1054; x_wconf 89' lang='grc' dir='ltr'><strong><em>ε’πί</em></strong></span> <span class='ocrx_word' id='word_1_12' title='bbox 1851 992 1907 1061; x_wconf 76' lang='grc' dir='ltr'><strong><em>την</em></strong></span> <span class='ocrx_word' id='word_1_13' title='bbox 1923 997 1996 1066; x_wconf 71' lang='grc' dir='ltr'><strong><em>γῆν.</em></strong></span> 
     </span>
     <span class='ocr_line' id='line_1_3' title="bbox 799 1094 1994 1185; baseline -0.003 -21"><span class='ocrx_word' id='word_1_14' title='bbox 799 1100 991 1185; x_wconf 81' lang='lat' dir='ltr'>Elegantius</span> <span class='ocrx_word' id='word_1_15' title='bbox 1011 1100 1185 1164; x_wconf 77' lang='lat' dir='ltr'>scribetur:</span> <span class='ocrx_word' id='word_1_16' title='bbox 1209 1099 1326 1165; x_wconf 78' lang='grc' dir='ltr'><strong><em>αὑτοὶ</em></strong></span> <span class='ocrx_word' id='word_1_17' title='bbox 1350 1098 1525 1168; x_wconf 73' lang='grc' dir='ltr'><strong><em>ὑποδύντες.</em></strong></span> <span class='ocrx_word' id='word_1_18' title='bbox 1546 1096 1624 1162; x_wconf 87' lang='lat' dir='ltr'><strong>Vide</strong></span> <span class='ocrx_word' id='word_1_19' title='bbox 1644 1097 1740 1161; x_wconf 87' lang='lat' dir='ltr'><strong>modo</strong></span> <span class='ocrx_word' id='word_1_20' title='bbox 1759 1096 1893 1161; x_wconf 85' lang='lat' dir='ltr'><strong>Herodt.</strong></span> <span class='ocrx_word' id='word_1_21' title='bbox 1905 1096 1921 1159; x_wconf 93' lang='lat' dir='ltr'>l</span> <span class='ocrx_word' id='word_1_22' title='bbox 1934 1094 1994 1160; x_wconf 86' lang='lat'><strong><em>31:</em></strong></span> 
     </span>
     <span class='ocr_line' id='line_1_4' title="bbox 801 1199 1996 1286; baseline -0.005 -15"><span class='ocrx_word' id='word_1_23' title='bbox 801 1205 963 1276; x_wconf 73' lang='grc' dir='ltr'><strong><em>ὑποδύντες</em></strong></span> <span class='ocrx_word' id='word_1_24' title='bbox 997 1204 1084 1271; x_wconf 78' lang='grc' dir='ltr'><strong><em>αὐτοί</em></strong></span> <span class='ocrx_word' id='word_1_25' title='bbox 1119 1206 1176 1269; x_wconf 77' lang='grc' dir='ltr'><strong><em>ὑπὸ</em></strong></span> <span class='ocrx_word' id='word_1_26' title='bbox 1207 1206 1263 1278; x_wconf 78' lang='grc' dir='ltr'><strong><em>την</em></strong></span> <span class='ocrx_word' id='word_1_27' title='bbox 1295 1204 1431 1286; x_wconf 75' lang='grc' dir='ltr'><strong><em>ζεύγλην</em></strong></span> <span class='ocrx_word' id='word_1_28' title='bbox 1462 1199 1562 1268; x_wconf 85' lang='grc' dir='ltr'><strong><em>είλιιον</em></strong></span> <span class='ocrx_word' id='word_1_29' title='bbox 1586 1204 1642 1275; x_wconf 79' lang='grc' dir='ltr'><strong><em>τίρν</em></strong></span> <span class='ocrx_word' id='word_1_30' title='bbox 1664 1200 1805 1280; x_wconf 77' lang='grc' dir='ltr'><strong><em>ἅμαξαν.</em></strong></span> <span class='ocrx_word' id='word_1_31' title='bbox 1829 1202 1911 1265; x_wconf 81' lang='lat' dir='ltr'><strong>Item</strong></span> <span class='ocrx_word' id='word_1_32' title='bbox 1935 1201 1996 1265; x_wconf 87' lang='lat' dir='ltr'><strong><em>De·</em></strong></span> 
     </span>
     <span class='ocr_line' id='line_1_5' title="bbox 802 1307 1995 1396; baseline -0.004 -21"><span class='ocrx_word' id='word_1_33' title='bbox 802 1320 938 1376; x_wconf 75' lang='lat' dir='ltr'><strong>monaci.</strong></span> <span class='ocrx_word' id='word_1_34' title='bbox 972 1309 1014 1375; x_wconf 83' lang='lat'><strong><em>67</em></strong></span> <span class='ocrx_word' id='word_1_35' title='bbox 1046 1318 1204 1396; x_wconf 81' lang='lat' dir='ltr'>praestat:</span> <span class='ocrx_word' id='word_1_36' title='bbox 1238 1311 1355 1375; x_wconf 88' lang='grc' dir='ltr'><strong><em>αὑτοί</em></strong></span> <span class='ocrx_word' id='word_1_37' title='bbox 1388 1312 1492 1384; x_wconf 72' lang='grc' dir='ltr'><strong><em>μέντοι</em></strong></span> <span class='ocrx_word' id='word_1_38' title='bbox 1526 1307 1689 1379; x_wconf 71' lang='grc' dir='ltr'><strong><em>ὑποδύντες</em></strong></span> <span class='ocrx_word' id='word_1_39' title='bbox 1721 1307 1859 1389; x_wconf 76' lang='grc' dir='ltr'><strong><em>ἐκόμιζον</em></strong></span> <span class='ocrx_word' id='word_1_40' title='bbox 1882 1307 1995 1383; x_wconf 86' lang='grc' dir='ltr'><strong><em>αὑτύν,</em></strong></span> 
     </span>
     <span class='ocr_line' id='line_1_6' title="bbox 802 1412 1024 1501; baseline 0 -19"><span class='ocrx_word' id='word_1_41' title='bbox 802 1438 878 1501; x_wconf 82' lang='lat' dir='ltr'><strong>pree</strong></span> <span class='ocrx_word' id='word_1_42' title='bbox 900 1412 1024 1482; x_wconf 87' lang='grc' dir='ltr'><strong><em>οὑτοι.</em></strong></span> 
     </span>
    </p>
   </div>
   <div class='ocr_carea' id='block_1_3' title="bbox 797 1647 1996 2030">
    <p class='ocr_par' dir='ltr' id='par_1_3' title="bbox 797 1647 1996 2030">
     <span class='ocr_line' id='line_1_7' title="bbox 847 1647 1996 1733; baseline 0.002 -21"><span class='ocrx_word' id='word_1_43' title='bbox 847 1648 948 1733; x_wconf 75' lang='lat'><strong><em>§222</em></strong></span> <span class='ocrx_word' id='word_1_44' title='bbox 981 1650 1042 1726; x_wconf 75' lang='grc' dir='ltr'><strong><em>ίγὺ</em></strong></span> <span class='ocrx_word' id='word_1_45' title='bbox 1074 1647 1105 1712; x_wconf 73' lang='grc' dir='ltr'><strong><em>δὲ</em></strong></span> <span class='ocrx_word' id='word_1_46' title='bbox 1137 1648 1300 1727; x_wconf 81' lang='grc' dir='ltr'><strong><em>προκύψας</em></strong></span> <span class='ocrx_word' id='word_1_47' title='bbox 1331 1647 1430 1728; x_wconf 80' lang='grc' dir='ltr'><strong><em>ι’ύοπερ</em></strong></span> <span class='ocrx_word' id='word_1_48' title='bbox 1453 1652 1469 1712; x_wconf 84' lang='grc' dir='ltr'><strong><em>ί</em></strong></span> <span class='ocrx_word' id='word_1_49' title='bbox 1492 1649 1602 1726; x_wconf 74' lang='grc' dir='ltr'><strong><em>ἥλιος</em></strong></span> <span class='ocrx_word' id='word_1_50' title='bbox 1627 1648 1745 1713; x_wconf 81' lang='grc' dir='ltr'><strong><em>ἐκείνοιν</em></strong></span> <span class='ocrx_word' id='word_1_51' title='bbox 1767 1649 1825 1723; x_wconf 74' lang='grc' dir='ltr'><strong><em>μὲν</em></strong></span> <span class='ocrx_word' id='word_1_52' title='bbox 1846 1648 1908 1714; x_wconf 80' lang='grc' dir='ltr'><strong><em>οὐδ’</em></strong></span> <span class='ocrx_word' id='word_1_53' title='bbox 1932 1650 1996 1714; x_wconf 81' lang='grc' dir='ltr'><strong><em>ίπι-</em></strong></span> 
     </span>
     <span class='ocr_line' id='line_1_8' title="bbox 799 1751 1994 1839; baseline 0 -21"><span class='ocrx_word' id='word_1_54' title='bbox 799 1753 966 1835; x_wconf 83' lang='grc' dir='ltr'><strong><em>βλίψομαι</em></strong></span> <span class='ocrx_word' id='word_1_55' title='bbox 999 1754 1102 1824; x_wconf 77' lang='grc' dir='ltr'><strong><em>ἐνίους.</em></strong></span> <span class='ocrx_word' id='word_1_56' title='bbox 1135 1754 1180 1819; x_wconf 90' lang='lat' dir='ltr'><strong><em>Ut</em></strong></span> <span class='ocrx_word' id='word_1_57' title='bbox 1211 1753 1271 1819; x_wconf 87' lang='lat' dir='ltr'><strong><em>hoc</em></strong></span> <span class='ocrx_word' id='word_1_58' title='bbox 1303 1754 1407 1839; x_wconf 87' lang='lat' dir='ltr'><strong>lepide</strong></span> <span class='ocrx_word' id='word_1_59' title='bbox 1438 1755 1563 1820; x_wconf 85' lang='lat' dir='ltr'><strong>dietum</strong></span> <span class='ocrx_word' id='word_1_60' title='bbox 1590 1758 1650 1831; x_wconf 91' lang='lat' dir='ltr'><strong>sit,</strong></span> <span class='ocrx_word' id='word_1_61' title='bbox 1674 1758 1830 1819; x_wconf 79' lang='lat' dir='ltr'><strong>inseram:</strong></span> <span class='ocrx_word' id='word_1_62' title='bbox 1854 1751 1994 1833; x_wconf 81' lang='grc' dir='ltr'><strong><em>ὑσπερὺ</em></strong></span> 
     </span>
     <span class='ocr_line' id='line_1_9' title="bbox 799 1856 1996 1946; baseline 0.001 -23"><span class='ocrx_word' id='word_1_63' title='bbox 799 1864 1004 1941; x_wconf 69' lang='grc' dir='ltr'><strong><em>(χρυσοῦς)</em></strong></span> <span class='ocrx_word' id='word_1_64' title='bbox 1038 1856 1131 1933; x_wconf 73' lang='grc' dir='ltr'><strong><em>ἥλιος.</em></strong></span> <span class='ocrx_word' id='word_1_65' title='bbox 1158 1858 1205 1925; x_wconf 88' lang='lat' dir='ltr'><strong><em>De</em></strong></span> <span class='ocrx_word' id='word_1_66' title='bbox 1229 1859 1458 1946; x_wconf 83' lang='lat' dir='ltr'><strong>compendiolis</strong></span> <span class='ocrx_word' id='word_1_67' title='bbox 1481 1861 1598 1945; x_wconf 86' lang='lat' dir='ltr'><strong>quibus</strong></span> <span class='ocrx_word' id='word_1_68' title='bbox 1620 1860 1733 1941; x_wconf 75' lang='grc' dir='ltr'><strong><em>χρυσός</em></strong></span> <span class='ocrx_word' id='word_1_69' title='bbox 1758 1866 1792 1925; x_wconf 86' lang='lat' dir='ltr'><strong><em>et</em></strong></span> <span class='ocrx_word' id='word_1_70' title='bbox 1814 1858 1896 1934; x_wconf 77' lang='grc' dir='ltr'><strong><em>ἥλιος</em></strong></span> <span class='ocrx_word' id='word_1_71' title='bbox 1919 1863 1996 1925; x_wconf 85' lang='lat' dir='ltr'><strong>scri-</strong></span> 
     </span>
     <span class='ocr_line' id='line_1_10' title="bbox 797 1966 1161 2030; baseline -0.003 0"><span class='ocrx_word' id='word_1_72' title='bbox 797 1966 919 2030; x_wconf 89' lang='lat' dir='ltr'><strong>buntur</strong></span> <span class='ocrx_word' id='word_1_73' title='bbox 942 1967 1050 2030; x_wconf 83' lang='lat' dir='ltr'><strong>omnis</strong></span> <span class='ocrx_word' id='word_1_74' title='bbox 1074 1970 1161 2029; x_wconf 85' lang='lat' dir='ltr'><strong>note.</strong></span> 
     </span>
    </p>
   </div>
   <div class='ocr_carea' id='block_1_4' title="bbox 797 2195 1996 2700">
    <p class='ocr_par' dir='ltr' id='par_1_4' title="bbox 797 2195 1996 2700">
     <span class='ocr_line' id='line_1_11' title="bbox 844 2195 1993 2280; baseline 0.002 -19"><span class='ocrx_word' id='word_1_75' title='bbox 844 2198 862 2280; x_wconf 83' lang='lat'>§</span> <span class='ocrx_word' id='word_1_76' title='bbox 882 2196 943 2261; x_wconf 86' lang='lat'><strong><em>29:</em></strong></span> <span class='ocrx_word' id='word_1_77' title='bbox 968 2196 1002 2261; x_wconf 82' lang='grc' dir='ltr'><strong><em>τί</em></strong></span> <span class='ocrx_word' id='word_1_78' title='bbox 1027 2200 1166 2275; x_wconf 74' lang='grc' dir='ltr'><strong><em>πρῑογμα</em></strong></span> <span class='ocrx_word' id='word_1_79' title='bbox 1189 2197 1251 2279; x_wconf 80' lang='grc' dir='ltr'><strong><em>οὑχ</em></strong></span> <span class='ocrx_word' id='word_1_80' title='bbox 1275 2198 1383 2273; x_wconf 82' lang='grc' dir='ltr'><strong><em>ύμοίυς</em></strong></span> <span class='ocrx_word' id='word_1_81' title='bbox 1408 2196 1481 2275; x_wconf 76' lang='grc' dir='ltr'><strong><em>ἡδύ,</em></strong></span> <span class='ocrx_word' id='word_1_82' title='bbox 1505 2195 1605 2276; x_wconf 85' lang='grc' dir='ltr'><strong><em>ὑσπερ</em></strong></span> <span class='ocrx_word' id='word_1_83' title='bbox 1628 2196 1703 2263; x_wconf 83' lang='grc' dir='ltr'><strong><em>ύταν</em></strong></span> <span class='ocrx_word' id='word_1_84' title='bbox 1727 2195 1745 2279; x_wconf 69' lang='grc' dir='ltr'><em>ᾗ</em></span> <span class='ocrx_word' id='word_1_85' title='bbox 1768 2222 1816 2270; x_wconf 89' lang='grc' dir='ltr'><strong><em>τις</em></strong></span> <span class='ocrx_word' id='word_1_86' title='bbox 1839 2201 1934 2270; x_wconf 80' lang='grc' dir='ltr'><strong><em>αὖτίς</em></strong></span> <span class='ocrx_word' id='word_1_87' title='bbox 1956 2198 1993 2263; x_wconf 83' lang='grc' dir='ltr'><strong><em>δι’</em></strong></span> 
     </span>
     <span class='ocr_line' id='line_1_12' title="bbox 799 2300 1996 2391; baseline 0.004 -26"><span class='ocrx_word' id='word_1_88' title='bbox 799 2301 895 2366; x_wconf 83' lang='grc' dir='ltr'><strong><em>αὑτοῦ</em></strong></span> <span class='ocrx_word' id='word_1_89' title='bbox 920 2300 1112 2377; x_wconf 70' lang='grc' dir='ltr'><strong><em>κτησάμενος</em></strong></span> <span class='ocrx_word' id='word_1_90' title='bbox 1137 2303 1192 2375; x_wconf 75' lang='grc' dir='ltr'><strong><em>την</em></strong></span> <span class='ocrx_word' id='word_1_91' title='bbox 1214 2304 1388 2370; x_wconf 83' lang='grc' dir='ltr'><strong><em>δυναςείαν.</em></strong></span> <span class='ocrx_word' id='word_1_92' title='bbox 1413 2302 1463 2368; x_wconf 79' lang='lat' dir='ltr'><strong><em>lta</em></strong></span> <span class='ocrx_word' id='word_1_93' title='bbox 1485 2302 1681 2369; x_wconf 82' lang='lat' dir='ltr'><strong>Fritzsehius</strong></span> <span class='ocrx_word' id='word_1_94' title='bbox 1704 2304 1804 2369; x_wconf 82' lang='lat' dir='ltr'><strong>edidit</strong></span> <span class='ocrx_word' id='word_1_95' title='bbox 1824 2326 1884 2381; x_wconf 83' lang='lat' dir='ltr'><strong><em>„ex</em></strong></span> <span class='ocrx_word' id='word_1_96' title='bbox 1903 2326 1996 2391; x_wconf 81' lang='lat' dir='ltr'><strong>pree-</strong></span> 
     </span>
     <span class='ocr_line' id='line_1_13' title="bbox 798 2406 1994 2491; baseline 0.001 -19"><span class='ocrx_word' id='word_1_97' title='bbox 798 2407 881 2472; x_wconf 82' lang='lat' dir='ltr'><strong>elare</strong></span> <span class='ocrx_word' id='word_1_98' title='bbox 902 2406 1058 2491; x_wconf 82' lang='lat' dir='ltr'>planeque</span> <span class='ocrx_word' id='word_1_99' title='bbox 1078 2418 1164 2473; x_wconf 81' lang='lat' dir='ltr'><strong>certe</strong></span> <span class='ocrx_word' id='word_1_100' title='bbox 1182 2408 1447 2473; x_wconf 84' lang='lat' dir='ltr'><strong>Sommerbrodtii</strong></span> <span class='ocrx_word' id='word_1_101' title='bbox 1465 2409 1719 2474; x_wconf 81' lang='lat' dir='ltr'><strong>emendatione.&#39;&#39;</strong></span> <span class='ocrx_word' id='word_1_102' title='bbox 1739 2409 1810 2475; x_wconf 89' lang='lat' dir='ltr'><strong><em>Non</em></strong></span> <span class='ocrx_word' id='word_1_103' title='bbox 1822 2413 1994 2475; x_wconf 77' lang='lat' dir='ltr'><strong>assentior:</strong></span> 
     </span>
     <span class='ocr_line' id='line_1_14' title="bbox 797 2509 1994 2600; baseline 0.003 -24"><span class='ocrx_word' id='word_1_104' title='bbox 797 2512 872 2577; x_wconf 89' lang='lat' dir='ltr'>libri</span> <span class='ocrx_word' id='word_1_105' title='bbox 896 2513 1031 2578; x_wconf 82' lang='lat' dir='ltr'><strong>habent:</strong></span> <span class='ocrx_word' id='word_1_106' title='bbox 1057 2509 1130 2578; x_wconf 77' lang='grc' dir='ltr'><strong><em>ὅταν</em></strong></span> <span class='ocrx_word' id='word_1_107' title='bbox 1153 2512 1202 2593; x_wconf 85' lang='grc' dir='ltr'><strong><em>ίδη</em></strong></span> <span class='ocrx_word' id='word_1_108' title='bbox 1225 2536 1272 2587; x_wconf 84' lang='grc' dir='ltr'><strong><em>τις</em></strong></span> <span class='ocrx_word' id='word_1_109' title='bbox 1296 2518 1330 2579; x_wconf 88' lang='lat' dir='ltr'><strong><em>et</em></strong></span> <span class='ocrx_word' id='word_1_110' title='bbox 1349 2511 1394 2579; x_wconf 79' lang='grc' dir='ltr'><strong><em>ὑτ·</em></strong></span> <span class='ocrx_word' id='word_1_111' title='bbox 1416 2512 1453 2579; x_wconf 74' lang='grc' dir='ltr'><strong><em>ἂν</em></strong></span> <span class='ocrx_word' id='word_1_112' title='bbox 1474 2514 1530 2591; x_wconf 76' lang='grc' dir='ltr'><strong><em>ἤδη</em></strong></span> <span class='ocrx_word' id='word_1_113' title='bbox 1550 2534 1615 2587; x_wconf 85' lang='grc' dir='ltr'><strong><em>τις·</em></strong></span> <span class='ocrx_word' id='word_1_114' title='bbox 1636 2514 1726 2579; x_wconf 82' lang='lat' dir='ltr'><strong>ducit</strong></span> <span class='ocrx_word' id='word_1_115' title='bbox 1743 2515 1994 2600; x_wconf 82' lang='lat' dir='ltr'><strong>heeeseriptnre</strong></span> 
     </span>
     <span class='ocr_line' id='line_1_15' title="bbox 799 2616 1150 2700; baseline 0 -16"><span class='ocrx_word' id='word_1_116' title='bbox 799 2619 858 2684; x_wconf 85' lang='lat' dir='ltr'><strong><em>ed:</em></strong></span> <span class='ocrx_word' id='word_1_117' title='bbox 883 2616 958 2684; x_wconf 77' lang='grc' dir='ltr'><strong><em>ὅταν</em></strong></span> <span class='ocrx_word' id='word_1_118' title='bbox 983 2617 1069 2700; x_wconf 65' lang='lat' dir='ltr'><strong>sili</strong></span> <span class='ocrx_word' id='word_1_119' title='bbox 1094 2642 1150 2692; x_wconf 86' lang='grc' dir='ltr'><strong><em>τις.</em></strong></span> 
     </span>
    </p>
   </div>
   <div class='ocr_carea' id='block_1_5' title="bbox 802 2835 1991 3015">
    <p class='ocr_par' dir='ltr' id='par_1_5' title="bbox 802 2835 1991 3015">
     <span class='ocr_line' id='line_1_16' title="bbox 845 2835 1991 2920; baseline 0.002 -20"><span class='ocrx_word' id='word_1_120' title='bbox 845 2838 864 2920; x_wconf 81' lang='lat'>§</span> <span class='ocrx_word' id='word_1_121' title='bbox 884 2836 946 2902; x_wconf 84' lang='lat'><strong><em>29:</em></strong></span> <span class='ocrx_word' id='word_1_122' title='bbox 967 2835 1058 2902; x_wconf 78' lang='grc' dir='ltr'><strong><em>ἒίίλυ</em></strong></span> <span class='ocrx_word' id='word_1_123' title='bbox 1071 2838 1133 2916; x_wconf 72' lang='grc' dir='ltr'><strong><em>γὰρ</em></strong></span> <span class='ocrx_word' id='word_1_124' title='bbox 1145 2835 1256 2902; x_wconf 84' lang='grc' dir='ltr'><strong><em>είδίναι</em></strong></span> <span class='ocrx_word' id='word_1_125' title='bbox 1269 2875 1313 2887; x_wconf 91' lang='grc'>-</span> <span class='ocrx_word' id='word_1_126' title='bbox 1325 2836 1376 2901; x_wconf 77' lang='grc' dir='ltr'><strong><em>ἐπί</em></strong></span> <span class='ocrx_word' id='word_1_127' title='bbox 1389 2837 1477 2909; x_wconf 85' lang='grc' dir='ltr'><strong><em>τίνας</em></strong></span> <span class='ocrx_word' id='word_1_128' title='bbox 1498 2838 1543 2903; x_wconf 75' lang='grc' dir='ltr'><strong><em>ὑί</em></strong></span> <span class='ocrx_word' id='word_1_129' title='bbox 1552 2854 1571 2902; x_wconf 93' lang='grc' dir='ltr'><strong><em>λ</em></strong></span> <span class='ocrx_word' id='word_1_130' title='bbox 1581 2839 1592 2903; x_wconf 94' lang='grc' dir='ltr'><strong><em>ί</em></strong></span> <span class='ocrx_word' id='word_1_131' title='bbox 1599 2862 1662 2911; x_wconf 92' lang='grc' dir='ltr'><strong><em>ους</em></strong></span> <span class='ocrx_word' id='word_1_132' title='bbox 1682 2839 1814 2919; x_wconf 74' lang='grc' dir='ltr'><strong><em>πρώτους</em></strong></span> <span class='ocrx_word' id='word_1_133' title='bbox 1827 2837 1991 2919; x_wconf 66' lang='grc' dir='ltr'><strong><em>ἀφίξεσθε.</em></strong></span> 
     </span>
     <span class='ocr_line' id='line_1_17' title="bbox 802 2941 1483 3015; baseline 0.001 -10"><span class='ocrx_word' id='word_1_134' title='bbox 802 2941 926 3005; x_wconf 84' lang='lat' dir='ltr'><strong>Mirum</strong></span> <span class='ocrx_word' id='word_1_135' title='bbox 948 2945 982 3006; x_wconf 92' lang='lat' dir='ltr'><strong>ni</strong></span> <span class='ocrx_word' id='word_1_136' title='bbox 1006 2963 1119 3007; x_wconf 86' lang='lat' dir='ltr'><strong>verum</strong></span> <span class='ocrx_word' id='word_1_137' title='bbox 1144 2942 1307 3007; x_wconf 85' lang='lat' dir='ltr'><strong>videbitur</strong></span> <span class='ocrx_word' id='word_1_138' title='bbox 1328 2941 1483 3015; x_wconf 81' lang='grc' dir='ltr'><strong><em>ὑίλους.</em></strong></span> 
     </span>
    </p>
   </div>
   <div class='ocr_carea' id='block_1_6' title="bbox 800 3174 1994 3356">
    <p class='ocr_par' dir='ltr' id='par_1_6' title="bbox 800 3174 1994 3356">
     <span class='ocr_line' id='line_1_18' title="bbox 845 3174 1994 3258; baseline 0.002 -19"><span class='ocrx_word' id='word_1_139' title='bbox 845 3175 943 3258; x_wconf 77' lang='lat'><strong><em>§322</em></strong></span> <span class='ocrx_word' id='word_1_140' title='bbox 977 3174 1177 3253; x_wconf 72' lang='grc' dir='ltr'><strong><em>ἐπευξάμενον</em></strong></span> <span class='ocrx_word' id='word_1_141' title='bbox 1210 3178 1252 3256; x_wconf 79' lang='grc' dir='ltr'><strong><em>τῷ</em></strong></span> <span class='ocrx_word' id='word_1_142' title='bbox 1283 3175 1488 3253; x_wconf 72' lang='grc' dir='ltr'><strong><em>βασιλεύω</em></strong></span> <span class='ocrx_word' id='word_1_143' title='bbox 1514 3177 1575 3242; x_wconf 91' lang='grc' dir='ltr'><strong><em>Διί.</em></strong></span> <span class='ocrx_word' id='word_1_144' title='bbox 1600 3176 1673 3241; x_wconf 82' lang='lat' dir='ltr'><strong>Diei</strong></span> <span class='ocrx_word' id='word_1_145' title='bbox 1695 3176 1776 3242; x_wconf 87' lang='lat' dir='ltr'><strong>solet</strong></span> <span class='ocrx_word' id='word_1_146' title='bbox 1799 3176 1876 3248; x_wconf 83' lang='grc' dir='ltr'><strong><em>Ζεὺς</em></strong></span> <span class='ocrx_word' id='word_1_147' title='bbox 1900 3177 1994 3253; x_wconf 91' lang='grc' dir='ltr'><strong><em>βασι-</em></strong></span> 
     </span>
     <span class='ocr_line' id='line_1_19' title="bbox 800 3279 1154 3356; baseline -0.003 -12"><span class='ocrx_word' id='word_1_148' title='bbox 800 3279 872 3351; x_wconf 87' lang='grc' dir='ltr'><strong><em>λεύς</em></strong></span> <span class='ocrx_word' id='word_1_149' title='bbox 896 3301 959 3345; x_wconf 90' lang='lat' dir='ltr'><strong><em>non</em></strong></span> <span class='ocrx_word' id='word_1_150' title='bbox 982 3280 1154 3356; x_wconf 88' lang='grc' dir='ltr'><strong><em>βασίλειος.</em></strong></span> 
     </span>
    </p>
   </div>
   <div class='ocr_carea' id='block_1_7' title="bbox 798 3497 1995 4092">
    <p class='ocr_par' dir='ltr' id='par_1_7' title="bbox 798 3497 1995 4092">
     <span class='ocr_line' id='line_1_20' title="bbox 844 3497 1995 3588; baseline 0.003 -25"><span class='ocrx_word' id='word_1_151' title='bbox 844 3500 863 3582; x_wconf 81' lang='lat'>§</span> <span class='ocrx_word' id='word_1_152' title='bbox 883 3498 942 3563; x_wconf 86' lang='lat'><strong><em>35:</em></strong></span> <span class='ocrx_word' id='word_1_153' title='bbox 968 3499 1074 3564; x_wconf 79' lang='grc' dir='ltr'><strong><em>κοιτίι</em></strong></span> <span class='ocrx_word' id='word_1_154' title='bbox 1098 3498 1365 3579; x_wconf 72' lang='grc' dir='ltr'><strong><em>μεσημβρίαν</em></strong></span> <span class='ocrx_word' id='word_1_155' title='bbox 1388 3499 1452 3576; x_wconf 70' lang='grc' dir='ltr'><strong><em>γὰρ</em></strong></span> <span class='ocrx_word' id='word_1_156' title='bbox 1475 3497 1530 3573; x_wconf 72' lang='grc' dir='ltr'><strong><em>ἤδη</em></strong></span> <span class='ocrx_word' id='word_1_157' title='bbox 1555 3498 1691 3573; x_wconf 75' lang='grc' dir='ltr'><strong><em>μύλιςοι.</em></strong></span> <span class='ocrx_word' id='word_1_158' title='bbox 1725 3499 1862 3565; x_wconf 88' lang='lat' dir='ltr'><strong>Omnino</strong></span> <span class='ocrx_word' id='word_1_159' title='bbox 1885 3501 1995 3588; x_wconf 82' lang='lat' dir='ltr'><strong>legen·</strong></span> 
     </span>
     <span class='ocr_line' id='line_1_21' title="bbox 800 3601 1993 3692; baseline 0.002 -23"><span class='ocrx_word' id='word_1_160' title='bbox 800 3605 896 3669; x_wconf 90' lang='lat' dir='ltr'><strong>dum:</strong></span> <span class='ocrx_word' id='word_1_161' title='bbox 917 3601 1062 3672; x_wconf 82' lang='grc' dir='ltr'><strong><em>ίςοοται</em></strong></span> <span class='ocrx_word' id='word_1_162' title='bbox 1083 3605 1345 3683; x_wconf 78' lang='grc' dir='ltr'><strong><em>μεσημβρία,</em></strong></span> <span class='ocrx_word' id='word_1_163' title='bbox 1366 3625 1463 3688; x_wconf 91' lang='lat' dir='ltr'><strong>quem</strong></span> <span class='ocrx_word' id='word_1_164' title='bbox 1482 3603 1650 3669; x_wconf 83' lang='lat' dir='ltr'><strong>flosculum</strong></span> <span class='ocrx_word' id='word_1_165' title='bbox 1662 3604 1822 3670; x_wconf 80' lang='lat' dir='ltr'><strong>Lucienus</strong></span> <span class='ocrx_word' id='word_1_166' title='bbox 1835 3605 1993 3692; x_wconf 79' lang='lat' dir='ltr'><strong>decerpsit</strong></span> 
     </span>
     <span class='ocr_line' id='line_1_22' title="bbox 798 3709 1990 3798; baseline 0.003 -23"><span class='ocrx_word' id='word_1_167' title='bbox 798 3733 838 3776; x_wconf 82' lang='lat' dir='ltr'><strong><em>ex</em></strong></span> <span class='ocrx_word' id='word_1_168' title='bbox 862 3710 944 3775; x_wconf 82' lang='lat' dir='ltr'><strong>Plat.</strong></span> <span class='ocrx_word' id='word_1_169' title='bbox 967 3709 1101 3774; x_wconf 83' lang='lat' dir='ltr'><strong>Phaedr.</strong></span> <span class='ocrx_word' id='word_1_170' title='bbox 1127 3732 1156 3795; x_wconf 94' lang='lat' dir='ltr'><strong><em>p.</em></strong></span> <span class='ocrx_word' id='word_1_171' title='bbox 1182 3710 1249 3775; x_wconf 83' lang='lat'><strong><em>242</em></strong></span> <span class='ocrx_word' id='word_1_172' title='bbox 1261 3711 1300 3787; x_wconf 84' lang='lat' dir='ltr'><strong><em>A,</em></strong></span> <span class='ocrx_word' id='word_1_173' title='bbox 1325 3711 1381 3774; x_wconf 93' lang='lat' dir='ltr'><strong>ubi</strong></span> <span class='ocrx_word' id='word_1_174' title='bbox 1402 3711 1460 3775; x_wconf 86' lang='lat' dir='ltr'><strong><em>hoc</em></strong></span> <span class='ocrx_word' id='word_1_175' title='bbox 1479 3713 1586 3794; x_wconf 88' lang='lat' dir='ltr'><strong>ipsum</strong></span> <span class='ocrx_word' id='word_1_176' title='bbox 1606 3709 1728 3796; x_wconf 78' lang='lat' dir='ltr'><strong>legitur</strong></span> <span class='ocrx_word' id='word_1_177' title='bbox 1748 3734 1822 3776; x_wconf 86' lang='lat' dir='ltr'><strong><em>cum</em></strong></span> <span class='ocrx_word' id='word_1_178' title='bbox 1833 3711 1990 3798; x_wconf 82' lang='lat' dir='ltr'>glossula:</span> 
     </span>
     <span class='ocr_line' id='line_1_23' title="bbox 800 3815 1991 3903; baseline 0.003 -22"><span class='ocrx_word' id='word_1_179' title='bbox 800 3821 817 3892; x_wconf 76' lang='grc' dir='ltr'><strong><em>ἦ</em></strong></span> <span class='ocrx_word' id='word_1_180' title='bbox 842 3818 873 3881; x_wconf 73' lang='grc' dir='ltr'><strong><em>δὲ</em></strong></span> <span class='ocrx_word' id='word_1_181' title='bbox 898 3815 1073 3891; x_wconf 77' lang='grc' dir='ltr'><strong><em>καλουμένη</em></strong></span> <span class='ocrx_word' id='word_1_182' title='bbox 1098 3818 1229 3895; x_wconf 80' lang='grc' dir='ltr'><strong><em>ςιιίεροί,</em></strong></span> <span class='ocrx_word' id='word_1_183' title='bbox 1254 3836 1353 3902; x_wconf 82' lang='lat' dir='ltr'><strong>quem</strong></span> <span class='ocrx_word' id='word_1_184' title='bbox 1377 3815 1590 3881; x_wconf 84' lang='lat' dir='ltr'><strong>Ruhnkenius</strong></span> <span class='ocrx_word' id='word_1_185' title='bbox 1612 3821 1778 3902; x_wconf 82' lang='lat' dir='ltr'><strong>expunxit.</strong></span> <span class='ocrx_word' id='word_1_186' title='bbox 1804 3817 1876 3903; x_wconf 92' lang='lat' dir='ltr'><strong>Ipse</strong></span> <span class='ocrx_word' id='word_1_187' title='bbox 1900 3819 1991 3884; x_wconf 85' lang='lat' dir='ltr'><strong>vides</strong></span> 
     </span>
     <span class='ocr_line' id='line_1_24' title="bbox 799 3919 1991 4007; baseline 0.002 -21"><span class='ocrx_word' id='word_1_188' title='bbox 799 3921 993 4007; x_wconf 79' lang='lat' dir='ltr'><strong><em>quantillum</em></strong></span> <span class='ocrx_word' id='word_1_189' title='bbox 1024 3923 1152 3985; x_wconf 90' lang='lat' dir='ltr'><strong>intersit</strong></span> <span class='ocrx_word' id='word_1_190' title='bbox 1175 3923 1258 3986; x_wconf 90' lang='lat' dir='ltr'><strong>inter</strong></span> <span class='ocrx_word' id='word_1_191' title='bbox 1281 3919 1388 3989; x_wconf 78' lang='grc' dir='ltr'><strong><em>ίςοιτοιι</em></strong></span> <span class='ocrx_word' id='word_1_192' title='bbox 1414 3926 1447 3986; x_wconf 87' lang='lat' dir='ltr'><strong><em>et</em></strong></span> <span class='ocrx_word' id='word_1_193' title='bbox 1471 3921 1573 3999; x_wconf 85' lang='grc' dir='ltr'><strong><em>κατοί,</em></strong></span> <span class='ocrx_word' id='word_1_194' title='bbox 1598 3943 1672 3987; x_wconf 87' lang='lat' dir='ltr'><strong><em>eum</em></strong></span> <span class='ocrx_word' id='word_1_195' title='bbox 1696 3921 1815 3987; x_wconf 89' lang='lat' dir='ltr'><strong>millies</strong></span> <span class='ocrx_word' id='word_1_196' title='bbox 1839 3925 1991 3989; x_wconf 87' lang='lat' dir='ltr'><strong>confundi</strong></span> 
     </span>
     <span class='ocr_line' id='line_1_25' title="bbox 800 4026 1104 4092; baseline -0.003 0"><span class='ocrx_word' id='word_1_197' title='bbox 800 4026 923 4092; x_wconf 79' lang='lat' dir='ltr'><strong>soleant</strong></span> <span class='ocrx_word' id='word_1_198' title='bbox 946 4036 971 4092; x_wconf 83' lang='lat' dir='ltr'><em>K</em></span> <span class='ocrx_word' id='word_1_199' title='bbox 996 4032 1029 4092; x_wconf 89' lang='lat' dir='ltr'><strong><em>et</em></strong></span> <span class='ocrx_word' id='word_1_200' title='bbox 1052 4036 1104 4091; x_wconf 87' lang='grc' dir='ltr'><strong><em>ΙΣ.</em></strong></span> 
     </span>
    </p>
   </div>
   <div class='ocr_carea' id='block_1_8' title="bbox 800 4241 1994 4434">
    <p class='ocr_par' dir='ltr' id='par_1_8' title="bbox 800 4241 1994 4434">
     <span class='ocr_line' id='line_1_26' title="bbox 847 4241 1994 4330; baseline -0.002 -20"><span class='ocrx_word' id='word_1_201' title='bbox 847 4244 942 4330; x_wconf 75' lang='lat'><strong><em>§382</em></strong></span> <span class='ocrx_word' id='word_1_202' title='bbox 976 4245 1057 4320; x_wconf 80' lang='grc' dir='ltr'><strong><em>ὑμῶν</em></strong></span> <span class='ocrx_word' id='word_1_203' title='bbox 1089 4242 1118 4308; x_wconf 72' lang='grc' dir='ltr'><strong><em>δὲ</em></strong></span> <span class='ocrx_word' id='word_1_204' title='bbox 1145 4243 1228 4308; x_wconf 82' lang='grc' dir='ltr'><strong><em>ιιατίι</em></strong></span> <span class='ocrx_word' id='word_1_205' title='bbox 1253 4244 1306 4308; x_wconf 80' lang='grc' dir='ltr'><strong><em>τὸν</em></strong></span> <span class='ocrx_word' id='word_1_206' title='bbox 1328 4244 1483 4318; x_wconf 73' lang='grc' dir='ltr'><strong><em>Ἑλλήνων</em></strong></span> <span class='ocrx_word' id='word_1_207' title='bbox 1507 4242 1595 4321; x_wconf 87' lang='grc' dir='ltr'><strong><em>νύμον</em></strong></span> <span class='ocrx_word' id='word_1_208' title='bbox 1619 4241 1676 4318; x_wconf 82' lang='grc' dir='ltr'><strong><em>είς</em></strong></span> <span class='ocrx_word' id='word_1_209' title='bbox 1701 4246 1908 4325; x_wconf 73' lang='grc' dir='ltr'><strong><em>ςρατηγδς</em></strong></span> <span class='ocrx_word' id='word_1_210' title='bbox 1934 4250 1994 4312; x_wconf 77' lang='grc' dir='ltr'><strong><em>ὄνο-</em></strong></span> 
     </span>
     <span class='ocr_line' id='line_1_27' title="bbox 800 4348 1673 4434; baseline 0.001 -20"><span class='ocrx_word' id='word_1_211' title='bbox 800 4349 984 4431; x_wconf 81' lang='grc' dir='ltr'><strong><em>μαζίμενος.</em></strong></span> <span class='ocrx_word' id='word_1_212' title='bbox 1009 4349 1105 4414; x_wconf 81' lang='lat' dir='ltr'><strong>Haud</strong></span> <span class='ocrx_word' id='word_1_213' title='bbox 1129 4348 1292 4434; x_wconf 83' lang='lat' dir='ltr'><strong>displicet:</strong></span> <span class='ocrx_word' id='word_1_214' title='bbox 1318 4351 1673 4430; x_wconf 76' lang='grc' dir='ltr'><strong><em>πρυτοςροίτηγος.</em></strong></span> 
     </span>
    </p>
   </div>
   <div class='ocr_carea' id='block_1_9' title="bbox 750 4581 1993 4888">
    <p class='ocr_par' dir='ltr' id='par_1_9' title="bbox 750 4581 1993 4888">
     <span class='ocr_line' id='line_1_28' title="bbox 848 4581 1993 4667; baseline 0.002 -19"><span class='ocrx_word' id='word_1_215' title='bbox 848 4583 947 4667; x_wconf 74' lang='lat'><strong><em>§392</em></strong></span> <span class='ocrx_word' id='word_1_216' title='bbox 979 4585 1065 4662; x_wconf 75' lang='grc' dir='ltr'><strong><em>παρὰ</em></strong></span> <span class='ocrx_word' id='word_1_217' title='bbox 1092 4584 1171 4647; x_wconf 82' lang='grc' dir='ltr'><strong><em>πολὺ</em></strong></span> <span class='ocrx_word' id='word_1_218' title='bbox 1196 4581 1401 4661; x_wconf 81' lang='grc' dir='ltr'><strong><em>ίπιπονύτεριι</em></strong></span> <span class='ocrx_word' id='word_1_219' title='bbox 1427 4583 1479 4647; x_wconf 85' lang='grc' dir='ltr'><strong><em>καί</em></strong></span> <span class='ocrx_word' id='word_1_220' title='bbox 1503 4584 1527 4658; x_wconf 94' lang='grc' dir='ltr'><strong><em>β</em></strong></span> <span class='ocrx_word' id='word_1_221' title='bbox 1536 4583 1619 4648; x_wconf 86' lang='grc' dir='ltr'><strong><em>ιαιί</em></strong></span> <span class='ocrx_word' id='word_1_222' title='bbox 1627 4608 1722 4659; x_wconf 89' lang='grc' dir='ltr'><strong><em>τερα</em></strong></span> <span class='ocrx_word' id='word_1_223' title='bbox 1745 4591 1803 4648; x_wconf 79' lang='grc' dir='ltr'><strong><em>τῶν</em></strong></span> <span class='ocrx_word' id='word_1_224' title='bbox 1829 4584 1993 4662; x_wconf 83' lang='grc' dir='ltr'><strong><em>’Λδειμοίν-</em></strong></span> 
     </span>
     <span class='ocr_line' id='line_1_29' title="bbox 801 4687 1990 4775; baseline 0.005 -25"><span class='ocrx_word' id='word_1_225' title='bbox 801 4710 864 4751; x_wconf 87' lang='grc' dir='ltr'><strong><em>του.</em></strong></span> <span class='ocrx_word' id='word_1_226' title='bbox 888 4687 925 4751; x_wconf 94' lang='lat' dir='ltr'><strong><em>In</em></strong></span> <span class='ocrx_word' id='word_1_227' title='bbox 948 4692 1070 4773; x_wconf 88' lang='lat' dir='ltr'><strong>optimo</strong></span> <span class='ocrx_word' id='word_1_228' title='bbox 1090 4688 1195 4753; x_wconf 75' lang='lat' dir='ltr'><strong>codiee</strong></span> <span class='ocrx_word' id='word_1_229' title='bbox 1216 4697 1241 4753; x_wconf 80' lang='grc' dir='ltr'>Φ</span> <span class='ocrx_word' id='word_1_230' title='bbox 1261 4687 1384 4773; x_wconf 79' lang='lat' dir='ltr'><strong>legitur</strong></span> <span class='ocrx_word' id='word_1_231' title='bbox 1403 4689 1604 4767; x_wconf 80' lang='grc' dir='ltr'><strong><em>βεβαιότερα,</em></strong></span> <span class='ocrx_word' id='word_1_232' title='bbox 1626 4690 1708 4775; x_wconf 89' lang='lat' dir='ltr'><strong>quod</strong></span> <span class='ocrx_word' id='word_1_233' title='bbox 1728 4690 1816 4755; x_wconf 84' lang='lat' dir='ltr'><strong>ducit</strong></span> <span class='ocrx_word' id='word_1_234' title='bbox 1835 4691 1874 4755; x_wconf 88' lang='lat' dir='ltr'><strong><em>nd</em></strong></span> <span class='ocrx_word' id='word_1_235' title='bbox 1900 4693 1990 4769; x_wconf 81' lang='grc' dir='ltr'><strong><em>οίβε-</em></strong></span> 
     </span>
     <span class='ocr_line' id='line_1_30' title="bbox 750 4790 1536 4888; baseline 0.005 -34"><span class='ocrx_word' id='word_1_236' title='bbox 750 4883 753 4888; x_wconf 27' lang='grc' dir='ltr'>Ι</span> <span class='ocrx_word' id='word_1_237' title='bbox 802 4790 898 4865; x_wconf 86' lang='grc' dir='ltr'><strong><em>βαιί</em></strong></span> <span class='ocrx_word' id='word_1_238' title='bbox 906 4815 1019 4872; x_wconf 86' lang='grc' dir='ltr'><strong><em>τερα,</em></strong></span> <span class='ocrx_word' id='word_1_239' title='bbox 1045 4796 1141 4859; x_wconf 82' lang='lat' dir='ltr'><strong>sicuti</strong></span> <span class='ocrx_word' id='word_1_240' title='bbox 1163 4798 1247 4858; x_wconf 87' lang='lat' dir='ltr'><strong>reete</strong></span> <span class='ocrx_word' id='word_1_241' title='bbox 1271 4792 1422 4857; x_wconf 81' lang='lat' dir='ltr'><strong>scribitur</strong></span> <span class='ocrx_word' id='word_1_242' title='bbox 1445 4794 1462 4877; x_wconf 65' lang='grc' dir='ltr'><strong>ξ</strong></span> <span class='ocrx_word' id='word_1_243' title='bbox 1483 4792 1536 4858; x_wconf 89' lang='grc'><strong><em>41.</em></strong></span> 
     </span>
    </p>
   </div>
   <div class='ocr_carea' id='block_1_10' title="bbox 0 0 2568 6148">
    <p class='ocr_par' dir='ltr' id='par_1_10' title="bbox 0 0 2568 6148">
     <span class='ocr_line' id='line_1_31' title="bbox 0 0 2568 6148; baseline 0 0"><span class='ocrx_word' id='word_1_244' title='bbox 0 0 2568 6148; x_wconf 95' lang='lat' dir='ltr'><strong><em> </em></strong></span> 
     </span>
    </p>
   </div>
  </div>
 </body>
</html>
