<?xml version="1.0" encoding="UTF-8"?>
<!DOCTYPE html PUBLIC "-//W3C//DTD XHTML 1.0 Transitional//EN"
    "http://www.w3.org/TR/xhtml1/DTD/xhtml1-transitional.dtd">
<html xmlns="http://www.w3.org/1999/xhtml" xml:lang="en" lang="en">
 <head>
  <title>
</title>
<meta http-equiv="Content-Type" content="text/html;charset=utf-8" />
  <meta name='ocr-system' content='tesseract 3.04.00' />
  <meta name='ocr-capabilities' content='ocr_page ocr_carea ocr_par ocr_line ocrx_word'/>
</head>
<body>
  <div class='ocr_page' id='page_1' title='image "./mnemosyne04verdgoog_0538.png"; bbox 0 0 5125 6150; ppageno 0'>
   <div class='ocr_carea' id='block_1_1' title="bbox 899 797 1803 862">
    <p class='ocr_par' dir='ltr' id='par_1_1' title="bbox 899 797 1803 862">
     <span class='ocr_line' id='line_1_1' title="bbox 899 797 1803 862; baseline 0.002 -2"><span class='ocrx_word' id='word_1_1' title='bbox 899 814 941 860; x_wconf 78' lang='lat' dir='ltr'><strong>DE</strong></span> <span class='ocrx_word' id='word_1_2' title='bbox 965 813 1228 861; x_wconf 75' lang='lat' dir='ltr'>ARGONAU&#39;MRUM</span> <span class='ocrx_word' id='word_1_3' title='bbox 1255 814 1397 860; x_wconf 73' lang='grc'><strong>1818111188</strong></span> <span class='ocrx_word' id='word_1_4' title='bbox 1420 814 1535 860; x_wconf 73' lang='grc'><strong>11111110.</strong></span> <span class='ocrx_word' id='word_1_5' title='bbox 1761 797 1803 862; x_wconf 77' lang='grc'><strong>55</strong></span> 
     </span>
    </p>
   </div>
   <div class='ocr_carea' id='block_1_2' title="bbox 602 975 1867 4949">
    <p class='ocr_par' dir='ltr' id='par_1_2' title="bbox 606 975 1805 1378">
     <span class='ocr_line' id='line_1_2' title="bbox 608 975 1804 1066; baseline 0.004 -25"><span class='ocrx_word' id='word_1_6' title='bbox 608 975 815 1054; x_wconf 89' lang='lat' dir='ltr'><strong>heimholen,</strong></span> <span class='ocrx_word' id='word_1_7' title='bbox 840 977 1102 1040; x_wconf 78' lang='grc'><strong>18181818881188</strong></span> <span class='ocrx_word' id='word_1_8' title='bbox 1127 979 1204 1054; x_wconf 76' lang='lat' dir='ltr'><strong>Get,</strong></span> <span class='ocrx_word' id='word_1_9' title='bbox 1229 978 1287 1041; x_wconf 88' lang='lat' dir='ltr'><strong>das</strong></span> <span class='ocrx_word' id='word_1_10' title='bbox 1310 977 1412 1042; x_wconf 86' lang='lat' dir='ltr'><strong>Psand</strong></span> <span class='ocrx_word' id='word_1_11' title='bbox 1438 979 1492 1043; x_wconf 96' lang='lat' dir='ltr'><strong>der</strong></span> <span class='ocrx_word' id='word_1_12' title='bbox 1515 977 1726 1066; x_wconf 80' lang='lat' dir='ltr'><strong>Versbhnung</strong></span> <span class='ocrx_word' id='word_1_13' title='bbox 1750 981 1804 1046; x_wconf 89' lang='lat' dir='ltr'><strong>des</strong></span> 
     </span>
     <span class='ocr_line' id='line_1_3' title="bbox 608 1082 1805 1170; baseline 0.005 -23"><span class='ocrx_word' id='word_1_14' title='bbox 608 1082 692 1147; x_wconf 85' lang='lat' dir='ltr'><strong>Zeus</strong></span> <span class='ocrx_word' id='word_1_15' title='bbox 716 1082 940 1168; x_wconf 81' lang='lat' dir='ltr'><strong>Laphystios’&#39;,</strong></span> <span class='ocrx_word' id='word_1_16' title='bbox 960 1120 1003 1129; x_wconf 94' lang='lat'><em>-</em></span> <span class='ocrx_word' id='word_1_17' title='bbox 1023 1089 1056 1146; x_wconf 91' lang='lat' dir='ltr'><strong>at</strong></span> <span class='ocrx_word' id='word_1_18' title='bbox 1078 1083 1198 1147; x_wconf 79' lang='lat' dir='ltr'><strong>frustra</strong></span> <span class='ocrx_word' id='word_1_19' title='bbox 1220 1103 1371 1169; x_wconf 77' lang='lat' dir='ltr'><strong>rogamus</strong></span> <span class='ocrx_word' id='word_1_20' title='bbox 1395 1084 1472 1168; x_wconf 91' lang='lat' dir='ltr'><strong>quid</strong></span> <span class='ocrx_word' id='word_1_21' title='bbox 1499 1085 1680 1170; x_wconf 88' lang='lat' dir='ltr'><strong>significent</strong></span> <span class='ocrx_word' id='word_1_22' title='bbox 1707 1088 1805 1152; x_wconf 87' lang='lat' dir='ltr'><strong>verba</strong></span> 
     </span>
     <span class='ocr_line' id='line_1_4' title="bbox 606 1185 1784 1277; baseline 0.003 -25"><span class='ocrx_word' id='word_1_23' title='bbox 606 1186 666 1252; x_wconf 91' lang='lat' dir='ltr'><strong>illa</strong></span> <span class='ocrx_word' id='word_1_24' title='bbox 699 1191 770 1263; x_wconf 90' lang='lat' dir='ltr'><strong>„sin</strong></span> <span class='ocrx_word' id='word_1_25' title='bbox 801 1186 931 1251; x_wconf 90' lang='lat' dir='ltr'><strong>ideslles</strong></span> <span class='ocrx_word' id='word_1_26' title='bbox 962 1185 1064 1264; x_wconf 72' lang='lat' dir='ltr'><strong>Gur’,</strong></span> <span class='ocrx_word' id='word_1_27' title='bbox 1089 1191 1275 1272; x_wconf 89' lang='lat' dir='ltr'><strong>praesertim</strong></span> <span class='ocrx_word' id='word_1_28' title='bbox 1301 1210 1376 1253; x_wconf 92' lang='lat' dir='ltr'><strong>cum</strong></span> <span class='ocrx_word' id='word_1_29' title='bbox 1401 1188 1439 1253; x_wconf 89' lang='lat' dir='ltr'><strong>de</strong></span> <span class='ocrx_word' id='word_1_30' title='bbox 1464 1189 1571 1254; x_wconf 82' lang='lat' dir='ltr'><strong>fabula</strong></span> <span class='ocrx_word' id='word_1_31' title='bbox 1594 1191 1784 1277; x_wconf 90' lang='lat' dir='ltr'><strong>Minyarum</strong></span> 
     </span>
     <span class='ocr_line' id='line_1_5' title="bbox 608 1292 1643 1378; baseline 0.002 -21"><span class='ocrx_word' id='word_1_32' title='bbox 608 1293 722 1378; x_wconf 92' lang='lat' dir='ltr'><strong>populi</strong></span> <span class='ocrx_word' id='word_1_33' title='bbox 746 1292 902 1377; x_wconf 89' lang='lat' dir='ltr'><strong>simplicis</strong></span> <span class='ocrx_word' id='word_1_34' title='bbox 926 1294 1084 1377; x_wconf 82' lang='lat' dir='ltr'>rebusque</span> <span class='ocrx_word' id='word_1_35' title='bbox 1108 1296 1281 1357; x_wconf 78' lang='lat' dir='ltr'><strong>maritimis</strong></span> <span class='ocrx_word' id='word_1_36' title='bbox 1306 1294 1424 1370; x_wconf 89' lang='lat' dir='ltr'><strong>dediti,</strong></span> <span class='ocrx_word' id='word_1_37' title='bbox 1451 1294 1507 1359; x_wconf 89' lang='grc'><strong>1181</strong></span> <span class='ocrx_word' id='word_1_38' title='bbox 1530 1316 1643 1360; x_wconf 92' lang='lat' dir='ltr'><strong>sermo.</strong></span> 
     </span>
    </p>

    <p class='ocr_par' dir='ltr' id='par_1_3' title="bbox 609 1397 1803 1692">
     <span class='ocr_line' id='line_1_6' title="bbox 657 1397 1802 1482; baseline 0.003 -20"><span class='ocrx_word' id='word_1_39' title='bbox 657 1399 904 1462; x_wconf 87' lang='lat' dir='ltr'><strong>Mannhsrdtius</strong></span> <span class='ocrx_word' id='word_1_40' title='bbox 935 1406 1044 1463; x_wconf 88' lang='lat' dir='ltr'><strong>autem</strong></span> <span class='ocrx_word' id='word_1_41' title='bbox 1075 1397 1231 1482; x_wconf 83' lang='lat' dir='ltr'><strong>explicat:</strong></span> <span class='ocrx_word' id='word_1_42' title='bbox 1265 1398 1343 1474; x_wconf 92' lang='lat' dir='ltr'><strong>„der</strong></span> <span class='ocrx_word' id='word_1_43' title='bbox 1367 1398 1497 1464; x_wconf 87' lang='lat' dir='ltr'><strong>Widder</strong></span> <span class='ocrx_word' id='word_1_44' title='bbox 1518 1403 1563 1464; x_wconf 91' lang='lat' dir='ltr'><strong>ist</strong></span> <span class='ocrx_word' id='word_1_45' title='bbox 1586 1401 1639 1465; x_wconf 92' lang='lat' dir='ltr'><strong>das</strong></span> <span class='ocrx_word' id='word_1_46' title='bbox 1663 1400 1802 1467; x_wconf 80' lang='grc'><strong>888888-</strong></span> 
     </span>
     <span class='ocr_line' id='line_1_7' title="bbox 610 1503 1803 1588; baseline 0.003 -21"><span class='ocrx_word' id='word_1_47' title='bbox 610 1504 676 1568; x_wconf 93' lang='lat' dir='ltr'><strong>und</strong></span> <span class='ocrx_word' id='word_1_48' title='bbox 707 1503 923 1588; x_wconf 76' lang='lat' dir='ltr'><strong>Tageslicht’&#39;,</strong></span> <span class='ocrx_word' id='word_1_49' title='bbox 955 1523 1058 1587; x_wconf 90' lang='lat' dir='ltr'><strong>nsque</strong></span> <span class='ocrx_word' id='word_1_50' title='bbox 1088 1503 1177 1568; x_wconf 87' lang='lat' dir='ltr'><strong>addit</strong></span> <span class='ocrx_word' id='word_1_51' title='bbox 1207 1525 1263 1568; x_wconf 91' lang='lat' dir='ltr'><strong>cur</strong></span> <span class='ocrx_word' id='word_1_52' title='bbox 1294 1503 1441 1569; x_wconf 92' lang='lat' dir='ltr'><strong>homines</strong></span> <span class='ocrx_word' id='word_1_53' title='bbox 1470 1505 1576 1570; x_wconf 87' lang='lat' dir='ltr'><strong>lucem</strong></span> <span class='ocrx_word' id='word_1_54' title='bbox 1599 1506 1674 1571; x_wconf 93' lang='lat' dir='ltr'><strong>solis</strong></span> <span class='ocrx_word' id='word_1_55' title='bbox 1697 1508 1803 1571; x_wconf 77' lang='lat' dir='ltr'><strong>arietis</strong></span> 
     </span>
     <span class='ocr_line' id='line_1_8' title="bbox 609 1607 1236 1692; baseline 0 -19"><span class='ocrx_word' id='word_1_56' title='bbox 609 1610 670 1673; x_wconf 91' lang='lat' dir='ltr'><strong>sub</strong></span> <span class='ocrx_word' id='word_1_57' title='bbox 695 1610 796 1672; x_wconf 85' lang='lat' dir='ltr'><strong>forms</strong></span> <span class='ocrx_word' id='word_1_58' title='bbox 820 1607 898 1672; x_wconf 91' lang='lat' dir='ltr'><strong>olim</strong></span> <span class='ocrx_word' id='word_1_59' title='bbox 921 1609 982 1673; x_wconf 91' lang='lat' dir='ltr'><strong>sibi</strong></span> <span class='ocrx_word' id='word_1_60' title='bbox 1005 1610 1236 1692; x_wconf 78' lang='lat' dir='ltr'><strong>proposuerint.</strong></span> 
     </span>
    </p>

    <p class='ocr_par' dir='ltr' id='par_1_4' title="bbox 606 1713 1803 2640">
     <span class='ocr_line' id='line_1_9' title="bbox 656 1713 1802 1800; baseline 0.003 -23"><span class='ocrx_word' id='word_1_61' title='bbox 656 1715 944 1779; x_wconf 87' lang='lat' dir='ltr'><strong>Forchhsmmerus</strong></span> <span class='ocrx_word' id='word_1_62' title='bbox 975 1713 1048 1793; x_wconf 89' lang='lat' dir='ltr'><strong>(Die</strong></span> <span class='ocrx_word' id='word_1_63' title='bbox 1080 1713 1216 1800; x_wconf 88' lang='lat' dir='ltr'><strong>Kyanen</strong></span> <span class='ocrx_word' id='word_1_64' title='bbox 1248 1713 1314 1777; x_wconf 91' lang='lat' dir='ltr'><strong>und</strong></span> <span class='ocrx_word' id='word_1_65' title='bbox 1344 1713 1396 1778; x_wconf 93' lang='lat' dir='ltr'><strong>die</strong></span> <span class='ocrx_word' id='word_1_66' title='bbox 1426 1716 1649 1800; x_wconf 85' lang='lat' dir='ltr'><strong>Argonauten)</strong></span> <span class='ocrx_word' id='word_1_67' title='bbox 1680 1720 1802 1782; x_wconf 86' lang='lat' dir='ltr'><strong>tamin</strong></span> 
     </span>
     <span class='ocr_line' id='line_1_10' title="bbox 607 1819 1802 1908; baseline 0.002 -24"><span class='ocrx_word' id='word_1_68' title='bbox 607 1820 727 1885; x_wconf 89' lang='grc'><strong>8811888</strong></span> <span class='ocrx_word' id='word_1_69' title='bbox 751 1841 847 1884; x_wconf 88' lang='grc'><strong>88888</strong></span> <span class='ocrx_word' id='word_1_70' title='bbox 870 1840 967 1903; x_wconf 90' lang='lat' dir='ltr'><strong>quam</strong></span> <span class='ocrx_word' id='word_1_71' title='bbox 985 1822 1020 1882; x_wconf 93' lang='lat' dir='ltr'><strong>in</strong></span> <span class='ocrx_word' id='word_1_72' title='bbox 1041 1821 1127 1904; x_wconf 90' lang='lat' dir='ltr'><strong>Argo</strong></span> <span class='ocrx_word' id='word_1_73' title='bbox 1147 1823 1216 1903; x_wconf 90' lang='lat' dir='ltr'><strong>ipsa</strong></span> <span class='ocrx_word' id='word_1_74' title='bbox 1235 1819 1334 1884; x_wconf 93' lang='lat' dir='ltr'><strong>latere</strong></span> <span class='ocrx_word' id='word_1_75' title='bbox 1355 1823 1536 1905; x_wconf 87' lang='lat' dir='ltr'><strong>suspicatus</strong></span> <span class='ocrx_word' id='word_1_76' title='bbox 1556 1828 1604 1885; x_wconf 95' lang='lat' dir='ltr'><strong>est</strong></span> <span class='ocrx_word' id='word_1_77' title='bbox 1624 1824 1802 1908; x_wconf 80' lang='lat' dir='ltr'><strong>imaginem</strong></span> 
     </span>
     <span class='ocr_line' id='line_1_11' title="bbox 607 1921 1803 2008; baseline 0.005 -21"><span class='ocrx_word' id='word_1_78' title='bbox 607 1926 763 2000; x_wconf 89' lang='lat' dir='ltr'><strong>nubium,</strong></span> <span class='ocrx_word' id='word_1_79' title='bbox 794 1945 874 2008; x_wconf 88' lang='lat' dir='ltr'><strong>quac</strong></span> <span class='ocrx_word' id='word_1_80' title='bbox 905 1927 1010 2008; x_wconf 85' lang='lat' dir='ltr'><strong>primo</strong></span> <span class='ocrx_word' id='word_1_81' title='bbox 1041 1921 1175 1989; x_wconf 80' lang='lat' dir='ltr'><strong>Caucasi</strong></span> <span class='ocrx_word' id='word_1_82' title='bbox 1205 1927 1326 1989; x_wconf 92' lang='lat' dir='ltr'><strong>circum</strong></span> <span class='ocrx_word' id='word_1_83' title='bbox 1358 1945 1507 1989; x_wconf 84' lang='lat' dir='ltr'><strong>cacumen</strong></span> <span class='ocrx_word' id='word_1_84' title='bbox 1539 1925 1705 2004; x_wconf 91' lang='lat' dir='ltr'><strong>collectae,</strong></span> <span class='ocrx_word' id='word_1_85' title='bbox 1729 1928 1803 1993; x_wconf 90' lang='lat' dir='ltr'><strong>dein</strong></span> 
     </span>
     <span class='ocr_line' id='line_1_12' title="bbox 607 2029 1802 2115; baseline 0.003 -22"><span class='ocrx_word' id='word_1_86' title='bbox 607 2030 704 2115; x_wconf 86' lang='lat' dir='ltr'><strong>longo</strong></span> <span class='ocrx_word' id='word_1_87' title='bbox 736 2036 840 2093; x_wconf 90' lang='lat' dir='ltr'><strong>tractu</strong></span> <span class='ocrx_word' id='word_1_88' title='bbox 872 2051 927 2112; x_wconf 92' lang='lat' dir='ltr'><strong>per</strong></span> <span class='ocrx_word' id='word_1_89' title='bbox 956 2029 1242 2113; x_wconf 80' lang='lat' dir='ltr'><strong>Mesopotamiam,</strong></span> <span class='ocrx_word' id='word_1_90' title='bbox 1271 2035 1359 2094; x_wconf 88' lang='lat' dir='ltr'><strong>trans</strong></span> <span class='ocrx_word' id='word_1_91' title='bbox 1383 2031 1474 2094; x_wconf 90' lang='lat' dir='ltr'><strong>Mare</strong></span> <span class='ocrx_word' id='word_1_92' title='bbox 1497 2030 1662 2109; x_wconf 90' lang='lat' dir='ltr'><strong>Rubrum,</strong></span> <span class='ocrx_word' id='word_1_93' title='bbox 1686 2035 1718 2096; x_wconf 93' lang='grc'><strong>18</strong></span> <span class='ocrx_word' id='word_1_94' title='bbox 1743 2034 1802 2098; x_wconf 86' lang='lat' dir='ltr'><strong>Ac·</strong></span> 
     </span>
     <span class='ocr_line' id='line_1_13' title="bbox 606 2132 1802 2221; baseline 0.005 -24"><span class='ocrx_word' id='word_1_95' title='bbox 606 2142 750 2221; x_wconf 88' lang='lat' dir='ltr'><strong>gyptum</strong></span> <span class='ocrx_word' id='word_1_96' title='bbox 771 2141 948 2211; x_wconf 88' lang='lat' dir='ltr'><strong>tranantes,</strong></span> <span class='ocrx_word' id='word_1_97' title='bbox 969 2135 1042 2199; x_wconf 85' lang='lat' dir='ltr'><strong>inde</strong></span> <span class='ocrx_word' id='word_1_98' title='bbox 1060 2138 1094 2198; x_wconf 91' lang='lat' dir='ltr'><strong>in</strong></span> <span class='ocrx_word' id='word_1_99' title='bbox 1115 2132 1283 2199; x_wconf 80' lang='lat' dir='ltr'><strong>Graeciam</strong></span> <span class='ocrx_word' id='word_1_100' title='bbox 1305 2134 1555 2219; x_wconf 88' lang='lat' dir='ltr'><strong>proficiscuntur.</strong></span> <span class='ocrx_word' id='word_1_101' title='bbox 1582 2135 1683 2215; x_wconf 79' lang='lat' dir='ltr'><strong>Quem</strong></span> <span class='ocrx_word' id='word_1_102' title='bbox 1705 2141 1802 2203; x_wconf 89' lang='lat' dir='ltr'><strong>circu-</strong></span> 
     </span>
     <span class='ocr_line' id='line_1_14' title="bbox 607 2238 1801 2326; baseline 0.003 -22"><span class='ocrx_word' id='word_1_103' title='bbox 607 2241 678 2304; x_wconf 94' lang='lat' dir='ltr'><strong>lum</strong></span> <span class='ocrx_word' id='word_1_104' title='bbox 702 2238 923 2304; x_wconf 88' lang='lat' dir='ltr'><strong>admirabilem</strong></span> <span class='ocrx_word' id='word_1_105' title='bbox 948 2238 999 2303; x_wconf 84' lang='lat' dir='ltr'><strong>vel</strong></span> <span class='ocrx_word' id='word_1_106' title='bbox 1022 2239 1095 2303; x_wconf 92' lang='lat' dir='ltr'><strong>inde</strong></span> <span class='ocrx_word' id='word_1_107' title='bbox 1119 2242 1276 2304; x_wconf 88' lang='lat' dir='ltr'><strong>vitiosum</strong></span> <span class='ocrx_word' id='word_1_108' title='bbox 1300 2261 1368 2304; x_wconf 90' lang='lat' dir='ltr'><strong>csse</strong></span> <span class='ocrx_word' id='word_1_109' title='bbox 1391 2249 1537 2324; x_wconf 87' lang='lat' dir='ltr'><strong>apparet,</strong></span> <span class='ocrx_word' id='word_1_110' title='bbox 1562 2242 1647 2326; x_wconf 93' lang='lat' dir='ltr'><strong>quod</strong></span> <span class='ocrx_word' id='word_1_111' title='bbox 1672 2243 1801 2309; x_wconf 89' lang='lat' dir='ltr'><strong>velleris</strong></span> 
     </span>
     <span class='ocr_line' id='line_1_15' title="bbox 608 2343 1801 2428; baseline 0.004 -21"><span class='ocrx_word' id='word_1_112' title='bbox 608 2343 716 2409; x_wconf 84' lang='lat' dir='ltr'><strong>sabula</strong></span> <span class='ocrx_word' id='word_1_113' title='bbox 739 2351 843 2409; x_wconf 89' lang='grc'><strong>881818</strong></span> <span class='ocrx_word' id='word_1_114' title='bbox 875 2347 1094 2408; x_wconf 86' lang='lat' dir='ltr'><strong>vetustissima</strong></span> <span class='ocrx_word' id='word_1_115' title='bbox 1124 2382 1165 2392; x_wconf 93' lang='lat'><em>-</em></span> <span class='ocrx_word' id='word_1_116' title='bbox 1189 2351 1227 2408; x_wconf 95' lang='lat' dir='ltr'><strong>ut</strong></span> <span class='ocrx_word' id='word_1_117' title='bbox 1250 2352 1360 2428; x_wconf 92' lang='lat' dir='ltr'><strong>postea</strong></span> <span class='ocrx_word' id='word_1_118' title='bbox 1384 2344 1567 2411; x_wconf 90' lang='lat' dir='ltr'><strong>videbimus</strong></span> <span class='ocrx_word' id='word_1_119' title='bbox 1590 2385 1632 2396; x_wconf 93' lang='lat'>—</span> <span class='ocrx_word' id='word_1_120' title='bbox 1657 2348 1801 2412; x_wconf 90' lang='lat' dir='ltr'><strong>nondum</strong></span> 
     </span>
     <span class='ocr_line' id='line_1_16' title="bbox 608 2448 1801 2534; baseline 0.003 -19"><span class='ocrx_word' id='word_1_121' title='bbox 608 2471 683 2515; x_wconf 91' lang='lat' dir='ltr'><strong>cum</strong></span> <span class='ocrx_word' id='word_1_122' title='bbox 707 2448 900 2516; x_wconf 82' lang='lat' dir='ltr'><strong>Colchorum</strong></span> <span class='ocrx_word' id='word_1_123' title='bbox 924 2453 1053 2534; x_wconf 90' lang='lat' dir='ltr'><strong>regione</strong></span> <span class='ocrx_word' id='word_1_124' title='bbox 1076 2456 1144 2514; x_wconf 91' lang='grc'><strong>8881</strong></span> <span class='ocrx_word' id='word_1_125' title='bbox 1168 2453 1346 2515; x_wconf 90' lang='lat' dir='ltr'><strong>coniuncta.</strong></span> <span class='ocrx_word' id='word_1_126' title='bbox 1370 2449 1534 2515; x_wconf 86' lang='lat' dir='ltr'><strong>Asseclam</strong></span> <span class='ocrx_word' id='word_1_127' title='bbox 1559 2455 1665 2516; x_wconf 89' lang='lat' dir='ltr'><strong>tamen</strong></span> <span class='ocrx_word' id='word_1_128' title='bbox 1685 2452 1801 2518; x_wconf 72' lang='grc'><strong>188818-</strong></span> 
     </span>
     <span class='ocr_line' id='line_1_17' title="bbox 608 2552 1723 2640; baseline 0.001 -20"><span class='ocrx_word' id='word_1_129' title='bbox 608 2556 793 2620; x_wconf 85' lang='grc'><strong>18888888888</strong></span> <span class='ocrx_word' id='word_1_130' title='bbox 814 2558 939 2620; x_wconf 91' lang='grc'><strong>1888811</strong></span> <span class='ocrx_word' id='word_1_131' title='bbox 963 2552 1163 2640; x_wconf 85' lang='lat' dir='ltr'><strong>Groegerum</strong></span> <span class='ocrx_word' id='word_1_132' title='bbox 1186 2555 1247 2632; x_wconf 90' lang='lat' dir='ltr'><strong>(De</strong></span> <span class='ocrx_word' id='word_1_133' title='bbox 1270 2556 1350 2640; x_wconf 87' lang='lat' dir='ltr'><strong>Arg.</strong></span> <span class='ocrx_word' id='word_1_134' title='bbox 1374 2555 1436 2620; x_wconf 84' lang='lat' dir='ltr'><strong>sab.</strong></span> <span class='ocrx_word' id='word_1_135' title='bbox 1461 2555 1585 2622; x_wconf 87' lang='lat' dir='ltr'><strong>dissert.</strong></span> <span class='ocrx_word' id='word_1_136' title='bbox 1611 2556 1723 2637; x_wconf 85' lang='grc'><strong>1889).</strong></span> 
     </span>
    </p>

    <p class='ocr_par' dir='ltr' id='par_1_5' title="bbox 609 2659 1800 2956">
     <span class='ocr_line' id='line_1_18' title="bbox 655 2659 1800 2748; baseline 0.001 -21"><span class='ocrx_word' id='word_1_137' title='bbox 655 2660 838 2727; x_wconf 83' lang='lat' dir='ltr'><strong>Gerhardus</strong></span> <span class='ocrx_word' id='word_1_138' title='bbox 881 2659 1111 2747; x_wconf 84' lang='lat' dir='ltr'><strong>(Mythologie)</strong></span> <span class='ocrx_word' id='word_1_139' title='bbox 1151 2660 1255 2726; x_wconf 86' lang='lat' dir='ltr'><strong>vellus</strong></span> <span class='ocrx_word' id='word_1_140' title='bbox 1290 2667 1381 2726; x_wconf 89' lang='grc'><strong>88881</strong></span> <span class='ocrx_word' id='word_1_141' title='bbox 1418 2661 1489 2737; x_wconf 89' lang='lat' dir='ltr'><strong>„die</strong></span> <span class='ocrx_word' id='word_1_142' title='bbox 1524 2661 1800 2748; x_wconf 87' lang='lat' dir='ltr'><strong>regenspendende</strong></span> 
     </span>
     <span class='ocr_line' id='line_1_19' title="bbox 609 2764 1800 2843; baseline 0.001 -12"><span class='ocrx_word' id='word_1_143' title='bbox 609 2767 740 2843; x_wconf 82' lang='lat' dir='ltr'><strong>Wollre,</strong></span> <span class='ocrx_word' id='word_1_144' title='bbox 765 2766 824 2830; x_wconf 88' lang='lat' dir='ltr'><strong>den</strong></span> <span class='ocrx_word' id='word_1_145' title='bbox 848 2764 953 2843; x_wconf 89' lang='lat' dir='ltr'><strong>Held,</strong></span> <span class='ocrx_word' id='word_1_146' title='bbox 978 2767 1039 2830; x_wconf 90' lang='lat' dir='ltr'><strong>dan</strong></span> <span class='ocrx_word' id='word_1_147' title='bbox 1061 2766 1181 2843; x_wconf 86' lang='lat' dir='ltr'><strong>Rettsr,</strong></span> <span class='ocrx_word' id='word_1_148' title='bbox 1205 2766 1262 2831; x_wconf 95' lang='lat' dir='ltr'><strong>der</strong></span> <span class='ocrx_word' id='word_1_149' title='bbox 1285 2786 1359 2829; x_wconf 86' lang='lat' dir='ltr'><strong>num</strong></span> <span class='ocrx_word' id='word_1_150' title='bbox 1383 2765 1478 2831; x_wconf 90' lang='lat' dir='ltr'><strong>Heilc</strong></span> <span class='ocrx_word' id='word_1_151' title='bbox 1503 2766 1557 2831; x_wconf 92' lang='lat' dir='ltr'><strong>des</strong></span> <span class='ocrx_word' id='word_1_152' title='bbox 1581 2767 1697 2832; x_wconf 89' lang='lat' dir='ltr'><strong>diirrcn</strong></span> <span class='ocrx_word' id='word_1_153' title='bbox 1720 2767 1800 2834; x_wconf 87' lang='lat' dir='ltr'><strong>Lan·</strong></span> 
     </span>
     <span class='ocr_line' id='line_1_20' title="bbox 610 2870 1322 2956; baseline 0 -21"><span class='ocrx_word' id='word_1_154' title='bbox 610 2872 665 2935; x_wconf 88' lang='lat' dir='ltr'><strong>des</strong></span> <span class='ocrx_word' id='word_1_155' title='bbox 688 2872 747 2935; x_wconf 88' lang='lat' dir='ltr'><strong>den</strong></span> <span class='ocrx_word' id='word_1_156' title='bbox 771 2871 1022 2935; x_wconf 81' lang='lat' dir='ltr'><strong>belriichtsnden</strong></span> <span class='ocrx_word' id='word_1_157' title='bbox 1046 2871 1155 2956; x_wconf 87' lang='lat' dir='ltr'><strong>Regen</strong></span> <span class='ocrx_word' id='word_1_158' title='bbox 1179 2870 1322 2936; x_wconf 83' lang='lat' dir='ltr'><strong>schsfft&#39;&#39;.</strong></span> 
     </span>
    </p>

    <p class='ocr_par' dir='ltr' id='par_1_6' title="bbox 608 2974 1867 3273">
     <span class='ocr_line' id='line_1_21' title="bbox 658 2974 1799 3061; baseline 0.005 -23"><span class='ocrx_word' id='word_1_159' title='bbox 658 2974 896 3053; x_wconf 70' lang='grc' dir='ltr'><strong>Ρ88118888(Π1</strong></span> <span class='ocrx_word' id='word_1_160' title='bbox 920 2974 999 3054; x_wconf 86' lang='grc'><strong>318)</strong></span> <span class='ocrx_word' id='word_1_161' title='bbox 1027 2997 1197 3061; x_wconf 86' lang='lat' dir='ltr'><strong>agnoscere</strong></span> <span class='ocrx_word' id='word_1_162' title='bbox 1222 2978 1283 3041; x_wconf 93' lang='lat' dir='ltr'><strong>sibi</strong></span> <span class='ocrx_word' id='word_1_163' title='bbox 1307 2977 1438 3041; x_wconf 85' lang='lat' dir='ltr'><strong>videtur</strong></span> <span class='ocrx_word' id='word_1_164' title='bbox 1462 2975 1533 3053; x_wconf 81' lang='lat' dir='ltr'><strong>„dis</strong></span> <span class='ocrx_word' id='word_1_165' title='bbox 1556 2975 1722 3043; x_wconf 83' lang='grc'><strong>1111888888</strong></span> <span class='ocrx_word' id='word_1_166' title='bbox 1744 2978 1799 3044; x_wconf 94' lang='lat' dir='ltr'><strong>des</strong></span> 
     </span>
     <span class='ocr_line' id='line_1_22' title="bbox 608 3080 1867 3167; baseline 0.002 -20"><span class='ocrx_word' id='word_1_167' title='bbox 608 3080 783 3167; x_wconf 81' lang='lat' dir='ltr'><strong>Frihlings</strong></span> <span class='ocrx_word' id='word_1_168' title='bbox 815 3084 877 3145; x_wconf 90' lang='lat' dir='ltr'><strong>mit</strong></span> <span class='ocrx_word' id='word_1_169' title='bbox 908 3084 1010 3146; x_wconf 85' lang='grc'><strong>881888</strong></span> <span class='ocrx_word' id='word_1_170' title='bbox 1041 3080 1162 3147; x_wconf 89' lang='lat' dir='ltr'><strong>milden</strong></span> <span class='ocrx_word' id='word_1_171' title='bbox 1194 3082 1298 3147; x_wconf 83' lang='lat' dir='ltr'><strong>Sonne</strong></span> <span class='ocrx_word' id='word_1_172' title='bbox 1329 3083 1393 3146; x_wconf 92' lang='lat' dir='ltr'><strong>und</strong></span> <span class='ocrx_word' id='word_1_173' title='bbox 1417 3083 1525 3147; x_wconf 89' lang='grc'><strong>881888</strong></span> <span class='ocrx_word' id='word_1_174' title='bbox 1549 3083 1799 3149; x_wconf 88' lang='lat' dir='ltr'><strong>befriichtendsn</strong></span> <span class='ocrx_word' id='word_1_175' title='bbox 1864 3088 1867 3093; x_wconf 81' lang='grc'><strong>’</strong></span> 
     </span>
     <span class='ocr_line' id='line_1_23' title="bbox 608 3186 870 3273; baseline -0.004 -22"><span class='ocrx_word' id='word_1_176' title='bbox 608 3186 870 3273; x_wconf 86' lang='lat' dir='ltr'><strong>Regsngiissen&#39;&#39;.</strong></span> 
     </span>
    </p>

    <p class='ocr_par' dir='ltr' id='par_1_7' title="bbox 602 3289 1799 4408">
     <span class='ocr_line' id='line_1_24' title="bbox 655 3289 1797 3373; baseline 0.004 -18"><span class='ocrx_word' id='word_1_177' title='bbox 655 3292 778 3370; x_wconf 50' lang='lat' dir='ltr'><strong>,Apris</strong></span> <span class='ocrx_word' id='word_1_178' title='bbox 803 3295 881 3355; x_wconf 76' lang='grc' dir='ltr'><strong><em>πᾶσι</em></strong></span> <span class='ocrx_word' id='word_1_179' title='bbox 905 3289 1046 3367; x_wconf 74' lang='grc' dir='ltr'><strong><em>μέλουσα</em></strong></span> <span class='ocrx_word' id='word_1_180' title='bbox 1055 3291 1090 3354; x_wconf 84' lang='grc'><strong>1”</strong></span> <span class='ocrx_word' id='word_1_181' title='bbox 1116 3313 1190 3356; x_wconf 86' lang='lat' dir='ltr'><strong>cum</strong></span> <span class='ocrx_word' id='word_1_182' title='bbox 1212 3291 1355 3357; x_wconf 92' lang='lat' dir='ltr'><strong>Homero</strong></span> <span class='ocrx_word' id='word_1_183' title='bbox 1379 3297 1416 3371; x_wconf 78' lang='grc' dir='ltr'><strong>(ιι</strong></span> <span class='ocrx_word' id='word_1_184' title='bbox 1432 3290 1488 3373; x_wconf 85' lang='grc'><strong>73)</strong></span> <span class='ocrx_word' id='word_1_185' title='bbox 1511 3290 1689 3358; x_wconf 87' lang='lat' dir='ltr'><strong>exclamare</strong></span> <span class='ocrx_word' id='word_1_186' title='bbox 1711 3293 1797 3360; x_wconf 91' lang='lat' dir='ltr'><strong>licet.</strong></span> 
     </span>
     <span class='ocr_line' id='line_1_25' title="bbox 606 3396 1798 3484; baseline 0.003 -23"><span class='ocrx_word' id='word_1_187' title='bbox 606 3396 732 3461; x_wconf 91' lang='lat' dir='ltr'><strong>Ultima</strong></span> <span class='ocrx_word' id='word_1_188' title='bbox 755 3403 865 3461; x_wconf 88' lang='lat' dir='ltr'><strong>autam</strong></span> <span class='ocrx_word' id='word_1_189' title='bbox 889 3396 1060 3482; x_wconf 83' lang='lat' dir='ltr'><strong>explicatio</strong></span> <span class='ocrx_word' id='word_1_190' title='bbox 1085 3418 1158 3461; x_wconf 89' lang='lat' dir='ltr'><strong>cum</strong></span> <span class='ocrx_word' id='word_1_191' title='bbox 1181 3396 1281 3462; x_wconf 85' lang='lat' dir='ltr'><strong>latius</strong></span> <span class='ocrx_word' id='word_1_192' title='bbox 1304 3401 1472 3483; x_wconf 87' lang='lat' dir='ltr'><strong>serpserit,</strong></span> <span class='ocrx_word' id='word_1_193' title='bbox 1498 3406 1529 3462; x_wconf 91' lang='lat' dir='ltr'><strong>et</strong></span> <span class='ocrx_word' id='word_1_194' title='bbox 1552 3397 1639 3463; x_wconf 92' lang='lat' dir='ltr'><strong>hisce</strong></span> <span class='ocrx_word' id='word_1_195' title='bbox 1662 3419 1798 3484; x_wconf 86' lang='lat' dir='ltr'><strong>praeser-</strong></span> 
     </span>
     <span class='ocr_line' id='line_1_26' title="bbox 608 3500 1799 3588; baseline 0.003 -21"><span class='ocrx_word' id='word_1_196' title='bbox 608 3506 670 3567; x_wconf 91' lang='lat' dir='ltr'><strong>tim</strong></span> <span class='ocrx_word' id='word_1_197' title='bbox 700 3505 789 3566; x_wconf 90' lang='lat' dir='ltr'><strong>annis</strong></span> <span class='ocrx_word' id='word_1_198' title='bbox 821 3505 927 3588; x_wconf 85' lang='lat' dir='ltr'><strong>magis</strong></span> <span class='ocrx_word' id='word_1_199' title='bbox 958 3504 1126 3588; x_wconf 76' lang='lat' dir='ltr'><strong>magisque</strong></span> <span class='ocrx_word' id='word_1_200' title='bbox 1150 3501 1257 3568; x_wconf 80' lang='lat' dir='ltr'><strong>valeat</strong></span> <span class='ocrx_word' id='word_1_201' title='bbox 1279 3505 1387 3587; x_wconf 89' lang='lat' dir='ltr'><strong>opinio</strong></span> <span class='ocrx_word' id='word_1_202' title='bbox 1411 3500 1548 3567; x_wconf 81' lang='lat' dir='ltr'><strong>Graecos</strong></span> <span class='ocrx_word' id='word_1_203' title='bbox 1573 3501 1700 3567; x_wconf 89' lang='lat' dir='ltr'><strong>velleris</strong></span> <span class='ocrx_word' id='word_1_204' title='bbox 1723 3525 1799 3570; x_wconf 90' lang='grc'><strong>8888</strong></span> 
     </span>
     <span class='ocr_line' id='line_1_27' title="bbox 607 3605 1799 3694; baseline 0.002 -22"><span class='ocrx_word' id='word_1_205' title='bbox 607 3605 785 3693; x_wconf 81' lang='lat' dir='ltr'><strong>symbolica</strong></span> <span class='ocrx_word' id='word_1_206' title='bbox 819 3628 945 3692; x_wconf 86' lang='lat' dir='ltr'><strong>semper</strong></span> <span class='ocrx_word' id='word_1_207' title='bbox 973 3608 1132 3672; x_wconf 87' lang='lat' dir='ltr'><strong>indicasse</strong></span> <span class='ocrx_word' id='word_1_208' title='bbox 1162 3608 1280 3673; x_wconf 91' lang='lat' dir='ltr'><strong>nubem</strong></span> <span class='ocrx_word' id='word_1_209' title='bbox 1312 3606 1507 3694; x_wconf 81' lang='lat' dir='ltr'><strong>pluvialem,</strong></span> <span class='ocrx_word' id='word_1_210' title='bbox 1541 3608 1639 3693; x_wconf 85' lang='lat' dir='ltr'><strong>digus</strong></span> <span class='ocrx_word' id='word_1_211' title='bbox 1669 3608 1799 3674; x_wconf 85' lang='lat' dir='ltr'><strong>videtur</strong></span> 
     </span>
     <span class='ocr_line' id='line_1_28' title="bbox 606 3711 1798 3798; baseline 0.003 -22"><span class='ocrx_word' id='word_1_212' title='bbox 606 3732 688 3798; x_wconf 90' lang='lat' dir='ltr'><strong>quae</strong></span> <span class='ocrx_word' id='word_1_213' title='bbox 711 3714 892 3776; x_wconf 86' lang='lat' dir='ltr'><strong>accuratius</strong></span> <span class='ocrx_word' id='word_1_214' title='bbox 915 3712 1139 3798; x_wconf 87' lang='lat' dir='ltr'><strong>perpendatur.</strong></span> <span class='ocrx_word' id='word_1_215' title='bbox 1165 3711 1292 3780; x_wconf 84' lang='lat' dir='ltr'><strong>(litatur</strong></span> <span class='ocrx_word' id='word_1_216' title='bbox 1315 3715 1402 3778; x_wconf 88' lang='lat' dir='ltr'><strong>enim</strong></span> <span class='ocrx_word' id='word_1_217' title='bbox 1425 3734 1444 3777; x_wconf 87' lang='lat' dir='ltr'><strong>a</strong></span> <span class='ocrx_word' id='word_1_218' title='bbox 1467 3712 1684 3778; x_wconf 86' lang='lat' dir='ltr'><strong>defensoribus</strong></span> <span class='ocrx_word' id='word_1_219' title='bbox 1707 3718 1798 3780; x_wconf 89' lang='lat' dir='ltr'><strong>testis</strong></span> 
     </span>
     <span class='ocr_line' id='line_1_29' title="bbox 605 3817 1796 3902; baseline 0.003 -20"><span class='ocrx_word' id='word_1_220' title='bbox 605 3817 807 3883; x_wconf 91' lang='lat' dir='ltr'><strong>nobilissima</strong></span> <span class='ocrx_word' id='word_1_221' title='bbox 838 3819 921 3881; x_wconf 80' lang='grc'><strong>18818</strong></span> <span class='ocrx_word' id='word_1_222' title='bbox 951 3819 1050 3899; x_wconf 64' lang='lat' dir='ltr'><strong>acere,</strong></span> <span class='ocrx_word' id='word_1_223' title='bbox 1083 3838 1163 3902; x_wconf 89' lang='lat' dir='ltr'><strong>quae</strong></span> <span class='ocrx_word' id='word_1_224' title='bbox 1187 3819 1286 3884; x_wconf 78' lang='lat' dir='ltr'><strong>fuisse</strong></span> <span class='ocrx_word' id='word_1_225' title='bbox 1309 3819 1427 3884; x_wconf 89' lang='lat' dir='ltr'><strong>dicitur</strong></span> <span class='ocrx_word' id='word_1_226' title='bbox 1448 3826 1480 3884; x_wconf 92' lang='lat' dir='ltr'><strong>et</strong></span> <span class='ocrx_word' id='word_1_227' title='bbox 1503 3817 1608 3884; x_wconf 88' lang='lat' dir='ltr'><strong>vellus</strong></span> <span class='ocrx_word' id='word_1_228' title='bbox 1631 3826 1664 3883; x_wconf 89' lang='lat' dir='ltr'><strong>st</strong></span> <span class='ocrx_word' id='word_1_229' title='bbox 1687 3822 1796 3885; x_wconf 91' lang='lat' dir='ltr'><strong>nubes.</strong></span> 
     </span>
     <span class='ocr_line' id='line_1_30' title="bbox 605 3921 1798 4009; baseline 0.002 -22"><span class='ocrx_word' id='word_1_230' title='bbox 605 3923 727 4009; x_wconf 87' lang='lat' dir='ltr'><strong>Negari</strong></span> <span class='ocrx_word' id='word_1_231' title='bbox 747 3929 855 3987; x_wconf 89' lang='lat' dir='ltr'><strong>autem</strong></span> <span class='ocrx_word' id='word_1_232' title='bbox 875 3925 987 4008; x_wconf 91' lang='lat' dir='ltr'><strong>nequit</strong></span> <span class='ocrx_word' id='word_1_233' title='bbox 1005 3921 1173 4007; x_wconf 92' lang='lat' dir='ltr'><strong>aliquando</strong></span> <span class='ocrx_word' id='word_1_234' title='bbox 1193 3923 1339 4008; x_wconf 79' lang='lat' dir='ltr'><strong>aegidem</strong></span> <span class='ocrx_word' id='word_1_235' title='bbox 1360 3923 1457 3990; x_wconf 87' lang='lat' dir='ltr'><strong>fuisse</strong></span> <span class='ocrx_word' id='word_1_236' title='bbox 1477 3922 1666 3988; x_wconf 81' lang='lat' dir='ltr'><strong>Amaltheae</strong></span> <span class='ocrx_word' id='word_1_237' title='bbox 1681 3923 1798 4009; x_wconf 93' lang='lat' dir='ltr'><strong>pellem</strong></span> 
     </span>
     <span class='ocr_line' id='line_1_31' title="bbox 605 4024 1797 4113; baseline -0.001 -18"><span class='ocrx_word' id='word_1_238' title='bbox 605 4030 779 4113; x_wconf 86' lang='lat' dir='ltr'><strong>caprinam.</strong></span> <span class='ocrx_word' id='word_1_239' title='bbox 816 4024 899 4092; x_wconf 82' lang='lat' dir='ltr'><strong>Cum</strong></span> <span class='ocrx_word' id='word_1_240' title='bbox 930 4049 1005 4093; x_wconf 89' lang='grc'><strong>8888</strong></span> <span class='ocrx_word' id='word_1_241' title='bbox 1036 4028 1087 4091; x_wconf 87' lang='grc'><strong>1818</strong></span> <span class='ocrx_word' id='word_1_242' title='bbox 1118 4036 1234 4113; x_wconf 91' lang='lat' dir='ltr'><strong>agatur</strong></span> <span class='ocrx_word' id='word_1_243' title='bbox 1264 4028 1302 4091; x_wconf 90' lang='lat' dir='ltr'><strong>de</strong></span> <span class='ocrx_word' id='word_1_244' title='bbox 1333 4029 1514 4093; x_wconf 90' lang='lat' dir='ltr'><strong>notionibus</strong></span> <span class='ocrx_word' id='word_1_245' title='bbox 1546 4031 1797 4113; x_wconf 84' lang='lat' dir='ltr'><strong>antiquissimis,</strong></span> 
     </span>
     <span class='ocr_line' id='line_1_32' title="bbox 603 4132 1798 4220; baseline -0.002 -21"><span class='ocrx_word' id='word_1_246' title='bbox 603 4133 785 4220; x_wconf 85' lang='lat' dir='ltr'><strong>rogandum</strong></span> <span class='ocrx_word' id='word_1_247' title='bbox 816 4138 881 4209; x_wconf 91' lang='lat' dir='ltr'><strong>est,</strong></span> <span class='ocrx_word' id='word_1_248' title='bbox 914 4133 1049 4197; x_wconf 88' lang='lat' dir='ltr'><strong>fueritne</strong></span> <span class='ocrx_word' id='word_1_249' title='bbox 1080 4132 1165 4216; x_wconf 92' lang='lat' dir='ltr'><strong>apud</strong></span> <span class='ocrx_word' id='word_1_250' title='bbox 1194 4133 1354 4197; x_wconf 74' lang='lat' dir='ltr'><strong>Homerum</strong></span> <span class='ocrx_word' id='word_1_251' title='bbox 1378 4153 1504 4218; x_wconf 87' lang='lat' dir='ltr'><strong>quoque</strong></span> <span class='ocrx_word' id='word_1_252' title='bbox 1527 4136 1616 4218; x_wconf 89' lang='lat' dir='ltr'><strong>aegis</strong></span> <span class='ocrx_word' id='word_1_253' title='bbox 1640 4132 1743 4198; x_wconf 87' lang='lat' dir='ltr'><strong>vellus</strong></span> <span class='ocrx_word' id='word_1_254' title='bbox 1766 4138 1798 4198; x_wconf 91' lang='grc'><strong>81</strong></span> 
     </span>
     <span class='ocr_line' id='line_1_33' title="bbox 602 4235 1796 4323; baseline -0.001 -21"><span class='ocrx_word' id='word_1_255' title='bbox 602 4239 705 4302; x_wconf 88' lang='lat' dir='ltr'><strong>nubes</strong></span> <span class='ocrx_word' id='word_1_256' title='bbox 735 4258 848 4315; x_wconf 87' lang='lat' dir='ltr'><strong>necns;</strong></span> <span class='ocrx_word' id='word_1_257' title='bbox 879 4236 963 4322; x_wconf 93' lang='lat' dir='ltr'><strong>quod</strong></span> <span class='ocrx_word' id='word_1_258' title='bbox 987 4239 1015 4300; x_wconf 91' lang='lat' dir='ltr'><strong>si</strong></span> <span class='ocrx_word' id='word_1_259' title='bbox 1037 4236 1199 4301; x_wconf 88' lang='lat' dir='ltr'><strong>Homerus</strong></span> <span class='ocrx_word' id='word_1_260' title='bbox 1221 4242 1335 4323; x_wconf 88' lang='lat' dir='ltr'><strong>negat,</strong></span> <span class='ocrx_word' id='word_1_261' title='bbox 1360 4243 1469 4303; x_wconf 89' lang='lat' dir='ltr'><strong>actum</strong></span> <span class='ocrx_word' id='word_1_262' title='bbox 1492 4240 1553 4302; x_wconf 91' lang='lat' dir='ltr'><strong>erit</strong></span> <span class='ocrx_word' id='word_1_263' title='bbox 1576 4235 1734 4322; x_wconf 86' lang='lat' dir='ltr'><strong>praeclaro</strong></span> <span class='ocrx_word' id='word_1_264' title='bbox 1758 4237 1796 4301; x_wconf 90' lang='lat' dir='ltr'><strong>ds</strong></span> 
     </span>
     <span class='ocr_line' id='line_1_34' title="bbox 603 4344 799 4408; baseline -0.005 0"><span class='ocrx_word' id='word_1_265' title='bbox 603 4344 799 4408; x_wconf 88' lang='lat' dir='ltr'><strong>testimonie.</strong></span> 
     </span>
    </p>

    <p class='ocr_par' dir='ltr' id='par_1_8' title="bbox 651 4444 1176 4533">
     <span class='ocr_line' id='line_1_35' title="bbox 651 4444 1176 4533; baseline -0.002 -21"><span class='ocrx_word' id='word_1_266' title='bbox 651 4447 807 4533; x_wconf 82' lang='lat' dir='ltr'><strong>Legimus</strong></span> <span class='ocrx_word' id='word_1_267' title='bbox 830 4453 939 4511; x_wconf 86' lang='lat' dir='ltr'><strong>autam</strong></span> <span class='ocrx_word' id='word_1_268' title='bbox 964 4455 991 4511; x_wconf 90' lang='lat'><em>0</em></span> <span class='ocrx_word' id='word_1_269' title='bbox 1005 4444 1069 4512; x_wconf 85' lang='lat'><strong>307</strong></span> <span class='ocrx_word' id='word_1_270' title='bbox 1090 4465 1176 4531; x_wconf 90' lang='lat' dir='ltr'><strong>sqq.:</strong></span> 
     </span>
    </p>

    <p class='ocr_par' dir='ltr' id='par_1_9' title="bbox 738 4550 1632 4949">
     <span class='ocr_line' id='line_1_36' title="bbox 923 4550 1626 4631; baseline -0.003 -15"><span class='ocrx_word' id='word_1_271' title='bbox 923 4550 1047 4629; x_wconf 74' lang='grc' dir='ltr'><strong>πρόσθεν</strong></span> <span class='ocrx_word' id='word_1_272' title='bbox 1072 4550 1103 4616; x_wconf 72' lang='lat' dir='ltr'><strong>tl</strong></span> <span class='ocrx_word' id='word_1_273' title='bbox 1126 4552 1184 4619; x_wconf 77' lang='lat' dir='ltr'><strong>&#39;uls</strong></span> <span class='ocrx_word' id='word_1_274' title='bbox 1207 4600 1306 4619; x_wconf 87' lang='lat'><strong>.....</strong></span> <span class='ocrx_word' id='word_1_275' title='bbox 1332 4552 1444 4631; x_wconf 77' lang='grc' dir='ltr'><em>Φοῖβος</em></span> <span class='ocrx_word' id='word_1_276' title='bbox 1463 4552 1626 4617; x_wconf 72' lang='grc' dir='ltr'><strong><em>Ἀπόλλων</em></strong></span> 
     </span>
     <span class='ocr_line' id='line_1_37' title="bbox 739 4654 1546 4738; baseline -0.001 -18"><span class='ocrx_word' id='word_1_277' title='bbox 739 4654 871 4732; x_wconf 62' lang='lat' dir='ltr'><strong>respires</strong></span> <span class='ocrx_word' id='word_1_278' title='bbox 894 4655 993 4729; x_wconf 78' lang='grc' dir='ltr'><strong><em>ὤμοιιν</em></strong></span> <span class='ocrx_word' id='word_1_279' title='bbox 1017 4657 1160 4737; x_wconf 72' lang='grc' dir='ltr'><strong><em>νεφέλην,</em></strong></span> <span class='ocrx_word' id='word_1_280' title='bbox 1185 4654 1241 4738; x_wconf 78' lang='grc' dir='ltr'><strong>ἔχε</strong></span> <span class='ocrx_word' id='word_1_281' title='bbox 1266 4655 1293 4722; x_wconf 71' lang='grc' dir='ltr'><strong>δ’</strong></span> <span class='ocrx_word' id='word_1_282' title='bbox 1318 4657 1428 4735; x_wconf 61' lang='lat' dir='ltr'><strong>alolde</strong></span> <span class='ocrx_word' id='word_1_283' title='bbox 1453 4656 1546 4735; x_wconf 64' lang='lat' dir='ltr'><strong>totns</strong></span> 
     </span>
     <span class='ocr_line' id='line_1_38' title="bbox 740 4753 1589 4843; baseline 0 -17"><span class='ocrx_word' id='word_1_284' title='bbox 740 4760 848 4836; x_wconf 71' lang='grc'><strong>1888188</strong></span> <span class='ocrx_word' id='word_1_285' title='bbox 873 4760 1087 4839; x_wconf 64' lang='grc' dir='ltr'><strong><em>ἀμφιδάσειαν</em></strong></span> <span class='ocrx_word' id='word_1_286' title='bbox 1111 4763 1280 4843; x_wconf 72' lang='grc' dir='ltr'><strong><em>ἀριπρεπέ’,</em></strong></span> <span class='ocrx_word' id='word_1_287' title='bbox 1307 4753 1340 4835; x_wconf 67' lang='lat' dir='ltr'><strong>rie</strong></span> <span class='ocrx_word' id='word_1_288' title='bbox 1364 4760 1423 4843; x_wconf 73' lang='grc' dir='ltr'><strong>ἄρα</strong></span> <span class='ocrx_word' id='word_1_289' title='bbox 1446 4762 1589 4842; x_wconf 72' lang='grc' dir='ltr'><strong><em>χαλκεὺς</em></strong></span> 
     </span>
     <span class='ocr_line' id='line_1_39' title="bbox 738 4864 1632 4949; baseline 0.002 -18"><span class='ocrx_word' id='word_1_290' title='bbox 738 4865 917 4948; x_wconf 70' lang='grc' dir='ltr'><strong>Ἥφαιστος</strong></span> <span class='ocrx_word' id='word_1_291' title='bbox 942 4864 1105 4932; x_wconf 68' lang='grc'><strong>8111888</strong></span> <span class='ocrx_word' id='word_1_292' title='bbox 1129 4871 1298 4948; x_wconf 66' lang='lat' dir='ltr'><strong>dispiceres</strong></span> <span class='ocrx_word' id='word_1_293' title='bbox 1323 4868 1365 4939; x_wconf 75' lang='grc'><strong>818</strong></span> <span class='ocrx_word' id='word_1_294' title='bbox 1389 4866 1489 4949; x_wconf 79' lang='grc' dir='ltr'><strong><em>φόβον</em></strong></span> <span class='ocrx_word' id='word_1_295' title='bbox 1513 4867 1632 4948; x_wconf 65' lang='grc' dir='ltr'><strong><em>ἀνδρῶν.</em></strong></span> 
     </span>
    </p>
   </div>
   <div class='ocr_carea' id='block_1_3' title="bbox 0 0 2568 6150">
    <p class='ocr_par' dir='ltr' id='par_1_10' title="bbox 0 0 2568 6150">
     <span class='ocr_line' id='line_1_40' title="bbox 0 0 2568 6150; baseline 0 2"><span class='ocrx_word' id='word_1_296' title='bbox 0 0 2568 6150; x_wconf 95' lang='lat' dir='ltr'><strong> </strong></span> 
     </span>
    </p>
   </div>
  </div>
 </body>
</html>
