5125 6150
687 829 754 917 410
1063 846 1106 895 ru
1130 849 1361 897 nmerornnurs
1385 848 1521 896 enerues

731 1015 851 1079 Lenem
874 1012 968 1077 modo
992 1014 1162 1098 tetigimus
1185 1033 1334 1077 errorem.
1361 1010 1468 1077 Multo
1487 1014 1636 1098 graviore
1655 1015 1737 1078 vitio
1756 1011 1878 1078 laborat

684 1123 817 1186 initium
847 1124 937 1183 actus
968 1120 1139 1202 sequentis.
1169 1117 1252 1181 Nam
1277 1123 1447 1203 postquam
1473 1116 1565 1183 Cario
1589 1138 1664 1182 cum
1687 1119 1764 1182 hera
1788 1116 1878 1183 aedes

684 1227 819 1291 intravit
843 1232 874 1288 et
897 1207 1011 1288 chorus
1033 1222 1155 1307 aliquid
1179 1222 1327 1299 saltavit,
1348 1223 1431 1288 redit
1454 1222 1650 1310 Ohremylus
1669 1244 1745 1288 cum
1764 1223 1876 1300 Pluto,

686 1335 738 1396 cui
773 1329 902 1395 videndi
936 1328 1069 1393 facultas
1103 1335 1152 1393 est
1184 1332 1344 1393 restituta.
1381 1326 1482 1394 Ouios
1513 1331 1618 1414 prima
1648 1351 1714 1394 vox
1736 1350 1814 1394 cum
1838 1333 1877 1392 sit

687 1436 797 1515 „xal”,
830 1457 891 1500 uon
922 1433 1036 1498 multis
1068 1434 1190 1511 verbis,
1219 1439 1256 1498 ut
1279 1436 1401 1519 opinor,
1426 1455 1506 1519 opus
1529 1441 1578 1498 est
1601 1440 1639 1499 ut
1661 1433 1875 1499 demonstrem

687 1565 748 1609 non
778 1545 943 1627 integrum
974 1539 1007 1603 id
1039 1560 1106 1605 esee
1136 1542 1213 1604 novi
1237 1547 1327 1604 actus
1348 1541 1482 1603 initium
1489 1561 1497 1618 ;
1522 1560 1625 1624 neque
1650 1539 1729 1604 olim
1753 1543 1877 1604 criticos

685 1650 763 1714 haec
793 1669 844 1712 res
876 1648 972 1731 fugit.
1009 1646 1088 1711 Mox
1112 1650 1222 1711 autem
1246 1644 1414 1731 Ohremyli
1437 1648 1542 1730 prima
1565 1647 1663 1710 verba
1684 1667 1748 1711 uou
1773 1649 1878 1710 minus

686 1758 852 1819 miramur.
877 1752 960 1817 Nam
984 1758 1154 1837 postquam
1178 1751 1302 1816 dudum
1326 1751 1365 1816 ad
1384 1748 1552 1838 Chremyli
1572 1751 1664 1816 aedes
1685 1759 1876 1837 perventum

686 1866 735 1926 est
758 1867 789 1924 et
812 1858 961 1923 undecim
985 1859 1140 1922 trimetris
1164 1856 1269 1922 lucem
1295 1858 1482 1941 Atticaeque
1505 1856 1612 1922 solum
1631 1856 1788 1922 salutavit
1807 1856 1878 1921 Plu·

686 1971 757 2041 tus,
792 1966 847 2042 „in
877 1965 985 2027 ααίανι
1015 1986 1075 2026 rem
1106 1961 1228 2026 atitel’'
1261 1961 1456 2049 Ohremylus
1484 1964 1627 2047 increpat
1651 1965 1772 2027 amicos
1796 1961 1877 2027 male

687 2069 830 2146 sedulos,
856 2072 911 2154 qui
935 2068 1062 2134 molesti
1086 2071 1117 2133 ei
1219 2065 1315 2132 sunt?
1338 2068 1409 2133 Non
1431 2070 1492 2145 ita,
1516 2067 1571 2133 sed
1594 2070 1650 2153 qui
1669 2067 1805 2132 domum
1824 2088 1878 2152 per

687 2178 800 2243 urbem
831 2176 976 2241 redeunti
1007 2175 1136 2241 molesti
1167 2176 1255 2240 fuere
1286 2174 1397 2251 modo,
1430 2195 1514 2239 nunc
1544 2195 1620 2240 vero
1642 2177 1676 2238 in
1700 2195 1794 2239 scena
1817 2195 1877 2238 uun

686 2284 811 2356 adsunt.
844 2281 954 2347 Tertia
985 2281 1058 2346 dein
1088 2284 1187 2345 miros
1210 2303 1267 2346 uos
1291 2281 1387 2345 habet
1411 2282 1480 2345 siue
1505 2301 1587 2345 uxor
1595 2299 1604 2356 ;
1628 2280 1706 2344 haec
1729 2282 1817 2344 enim
1840 2300 1876 2343 ex

686 2390 818 2455 aedibus
841 2408 1010 2475 progressa
1033 2387 1128 2452 dicit:

870 2491 892 2559 ὦ
915 2494 1051 2574 Φίλτατ’
1075 2492 1196 2572 ἀνδρῶν,
1220 2491 1272 2556 καὶ
1297 2491 1335 2555 σὺ
1359 2491 1412 2556 καὶ
1437 2491 1475 2556 σὺ
1499 2492 1655 2571 χαίρετον.

872 2600 946 2680 Φέρε
971 2623 1030 2677 νιιν,
1057 2634 1100 2648 -
1123 2598 1212 2676 νόμος
1235 2599 1300 2676 χεὶρ
1323 2598 1407 2675 ε’στι,
1433 2635 1473 2646 -
1499 2599 1540 2662 τὰ
1566 2599 1811 2678 καταχύσματα

869 2705 961 2769 παντὶ
985 2706 1137 2785 καταχέω
1160 2727 1213 2768 σου
1238 2702 1401 2781 λαβοῦσα,

685 2833 765 2898 quae
796 2812 893 2875 nimis
922 2810 1058 2895 abrupta
1087 2809 1245 2874 brevitate
1269 2830 1338 2873 non·
1356 2813 1490 2893 possunt
1513 2830 1574 2874 non
1598 2806 1767 2893 displicere
1773 2829 1782 2886 3
1804 2827 1875 2871 nam

686 2917 831 2996 „calcet”
864 2922 1034 3002 postquam
1064 2915 1164 2991 dixit,
1193 2935 1309 2998 parum
1332 2920 1405 2999 apte
1429 2916 1541 2979 statim
1565 2914 1751 2999 subiungit:
1779 2935 1877 2991 ,ρινιισ

685 3025 816 3106 ι’ρνιιιν
838 3028 916 3102 (νυν)
940 3021 1015 3086 ...”
1039 3041 1183 3107 quaeque
1206 3025 1394 3106 sequuntur.

730 3129 883 3214 Sequitur
922 3133 959 3192 ut
998 3133 1055 3192 aut
1089 3126 1324 3192 conclamatum
1358 3125 1442 3190 hunc
1477 3126 1584 3191 locum
1619 3125 1784 3202 dicamus,
1821 3131 1876 3189 aut

683 3256 873 3329 quaeramus
905 3236 993 3298 viam
1024 3254 1087 3318 qua
1118 3233 1221 3296 tribus
1246 3234 1332 3297 hisce
1356 3234 1446 3296 vitiis
1470 3234 1612 3297 succurri
1636 3235 1747 3317 possit.
1773 3231 1875 3311 Quam

684 3362 810 3406 cernere
842 3340 923 3403 mihi
953 3339 1072 3403 videor.
1105 3338 1188 3402 Nam
1220 3344 1276 3402 aut
1307 3340 1436 3423 egregie
1459 3336 1552 3402 fallor
1575 3343 1632 3402 aut
1656 3338 1807 3401 turbatus
1829 3342 1877 3401 est

684 3468 837 3512 versuum
868 3445 943 3510 ordo
975 3453 1007 3509 et
1037 3466 1120 3509 unus
1145 3444 1183 3508 ad
1208 3447 1382 3508 minimum
1406 3446 1554 3508 trimeter
1575 3442 1749 3507 intercidit.
1775 3444 1876 3508 Actus

684 3554 817 3616 initium
841 3573 903 3616 nou
928 3551 1015 3613 Ploti
1038 3551 1158 3614 faciunt
1182 3550 1280 3614 verba
1303 3549 1356 3614 sed
1384 3550 1547 3632 Chremytt;
1569 3552 1625 3633 qui
1644 3548 1779 3613 domum
1799 3549 1877 3613 dum

685 3662 850 3741 properat,
876 3659 972 3720 etiam
998 3659 1104 3740 pergit
1127 3659 1289 3741 increpare
1308 3654 1554 3720 molestissimos
1571 3654 1644 3719 illos
1662 3658 1801 3730 amicos,
1822 3658 1877 3739 qui

686 3764 725 3828 ad
757 3783 830 3826 suas
853 3763 955 3845 ipsius
979 3762 1071 3826 aedes
1095 3765 1261 3846 pervenire
1286 3783 1319 3826 se
1343 3765 1398 3825 rix
1423 3764 1557 3826 siverint
1578 3759 1719 3846 undique
1743 3763 1877 3825 circum·

686 3870 759 3933 fusi.
791 3866 909 3931 Plutus
937 3871 1046 3930 autem
1071 3870 1124 3930 καί
1226 3891 1265 3944 γε
1289 3865 1456 3953 particulis
1481 3868 1530 3930 uti
1554 3869 1664 3951 nequit
1687 3868 1750 3930 nisi
1774 3874 1812 3931 ut
1834 3889 1878 3929 re·

684 3975 828 4054 spondeat
851 3975 1028 4056 quaestioni
1052 3973 1113 4036 sibi
1138 3976 1326 4057 propositae.
1351 3972 1437 4052 Quae
1462 3979 1630 4056 postquam
1655 3963 1786 4036 mecum
1813 3993 1877 4057 per·

686 4079 794 4165 pendi,
815 4078 922 4143 locum
941 4081 974 4141 iu
992 4080 1157 4164 integrum
1177 4081 1347 4143 restituere
1359 4078 1439 4142 mihi
1452 4081 1543 4143 visus
1554 4098 1627 4142 sum
1639 4080 1685 4142 sic
1698 4078 1877 4142 scribendo:

935 4199 1081 4259 (Procedant
1099 4199 1123 4247 iu
1142 4214 1235 4247 scenam
1252 4198 1439 4261 Chrcmylus
1456 4202 1481 4247 et
1499 4198 1628 4257 Plutus.)

1194 4298 1374 4381 Chremptua.

757 4403 821 4470 782
868 4402 969 4480 βάλλ’
994 4405 1037 4474 εἰς
1061 4401 1217 4483 κόρακας]
1241 4404 1278 4475 ὡς
1303 4401 1449 4482 χαλεπόν
1472 4403 1546 4467 εἰσιν
1570 4404 1595 4467 ci
1620 4405 1726 4482 Φίλσι,

869 4512 894 4574 ol
918 4507 1098 4590 Φαινόμενσι
1124 4513 1309 4590 παραχρῆμ’
1332 4507 1406 4574 ὅταν
1430 4509 1552 4589 πράττρ
1574 4532 1620 4582 τις
1645 4505 1689 4574 εὖ.

870 4616 1008 4680 νύττουσι
1033 4616 1096 4694 γὰρ
1120 4616 1173 4679 καὶ
1198 4622 1301 4695 Φλῶσι
1326 4615 1550 4692 τάντικνήμια,

758 4722 823 4788 785
871 4722 1090 4797 ἐνδεικνύμενος
1115 4718 1244 4793 ἕκαστος
1269 4720 1387 4786 εὔνοιάν
1410 4744 1491 4785 τινα.

870 4828 925 4903 ε’μὲ
948 4828 1011 4906 γὰρ
1035 4828 1082 4895 τίς
1106 4828 1138 4890 εὖ
1163 4836 1326 4906 προσεῖπε,
1353 4835 1434 4897 ποῖος
1458 4828 1511 4889 οὐκ
1534 4825 1628 4907 ὄχλος

870 4934 1154 5012 περιεστεφάνωσεν
1179 4935 1208 4996 ἑν
1231 4934 1332 5010 ἁχερᾷ
1356 4932 1584 5009 πρεσβυτικός]
