<?xml version="1.0" encoding="UTF-8"?>
<!DOCTYPE html PUBLIC "-//W3C//DTD XHTML 1.0 Transitional//EN"
    "http://www.w3.org/TR/xhtml1/DTD/xhtml1-transitional.dtd">
<html xmlns="http://www.w3.org/1999/xhtml" xml:lang="en" lang="en">
 <head>
  <title>
</title>
<meta http-equiv="Content-Type" content="text/html;charset=utf-8" />
  <meta name='ocr-system' content='tesseract 3.04.00' />
  <meta name='ocr-capabilities' content='ocr_page ocr_carea ocr_par ocr_line ocrx_word'/>
</head>
<body>
  <div class='ocr_page' id='page_1' title='image "./mnemosyne04verdgoog_0737.png"; bbox 0 0 5125 6150; ppageno 0'>
   <div class='ocr_carea' id='block_1_1' title="bbox 753 839 1613 912">
    <p class='ocr_par' dir='ltr' id='par_1_1' title="bbox 753 839 1613 912">
     <span class='ocr_line' id='line_1_1' title="bbox 753 839 1613 912; baseline 0.008 -9"><span class='ocrx_word' id='word_1_1' title='bbox 753 839 832 907; x_wconf 84' lang='grc'><strong><em>,252</em></strong></span> <span class='ocrx_word' id='word_1_2' title='bbox 1102 859 1270 909; x_wconf 74' lang='lat' dir='ltr'><strong>monimus</strong></span> <span class='ocrx_word' id='word_1_3' title='bbox 1291 861 1613 912; x_wconf 78' lang='lat' dir='ltr'><strong>nffloennnssnnsrs.</strong></span> 
     </span>
    </p>
   </div>
   <div class='ocr_carea' id='block_1_2' title="bbox 763 1025 1969 1738">
    <p class='ocr_par' dir='ltr' id='par_1_2' title="bbox 765 1025 1963 1214">
     <span class='ocr_line' id='line_1_2' title="bbox 765 1025 1963 1108; baseline 0.005 -21"><span class='ocrx_word' id='word_1_4' title='bbox 765 1044 845 1108; x_wconf 86' lang='lat' dir='ltr'><strong>opus</strong></span> <span class='ocrx_word' id='word_1_5' title='bbox 880 1029 927 1089; x_wconf 91' lang='lat' dir='ltr'><strong>est</strong></span> <span class='ocrx_word' id='word_1_6' title='bbox 956 1027 991 1088; x_wconf 88' lang='lat' dir='ltr'><strong><em>in</em></strong></span> <span class='ocrx_word' id='word_1_7' title='bbox 1022 1045 1056 1089; x_wconf 89' lang='lat' dir='ltr'><strong>re</strong></span> <span class='ocrx_word' id='word_1_8' title='bbox 1087 1025 1174 1088; x_wconf 86' lang='lat' dir='ltr'><strong>sacili</strong></span> <span class='ocrx_word' id='word_1_9' title='bbox 1203 1031 1236 1089; x_wconf 90' lang='lat' dir='ltr'><strong><em>ct</em></strong></span> <span class='ocrx_word' id='word_1_10' title='bbox 1266 1030 1357 1102; x_wconf 89' lang='lat' dir='ltr'><strong>nota;</strong></span> <span class='ocrx_word' id='word_1_11' title='bbox 1382 1025 1436 1089; x_wconf 89' lang='lat' dir='ltr'><strong>sed</strong></span> <span class='ocrx_word' id='word_1_12' title='bbox 1460 1028 1579 1090; x_wconf 80' lang='lat' dir='ltr'><strong>vitium</strong></span> <span class='ocrx_word' id='word_1_13' title='bbox 1602 1032 1746 1091; x_wconf 76' lang='lat' dir='ltr'><strong>remanet</strong></span> <span class='ocrx_word' id='word_1_14' title='bbox 1768 1026 1963 1093; x_wconf 86' lang='lat' dir='ltr'><strong>eluendum.</strong></span> 
     </span>
     <span class='ocr_line' id='line_1_3' title="bbox 765 1124 1536 1214; baseline 0.001 -22"><span class='ocrx_word' id='word_1_15' title='bbox 765 1124 863 1213; x_wconf 85' lang='lat' dir='ltr'>Apud</span> <span class='ocrx_word' id='word_1_16' title='bbox 885 1129 1074 1214; x_wconf 82' lang='lat' dir='ltr'><strong>Euripidem</strong></span> <span class='ocrx_word' id='word_1_17' title='bbox 1097 1128 1265 1214; x_wconf 83' lang='lat' dir='ltr'><strong>legebatur</strong></span> <span class='ocrx_word' id='word_1_18' title='bbox 1287 1129 1404 1194; x_wconf 76' lang='lat' dir='ltr'><strong>Electr.</strong></span> <span class='ocrx_word' id='word_1_19' title='bbox 1431 1129 1536 1195; x_wconf 84' lang='lat'>1031:</span> 
     </span>
    </p>

    <p class='ocr_par' dir='ltr' id='par_1_3' title="bbox 763 1233 1969 1738">
     <span class='ocr_line' id='line_1_4' title="bbox 991 1233 1712 1315; baseline 0.003 -17"><span class='ocrx_word' id='word_1_20' title='bbox 991 1236 1044 1298; x_wconf 80' lang='grc' dir='ltr'><strong><em>οὐκ</em></strong></span> <span class='ocrx_word' id='word_1_21' title='bbox 1069 1236 1294 1312; x_wconf 87' lang='grc' dir='ltr'><strong><em>ἡγριοθμην</em></strong></span> <span class='ocrx_word' id='word_1_22' title='bbox 1316 1233 1379 1298; x_wconf 78' lang='grc' dir='ltr'><strong><em>οὐδ’</em></strong></span> <span class='ocrx_word' id='word_1_23' title='bbox 1404 1234 1442 1299; x_wconf 76' lang='grc' dir='ltr'><strong><em>ἂν</em></strong></span> <span class='ocrx_word' id='word_1_24' title='bbox 1467 1234 1591 1299; x_wconf 76' lang='grc' dir='ltr'><strong><em>ἔκτανον</em></strong></span> <span class='ocrx_word' id='word_1_25' title='bbox 1614 1238 1712 1315; x_wconf 86' lang='grc' dir='ltr'><strong><em>τίσιν,</em></strong></span> 
     </span>
     <span class='ocr_line' id='line_1_5' title="bbox 764 1338 1967 1424; baseline 0.004 -21"><span class='ocrx_word' id='word_1_26' title='bbox 764 1338 818 1404; x_wconf 86' lang='lat' dir='ltr'><strong>sed</strong></span> <span class='ocrx_word' id='word_1_27' title='bbox 850 1338 935 1424; x_wconf 92' lang='lat' dir='ltr'><strong>quod</strong></span> <span class='ocrx_word' id='word_1_28' title='bbox 965 1339 1130 1405; x_wconf 83' lang='lat' dir='ltr'><strong>Nauckius</strong></span> <span class='ocrx_word' id='word_1_29' title='bbox 1160 1345 1339 1405; x_wconf 77' lang='lat' dir='ltr'><strong>correxerat</strong></span> <span class='ocrx_word' id='word_1_30' title='bbox 1362 1342 1585 1418; x_wconf 81' lang='grc' dir='ltr'><strong><em>ἡγριοίμην,</em></strong></span> <span class='ocrx_word' id='word_1_31' title='bbox 1609 1341 1642 1405; x_wconf 93' lang='lat' dir='ltr'><strong><em>id</em></strong></span> <span class='ocrx_word' id='word_1_32' title='bbox 1665 1347 1749 1406; x_wconf 89' lang='lat' dir='ltr'><strong>recte</strong></span> <span class='ocrx_word' id='word_1_33' title='bbox 1771 1345 1806 1407; x_wconf 92' lang='lat' dir='ltr'><strong><em>in</em></strong></span> <span class='ocrx_word' id='word_1_34' title='bbox 1830 1348 1967 1409; x_wconf 87' lang='lat' dir='ltr'><strong>textum</strong></span> 
     </span>
     <span class='ocr_line' id='line_1_6' title="bbox 763 1443 1966 1533; baseline 0.005 -25"><span class='ocrx_word' id='word_1_35' title='bbox 763 1443 877 1509; x_wconf 85' lang='lat' dir='ltr'><strong>intulit</strong></span> <span class='ocrx_word' id='word_1_36' title='bbox 900 1444 1109 1510; x_wconf 85' lang='lat' dir='ltr'><strong>Wecklinius.</strong></span> <span class='ocrx_word' id='word_1_37' title='bbox 1138 1444 1255 1510; x_wconf 78' lang='lat' dir='ltr'><strong>Itidem</strong></span> <span class='ocrx_word' id='word_1_38' title='bbox 1278 1446 1363 1530; x_wconf 85' lang='lat' dir='ltr'><strong>apud</strong></span> <span class='ocrx_word' id='word_1_39' title='bbox 1386 1445 1580 1532; x_wconf 87' lang='lat' dir='ltr'><strong>Dionysium</strong></span> <span class='ocrx_word' id='word_1_40' title='bbox 1603 1446 1651 1511; x_wconf 89' lang='lat' dir='ltr'><strong><em>IX</em></strong></span> <span class='ocrx_word' id='word_1_41' title='bbox 1675 1445 1718 1511; x_wconf 84' lang='lat'><strong><em>39</em></strong></span> <span class='ocrx_word' id='word_1_42' title='bbox 1742 1469 1772 1533; x_wconf 89' lang='lat' dir='ltr'><strong><em>p.</em></strong></span> <span class='ocrx_word' id='word_1_43' title='bbox 1799 1447 1911 1513; x_wconf 84' lang='lat'>1850:</span> <span class='ocrx_word' id='word_1_44' title='bbox 1938 1451 1966 1514; x_wconf 88' lang='grc' dir='ltr'><strong><em>οί</em></strong></span> 
     </span>
     <span class='ocr_line' id='line_1_7' title="bbox 763 1549 1965 1631; baseline 0.002 -17"><span class='ocrx_word' id='word_1_45' title='bbox 763 1549 839 1622; x_wconf 82' lang='grc' dir='ltr'><strong><em>τίως</em></strong></span> <span class='ocrx_word' id='word_1_46' title='bbox 870 1550 1081 1631; x_wconf 69' lang='grc' dir='ltr'><strong><em>ἡσυχάζοντες</em></strong></span> <span class='ocrx_word' id='word_1_47' title='bbox 1113 1552 1266 1631; x_wconf 79' lang='grc' dir='ltr'><strong><em>δὴμαρχοι</em></strong></span> <span class='ocrx_word' id='word_1_48' title='bbox 1300 1551 1366 1616; x_wconf 76' lang='grc' dir='ltr'><strong><em>τότ’</em></strong></span> <span class='ocrx_word' id='word_1_49' title='bbox 1404 1554 1617 1631; x_wconf 72' lang='grc' dir='ltr'><strong><em>ἠγριοῦντο</em></strong></span> <span class='ocrx_word' id='word_1_50' title='bbox 1654 1554 1705 1616; x_wconf 85' lang='grc' dir='ltr'><strong><em>καί</em></strong></span> <span class='ocrx_word' id='word_1_51' title='bbox 1738 1559 1795 1616; x_wconf 79' lang='grc' dir='ltr'><strong><em>τῶν</em></strong></span> <span class='ocrx_word' id='word_1_52' title='bbox 1829 1552 1965 1620; x_wconf 75' lang='grc' dir='ltr'><strong><em>θπθτων</em></strong></span> 
     </span>
     <span class='ocr_line' id='line_1_8' title="bbox 765 1655 1969 1738; baseline 0.003 -18"><span class='ocrx_word' id='word_1_53' title='bbox 765 1655 965 1734; x_wconf 86' lang='grc' dir='ltr'><strong><em>κατηγθρουν,</em></strong></span> <span class='ocrx_word' id='word_1_54' title='bbox 997 1662 1088 1721; x_wconf 87' lang='lat' dir='ltr'><strong>utere</strong></span> <span class='ocrx_word' id='word_1_55' title='bbox 1111 1656 1221 1721; x_wconf 88' lang='lat' dir='ltr'><strong>eodem</strong></span> <span class='ocrx_word' id='word_1_56' title='bbox 1245 1656 1386 1721; x_wconf 89' lang='lat' dir='ltr'><strong>remedio</strong></span> <span class='ocrx_word' id='word_1_57' title='bbox 1409 1663 1442 1721; x_wconf 92' lang='lat' dir='ltr'><strong>et</strong></span> <span class='ocrx_word' id='word_1_58' title='bbox 1465 1658 1583 1722; x_wconf 89' lang='lat' dir='ltr'><strong>scribe:</strong></span> <span class='ocrx_word' id='word_1_59' title='bbox 1608 1658 1814 1738; x_wconf 84' lang='grc' dir='ltr'><strong><em>ἡγρίοντο.</em></strong></span> <span class='ocrx_word' id='word_1_60' title='bbox 1849 1657 1969 1724; x_wconf 77' lang='lat' dir='ltr'><strong>Obiter</strong></span> 
     </span>
    </p>
   </div>
   <div class='ocr_carea' id='block_1_3' title="bbox 764 1761 1966 1952">
    <p class='ocr_par' dir='ltr' id='par_1_4' title="bbox 764 1761 1966 1952">
     <span class='ocr_line' id='line_1_9' title="bbox 764 1761 1966 1848; baseline 0.004 -23"><span class='ocrx_word' id='word_1_61' title='bbox 764 1761 845 1826; x_wconf 89' lang='lat' dir='ltr'><strong>addo</strong></span> <span class='ocrx_word' id='word_1_62' title='bbox 868 1762 1039 1840; x_wconf 71' lang='grc' dir='ltr'><strong><em>ἀγριαίνειν</em></strong></span> <span class='ocrx_word' id='word_1_63' title='bbox 1063 1762 1227 1826; x_wconf 87' lang='lat' dir='ltr'><strong>interdum</strong></span> <span class='ocrx_word' id='word_1_64' title='bbox 1250 1765 1348 1826; x_wconf 89' lang='lat' dir='ltr'><strong>etiam</strong></span> <span class='ocrx_word' id='word_1_65' title='bbox 1373 1768 1520 1827; x_wconf 80' lang='lat' dir='ltr'><strong>neutram</strong></span> <span class='ocrx_word' id='word_1_66' title='bbox 1545 1762 1658 1827; x_wconf 87' lang='lat' dir='ltr'><strong>habere</strong></span> <span class='ocrx_word' id='word_1_67' title='bbox 1677 1762 1966 1848; x_wconf 85' lang='lat' dir='ltr'><strong>significationem,</strong></span> 
     </span>
     <span class='ocr_line' id='line_1_10' title="bbox 764 1864 1115 1952; baseline -0.006 -20"><span class='ocrx_word' id='word_1_68' title='bbox 764 1888 797 1932; x_wconf 84' lang='grc' dir='ltr'><strong><em>ν.</em></strong></span> <span class='ocrx_word' id='word_1_69' title='bbox 822 1888 850 1931; x_wconf 89' lang='grc' dir='ltr'><strong><em>ο.</em></strong></span> <span class='ocrx_word' id='word_1_70' title='bbox 874 1866 890 1931; x_wconf 94' lang='lat' dir='ltr'>I</span> <span class='ocrx_word' id='word_1_71' title='bbox 915 1864 957 1933; x_wconf 83' lang='lat'><strong><em>79</em></strong></span> <span class='ocrx_word' id='word_1_72' title='bbox 981 1889 1013 1952; x_wconf 91' lang='lat' dir='ltr'><strong><em>p.</em></strong></span> <span class='ocrx_word' id='word_1_73' title='bbox 1039 1865 1115 1932; x_wconf 86' lang='grc'><strong><em>203.</em></strong></span> 
     </span>
    </p>
   </div>
   <div class='ocr_carea' id='block_1_4' title="bbox 766 2053 1966 2442">
    <p class='ocr_par' dir='ltr' id='par_1_5' title="bbox 766 2053 1966 2442">
     <span class='ocr_line' id='line_1_11' title="bbox 812 2053 1964 2139; baseline 0.003 -22"><span class='ocrx_word' id='word_1_74' title='bbox 812 2053 843 2117; x_wconf 89' lang='grc' dir='ltr'>Χ</span> <span class='ocrx_word' id='word_1_75' title='bbox 865 2053 906 2119; x_wconf 98' lang='grc'><strong><em>15</em></strong></span> <span class='ocrx_word' id='word_1_76' title='bbox 935 2076 967 2139; x_wconf 89' lang='lat' dir='ltr'><strong><em>p.</em></strong></span> <span class='ocrx_word' id='word_1_77' title='bbox 992 2053 1098 2119; x_wconf 82' lang='lat'>2023:</span> <span class='ocrx_word' id='word_1_78' title='bbox 1130 2054 1207 2131; x_wconf 79' lang='grc' dir='ltr'><strong><em>τρισί</em></strong></span> <span class='ocrx_word' id='word_1_79' title='bbox 1232 2056 1295 2132; x_wconf 77' lang='grc' dir='ltr'><strong><em>γὰρ</em></strong></span> <span class='ocrx_word' id='word_1_80' title='bbox 1319 2057 1336 2131; x_wconf 84' lang='grc' dir='ltr'><strong><em>ἡ</em></strong></span> <span class='ocrx_word' id='word_1_81' title='bbox 1361 2053 1506 2134; x_wconf 86' lang='grc' dir='ltr'><strong><em>τίσταρσι</em></strong></span> <span class='ocrx_word' id='word_1_82' title='bbox 1531 2063 1601 2127; x_wconf 90' lang='grc' dir='ltr'><strong><em>ταῖς</em></strong></span> <span class='ocrx_word' id='word_1_83' title='bbox 1626 2055 1804 2134; x_wconf 75' lang='grc' dir='ltr'><strong><em>πρώταις</em></strong></span> <span class='ocrx_word' id='word_1_84' title='bbox 1830 2055 1964 2134; x_wconf 83' lang='grc' dir='ltr'><strong><em>ἡμίραις</em></strong></span> 
     </span>
     <span class='ocr_line' id='line_1_12' title="bbox 766 2158 1966 2245; baseline 0.002 -20"><span class='ocrx_word' id='word_1_85' title='bbox 766 2160 853 2231; x_wconf 76' lang='grc' dir='ltr'><strong><em>τέλος</em></strong></span> <span class='ocrx_word' id='word_1_86' title='bbox 875 2158 987 2239; x_wconf 76' lang='grc' dir='ltr'><strong><em>εἴληφε</em></strong></span> <span class='ocrx_word' id='word_1_87' title='bbox 1007 2161 1048 2223; x_wconf 72' lang='lat' dir='ltr'><strong><em>rat</em></strong></span> <span class='ocrx_word' id='word_1_88' title='bbox 1070 2160 1263 2239; x_wconf 73' lang='grc' dir='ltr'><strong><em>πράγματα.</em></strong></span> <span class='ocrx_word' id='word_1_89' title='bbox 1283 2159 1356 2225; x_wconf 82' lang='grc' dir='ltr'><strong><em>Νοο</em></strong></span> <span class='ocrx_word' id='word_1_90' title='bbox 1373 2158 1547 2227; x_wconf 83' lang='lat' dir='ltr'><strong>tolerabilis</strong></span> <span class='ocrx_word' id='word_1_91' title='bbox 1558 2158 1615 2224; x_wconf 87' lang='lat' dir='ltr'><strong>illa</strong></span> <span class='ocrx_word' id='word_1_92' title='bbox 1626 2159 1737 2238; x_wconf 90' lang='lat' dir='ltr'><strong>leotio;</strong></span> <span class='ocrx_word' id='word_1_93' title='bbox 1758 2162 1966 2245; x_wconf 79' lang='lat' dir='ltr'><strong>scripserim:</strong></span> 
     </span>
     <span class='ocr_line' id='line_1_13' title="bbox 767 2264 1965 2349; baseline 0.002 -19"><span class='ocrx_word' id='word_1_94' title='bbox 767 2274 838 2337; x_wconf 92' lang='grc' dir='ltr'><strong><em>ταῖς</em></strong></span> <span class='ocrx_word' id='word_1_95' title='bbox 869 2265 1026 2337; x_wconf 73' lang='grc' dir='ltr'><strong><em>πάσαις</em></strong></span> <span class='ocrx_word' id='word_1_96' title='bbox 1059 2266 1206 2343; x_wconf 81' lang='grc' dir='ltr'><strong><em>ἡμέραις,</em></strong></span> <span class='ocrx_word' id='word_1_97' title='bbox 1241 2268 1338 2330; x_wconf 84' lang='lat' dir='ltr'><strong>sicuti</strong></span> <span class='ocrx_word' id='word_1_98' title='bbox 1368 2272 1416 2330; x_wconf 87' lang='lat' dir='ltr'><strong>est</strong></span> <span class='ocrx_word' id='word_1_99' title='bbox 1447 2265 1478 2328; x_wconf 91' lang='grc' dir='ltr'>Χ</span> <span class='ocrx_word' id='word_1_100' title='bbox 1501 2264 1544 2328; x_wconf 89' lang='grc'><strong><em>25</em></strong></span> <span class='ocrx_word' id='word_1_101' title='bbox 1575 2286 1606 2349; x_wconf 93' lang='lat' dir='ltr'><strong><em>p.</em></strong></span> <span class='ocrx_word' id='word_1_102' title='bbox 1632 2264 1737 2330; x_wconf 79' lang='lat'><strong>2056:</strong></span> <span class='ocrx_word' id='word_1_103' title='bbox 1769 2266 1800 2328; x_wconf 78' lang='grc' dir='ltr'><strong><em>ἐν</em></strong></span> <span class='ocrx_word' id='word_1_104' title='bbox 1833 2266 1965 2345; x_wconf 77' lang='grc' dir='ltr'><strong><em>ἡμέραις</em></strong></span> 
     </span>
     <span class='ocr_line' id='line_1_14' title="bbox 767 2370 1182 2442; baseline 0 -7"><span class='ocrx_word' id='word_1_105' title='bbox 767 2370 934 2436; x_wconf 71' lang='grc' dir='ltr'><strong><em>ἑκκαίδεκα</em></strong></span> <span class='ocrx_word' id='word_1_106' title='bbox 958 2378 1029 2442; x_wconf 89' lang='grc' dir='ltr'><strong><em>ταῖς</em></strong></span> <span class='ocrx_word' id='word_1_107' title='bbox 1052 2370 1182 2441; x_wconf 80' lang='grc' dir='ltr'><strong><em>ποίοαις.</em></strong></span> 
     </span>
    </p>
   </div>
   <div class='ocr_carea' id='block_1_5' title="bbox 768 2548 1969 3356">
    <p class='ocr_par' dir='ltr' id='par_1_6' title="bbox 768 2548 1969 3356">
     <span class='ocr_line' id='line_1_15' title="bbox 813 2548 1967 2638; baseline 0.007 -24"><span class='ocrx_word' id='word_1_108' title='bbox 813 2550 846 2614; x_wconf 87' lang='grc' dir='ltr'>Χ</span> <span class='ocrx_word' id='word_1_109' title='bbox 872 2550 914 2615; x_wconf 88' lang='grc'><strong><em>15</em></strong></span> <span class='ocrx_word' id='word_1_110' title='bbox 946 2572 977 2636; x_wconf 89' lang='lat' dir='ltr'><strong><em>p.</em></strong></span> <span class='ocrx_word' id='word_1_111' title='bbox 1003 2550 1108 2615; x_wconf 81' lang='lat'>2025:</span> <span class='ocrx_word' id='word_1_112' title='bbox 1142 2553 1224 2634; x_wconf 83' lang='lat' dir='ltr'><strong>App.</strong></span> <span class='ocrx_word' id='word_1_113' title='bbox 1248 2548 1430 2615; x_wconf 84' lang='lat' dir='ltr'><strong>Herdonius</strong></span> <span class='ocrx_word' id='word_1_114' title='bbox 1454 2548 1652 2636; x_wconf 80' lang='lat' dir='ltr'><strong>Capitolium</strong></span> <span class='ocrx_word' id='word_1_115' title='bbox 1675 2559 1847 2638; x_wconf 88' lang='lat' dir='ltr'><strong>occuparat</strong></span> <span class='ocrx_word' id='word_1_116' title='bbox 1870 2562 1905 2619; x_wconf 89' lang='lat' dir='ltr'><strong>et</strong></span> <span class='ocrx_word' id='word_1_117' title='bbox 1930 2554 1967 2622; x_wconf 79' lang='grc' dir='ltr'><strong><em>(ί.</em></strong></span> 
     </span>
     <span class='ocr_line' id='line_1_16' title="bbox 770 2654 1968 2740; baseline 0.003 -18"><span class='ocrx_word' id='word_1_118' title='bbox 770 2654 905 2723; x_wconf 86' lang='lat' dir='ltr'><strong>Olaudio</strong></span> <span class='ocrx_word' id='word_1_119' title='bbox 935 2655 1052 2721; x_wconf 83' lang='lat' dir='ltr'><strong>Sabino</strong></span> <span class='ocrx_word' id='word_1_120' title='bbox 1076 2654 1208 2720; x_wconf 85' lang='lat' dir='ltr'><strong>&#39;consuli</strong></span> <span class='ocrx_word' id='word_1_121' title='bbox 1238 2658 1402 2740; x_wconf 88' lang='lat' dir='ltr'><strong>optimum</strong></span> <span class='ocrx_word' id='word_1_122' title='bbox 1430 2656 1516 2721; x_wconf 83' lang='lat' dir='ltr'><strong>sactu</strong></span> <span class='ocrx_word' id='word_1_123' title='bbox 1540 2657 1678 2734; x_wconf 86' lang='lat' dir='ltr'><strong>videtur,</strong></span> <span class='ocrx_word' id='word_1_124' title='bbox 1702 2661 1729 2721; x_wconf 88' lang='lat' dir='ltr'><strong><em>si</em></strong></span> <span class='ocrx_word' id='word_1_125' title='bbox 1752 2679 1879 2724; x_wconf 86' lang='lat' dir='ltr'><strong>necesse</strong></span> <span class='ocrx_word' id='word_1_126' title='bbox 1905 2663 1968 2738; x_wconf 88' lang='lat' dir='ltr'><strong>sit,</strong></span> 
     </span>
     <span class='ocr_line' id='line_1_17' title="bbox 768 2759 1968 2841; baseline 0.004 -15"><span class='ocrx_word' id='word_1_127' title='bbox 768 2762 921 2831; x_wconf 75' lang='grc' dir='ltr'><strong><em>Λατίνους</em></strong></span> <span class='ocrx_word' id='word_1_128' title='bbox 945 2785 978 2825; x_wconf 88' lang='grc' dir='ltr'><strong><em>τε</em></strong></span> <span class='ocrx_word' id='word_1_129' title='bbox 1004 2762 1055 2824; x_wconf 82' lang='grc' dir='ltr'><strong><em>καί</em></strong></span> <span class='ocrx_word' id='word_1_130' title='bbox 1079 2759 1223 2840; x_wconf 79' lang='grc' dir='ltr'><strong><em>Ἕρνικας</em></strong></span> <span class='ocrx_word' id='word_1_131' title='bbox 1247 2769 1461 2840; x_wconf 82' lang='grc' dir='ltr'><strong><em>παρακαλεῖν·</em></strong></span> <span class='ocrx_word' id='word_1_132' title='bbox 1486 2764 1539 2827; x_wconf 76' lang='grc' dir='ltr'><strong><em>θίαν</em></strong></span> <span class='ocrx_word' id='word_1_133' title='bbox 1560 2763 1585 2826; x_wconf 88' lang='grc' dir='ltr'><strong><em>δ’</em></strong></span> <span class='ocrx_word' id='word_1_134' title='bbox 1606 2763 1748 2841; x_wconf 80' lang='grc' dir='ltr'><strong><em>οίνιίγκη,</em></strong></span> <span class='ocrx_word' id='word_1_135' title='bbox 1770 2765 1823 2827; x_wconf 87' lang='grc' dir='ltr'><strong><em>καί</em></strong></span> <span class='ocrx_word' id='word_1_136' title='bbox 1847 2766 1968 2839; x_wconf 81' lang='grc' dir='ltr'><strong><em>δούλοις</em></strong></span> 
     </span>
     <span class='ocr_line' id='line_1_18' title="bbox 769 2866 1969 2945; baseline 0.005 -15"><span class='ocrx_word' id='word_1_137' title='bbox 769 2867 940 2945; x_wconf 71' lang='grc' dir='ltr'><strong><em>ἐλευθερίαν</em></strong></span> <span class='ocrx_word' id='word_1_138' title='bbox 971 2867 1188 2945; x_wconf 73' lang='grc' dir='ltr'><strong><em>ὑπισχνεῖσθαι</em></strong></span> <span class='ocrx_word' id='word_1_139' title='bbox 1220 2868 1272 2930; x_wconf 88' lang='grc' dir='ltr'><strong><em>καί</em></strong></span> <span class='ocrx_word' id='word_1_140' title='bbox 1305 2866 1427 2938; x_wconf 83' lang='grc' dir='ltr'><strong><em>τοίντας</em></strong></span> <span class='ocrx_word' id='word_1_141' title='bbox 1460 2871 1583 2944; x_wconf 69' lang='grc' dir='ltr'><strong><em>μᾶλλον</em></strong></span> <span class='ocrx_word' id='word_1_142' title='bbox 1606 2868 1624 2943; x_wconf 90' lang='grc' dir='ltr'><strong><em>ἡ</em></strong></span> <span class='ocrx_word' id='word_1_143' title='bbox 1649 2869 1719 2939; x_wconf 83' lang='grc' dir='ltr'><strong><em>τοὺς</em></strong></span> <span class='ocrx_word' id='word_1_144' title='bbox 1743 2869 1793 2931; x_wconf 76' lang='grc' dir='ltr'><strong><em>ἐπί</em></strong></span> <span class='ocrx_word' id='word_1_145' title='bbox 1819 2871 1969 2935; x_wconf 84' lang='grc' dir='ltr'><strong><em>τοιούτων</em></strong></span> 
     </span>
     <span class='ocr_line' id='line_1_19' title="bbox 769 2972 1969 3060; baseline 0.006 -24"><span class='ocrx_word' id='word_1_146' title='bbox 769 2979 876 3052; x_wconf 78' lang='grc' dir='ltr'><strong><em>καιρῶν</em></strong></span> <span class='ocrx_word' id='word_1_147' title='bbox 896 2972 1160 3050; x_wconf 73' lang='grc' dir='ltr'><strong><em>μνησικακοῦντας</em></strong></span> <span class='ocrx_word' id='word_1_148' title='bbox 1173 2978 1262 3050; x_wconf 83' lang='grc' dir='ltr'><strong><em>σΦισι</em></strong></span> <span class='ocrx_word' id='word_1_149' title='bbox 1282 2983 1553 3052; x_wconf 84' lang='grc' dir='ltr'><strong><em>παρακαλεῖν.</em></strong></span> <span class='ocrx_word' id='word_1_150' title='bbox 1574 2974 1640 3039; x_wconf 87' lang='lat' dir='ltr'><strong>Neo</strong></span> <span class='ocrx_word' id='word_1_151' title='bbox 1651 2982 1745 3060; x_wconf 79' lang='lat' dir='ltr'><strong>grata</strong></span> <span class='ocrx_word' id='word_1_152' title='bbox 1756 2979 1804 3038; x_wconf 87' lang='lat' dir='ltr'><strong>est</strong></span> <span class='ocrx_word' id='word_1_153' title='bbox 1816 2977 1969 3042; x_wconf 86' lang='lat' dir='ltr'><strong>ciusdem</strong></span> 
     </span>
     <span class='ocr_line' id='line_1_20' title="bbox 769 3077 1969 3165; baseline 0.005 -21"><span class='ocrx_word' id='word_1_154' title='bbox 769 3081 860 3144; x_wconf 84' lang='lat' dir='ltr'><strong>verbi</strong></span> <span class='ocrx_word' id='word_1_155' title='bbox 890 3087 957 3144; x_wconf 85' lang='lat' dir='ltr'><strong><em>tam</em></strong></span> <span class='ocrx_word' id='word_1_156' title='bbox 988 3080 1079 3144; x_wconf 85' lang='lat' dir='ltr'><strong>brevi</strong></span> <span class='ocrx_word' id='word_1_157' title='bbox 1100 3077 1269 3143; x_wconf 79' lang='lat' dir='ltr'><strong>intervallo</strong></span> <span class='ocrx_word' id='word_1_158' title='bbox 1295 3082 1460 3163; x_wconf 87' lang='lat' dir='ltr'><strong>repetitio,</strong></span> <span class='ocrx_word' id='word_1_159' title='bbox 1484 3101 1585 3165; x_wconf 90' lang='lat' dir='ltr'><strong>neque</strong></span> <span class='ocrx_word' id='word_1_160' title='bbox 1609 3080 1708 3145; x_wconf 85' lang='lat' dir='ltr'><strong>altero</strong></span> <span class='ocrx_word' id='word_1_161' title='bbox 1732 3079 1802 3145; x_wconf 87' lang='lat' dir='ltr'><strong>loco</strong></span> <span class='ocrx_word' id='word_1_162' title='bbox 1825 3084 1969 3150; x_wconf 83' lang='lat' dir='ltr'><strong>verbum</strong></span> 
     </span>
     <span class='ocr_line' id='line_1_21' title="bbox 769 3185 1968 3271; baseline 0.004 -22"><span class='ocrx_word' id='word_1_163' title='bbox 769 3195 1031 3263; x_wconf 76' lang='grc' dir='ltr'><strong><em>παρακαλεῖν</em></strong></span> <span class='ocrx_word' id='word_1_164' title='bbox 1056 3188 1133 3249; x_wconf 90' lang='lat' dir='ltr'><strong>satis</strong></span> <span class='ocrx_word' id='word_1_165' title='bbox 1154 3190 1239 3249; x_wconf 81' lang='lat' dir='ltr'><strong>recte</strong></span> <span class='ocrx_word' id='word_1_166' title='bbox 1263 3190 1455 3269; x_wconf 87' lang='lat' dir='ltr'><strong>usurpatum</strong></span> <span class='ocrx_word' id='word_1_167' title='bbox 1475 3191 1538 3265; x_wconf 85' lang='lat' dir='ltr'><strong>eet;</strong></span> <span class='ocrx_word' id='word_1_168' title='bbox 1559 3185 1664 3271; x_wconf 87' lang='lat' dir='ltr'><strong>placet</strong></span> <span class='ocrx_word' id='word_1_169' title='bbox 1688 3190 1968 3266; x_wconf 77' lang='grc' dir='ltr'><strong><em>παραλαβεῖν.</em></strong></span> 
     </span>
     <span class='ocr_line' id='line_1_22' title="bbox 769 3288 1312 3356; baseline -0.004 -1"><span class='ocrx_word' id='word_1_170' title='bbox 769 3290 950 3356; x_wconf 84' lang='lat' dir='ltr'><strong>Discrimen</strong></span> <span class='ocrx_word' id='word_1_171' title='bbox 973 3292 1111 3355; x_wconf 90' lang='lat' dir='ltr'><strong>occurrit</strong></span> <span class='ocrx_word' id='word_1_172' title='bbox 1133 3292 1167 3353; x_wconf 88' lang='lat' dir='ltr'><strong><em>in</em></strong></span> <span class='ocrx_word' id='word_1_173' title='bbox 1191 3288 1312 3354; x_wconf 91' lang='lat' dir='ltr'><strong>oculos.</strong></span> 
     </span>
    </p>
   </div>
   <div class='ocr_carea' id='block_1_6' title="bbox 769 3475 1969 3662">
    <p class='ocr_par' dir='ltr' id='par_1_7' title="bbox 769 3475 1969 3662">
     <span class='ocr_line' id='line_1_23' title="bbox 817 3475 1969 3563; baseline 0.004 -22"><span class='ocrx_word' id='word_1_174' title='bbox 817 3478 847 3541; x_wconf 87' lang='lat' dir='ltr'>X</span> <span class='ocrx_word' id='word_1_175' title='bbox 882 3478 922 3543; x_wconf 89' lang='grc'><strong><em>16</em></strong></span> <span class='ocrx_word' id='word_1_176' title='bbox 954 3500 984 3563; x_wconf 90' lang='lat' dir='ltr'><strong><em>p.</em></strong></span> <span class='ocrx_word' id='word_1_177' title='bbox 1012 3477 1119 3543; x_wconf 78' lang='lat'>2029:</span> <span class='ocrx_word' id='word_1_178' title='bbox 1155 3476 1253 3556; x_wconf 79' lang='grc' dir='ltr'><strong><em>ὥσπερ</em></strong></span> <span class='ocrx_word' id='word_1_179' title='bbox 1285 3479 1359 3556; x_wconf 81' lang='grc' dir='ltr'><strong><em>πρὸς</em></strong></span> <span class='ocrx_word' id='word_1_180' title='bbox 1391 3475 1536 3540; x_wconf 71' lang='grc' dir='ltr'><strong><em>ἁπάντων</em></strong></span> <span class='ocrx_word' id='word_1_181' title='bbox 1572 3475 1823 3553; x_wconf 78' lang='grc' dir='ltr'><strong><em>ὦμολθγητο.</em></strong></span> <span class='ocrx_word' id='word_1_182' title='bbox 1857 3479 1969 3546; x_wconf 78' lang='lat' dir='ltr'><strong>Malo:</strong></span> 
     </span>
     <span class='ocr_line' id='line_1_24' title="bbox 769 3587 1037 3662; baseline 0 -15"><span class='ocrx_word' id='word_1_183' title='bbox 769 3587 1037 3662; x_wconf 75' lang='grc' dir='ltr'><strong><em>ὡμολογεῖτο.</em></strong></span> 
     </span>
    </p>
   </div>
   <div class='ocr_carea' id='block_1_7' title="bbox 768 3779 1975 5007">
    <p class='ocr_par' dir='ltr' id='par_1_8' title="bbox 768 3779 1972 4394">
     <span class='ocr_line' id='line_1_25' title="bbox 814 3779 1971 3868; baseline 0.002 -20"><span class='ocrx_word' id='word_1_184' title='bbox 814 3784 846 3847; x_wconf 91' lang='grc' dir='ltr'>Χ</span> <span class='ocrx_word' id='word_1_185' title='bbox 873 3781 913 3848; x_wconf 83' lang='grc'><strong><em>17</em></strong></span> <span class='ocrx_word' id='word_1_186' title='bbox 938 3805 969 3868; x_wconf 93' lang='lat' dir='ltr'><strong><em>p.</em></strong></span> <span class='ocrx_word' id='word_1_187' title='bbox 990 3782 1090 3847; x_wconf 89' lang='grc'><strong><em>2032.</em></strong></span> <span class='ocrx_word' id='word_1_188' title='bbox 1115 3784 1234 3848; x_wconf 85' lang='lat' dir='ltr'><strong>Arebat</strong></span> <span class='ocrx_word' id='word_1_189' title='bbox 1258 3781 1465 3847; x_wconf 81' lang='lat' dir='ltr'><strong>Cincinnatus</strong></span> <span class='ocrx_word' id='word_1_190' title='bbox 1488 3779 1631 3865; x_wconf 81' lang='lat' dir='ltr'><strong>agellum</strong></span> <span class='ocrx_word' id='word_1_191' title='bbox 1656 3802 1751 3846; x_wconf 91' lang='lat' dir='ltr'><strong>suum</strong></span> <span class='ocrx_word' id='word_1_192' title='bbox 1776 3783 1870 3854; x_wconf 77' lang='grc' dir='ltr'><strong><em>αὐτὸς</em></strong></span> <span class='ocrx_word' id='word_1_193' title='bbox 1898 3787 1971 3850; x_wconf 70' lang='lat' dir='ltr'><strong>otae</strong></span> 
     </span>
     <span class='ocr_line' id='line_1_26' title="bbox 768 3886 1969 3970; baseline 0 -16"><span class='ocrx_word' id='word_1_194' title='bbox 768 3891 879 3955; x_wconf 79' lang='grc' dir='ltr'><strong><em>λουθῶν</em></strong></span> <span class='ocrx_word' id='word_1_195' title='bbox 898 3896 961 3960; x_wconf 89' lang='grc' dir='ltr'><strong><em>τοῖς</em></strong></span> <span class='ocrx_word' id='word_1_196' title='bbox 979 3888 1118 3968; x_wconf 82' lang='grc' dir='ltr'><strong><em>σχίζουσι</em></strong></span> <span class='ocrx_word' id='word_1_197' title='bbox 1140 3893 1194 3960; x_wconf 86' lang='grc' dir='ltr'><strong><em>τὴν</em></strong></span> <span class='ocrx_word' id='word_1_198' title='bbox 1215 3887 1288 3953; x_wconf 84' lang='grc' dir='ltr'><strong><em>νειδν</em></strong></span> <span class='ocrx_word' id='word_1_199' title='bbox 1308 3886 1448 3965; x_wconf 82' lang='grc' dir='ltr'><strong><em>βοιδίοις,</em></strong></span> <span class='ocrx_word' id='word_1_200' title='bbox 1469 3887 1599 3966; x_wconf 79' lang='grc' dir='ltr'><strong><em>ιθχίτων,</em></strong></span> <span class='ocrx_word' id='word_1_201' title='bbox 1624 3886 1846 3968; x_wconf 80' lang='grc' dir='ltr'><strong><em>περιζωμιίτιον</em></strong></span> <span class='ocrx_word' id='word_1_202' title='bbox 1872 3888 1969 3970; x_wconf 80' lang='grc' dir='ltr'><strong><em>ἔχων,</em></strong></span> 
     </span>
     <span class='ocr_line' id='line_1_27' title="bbox 770 3990 1970 4077; baseline 0.003 -18"><span class='ocrx_word' id='word_1_203' title='bbox 770 3995 821 4060; x_wconf 86' lang='grc' dir='ltr'><strong><em>καί</em></strong></span> <span class='ocrx_word' id='word_1_204' title='bbox 854 3994 903 4057; x_wconf 77' lang='grc' dir='ltr'><strong><em>ἐπί</em></strong></span> <span class='ocrx_word' id='word_1_205' title='bbox 935 4003 974 4073; x_wconf 70' lang='grc' dir='ltr'><strong><em>τῇ</em></strong></span> <span class='ocrx_word' id='word_1_206' title='bbox 1006 4000 1132 4074; x_wconf 69' lang='grc' dir='ltr'><strong><em>κεφαλῇ</em></strong></span> <span class='ocrx_word' id='word_1_207' title='bbox 1156 4001 1286 4057; x_wconf 87' lang='grc' dir='ltr'><strong><em>πῖλον.</em></strong></span> <span class='ocrx_word' id='word_1_208' title='bbox 1310 3990 1495 4077; x_wconf 70' lang='lat' dir='ltr'><strong>corrigam:</strong></span> <span class='ocrx_word' id='word_1_209' title='bbox 1520 3991 1701 4056; x_wconf 73' lang='grc' dir='ltr'><strong><em>πιλίδιον</em></strong></span> <span class='ocrx_word' id='word_1_210' title='bbox 1725 3998 1756 4057; x_wconf 86' lang='lat' dir='ltr'><strong>et</strong></span> <span class='ocrx_word' id='word_1_211' title='bbox 1779 3997 1859 4057; x_wconf 86' lang='lat' dir='ltr'><strong>satis</strong></span> <span class='ocrx_word' id='word_1_212' title='bbox 1882 3994 1970 4062; x_wconf 86' lang='lat' dir='ltr'><strong>lonis</strong></span> 
     </span>
     <span class='ocr_line' id='line_1_28' title="bbox 769 4096 1969 4180; baseline 0.003 -16"><span class='ocrx_word' id='word_1_213' title='bbox 769 4099 934 4164; x_wconf 84' lang='lat' dir='ltr'><strong>videbitur</strong></span> <span class='ocrx_word' id='word_1_214' title='bbox 957 4100 1111 4174; x_wconf 87' lang='lat' dir='ltr'><strong>mutatio,</strong></span> <span class='ocrx_word' id='word_1_215' title='bbox 1135 4100 1163 4162; x_wconf 88' lang='lat' dir='ltr'><strong><em>si</em></strong></span> <span class='ocrx_word' id='word_1_216' title='bbox 1186 4097 1359 4162; x_wconf 85' lang='lat' dir='ltr'><strong>attenderis</strong></span> <span class='ocrx_word' id='word_1_217' title='bbox 1382 4100 1532 4161; x_wconf 77' lang='lat' dir='ltr'><strong>contInuo</strong></span> <span class='ocrx_word' id='word_1_218' title='bbox 1556 4100 1645 4180; x_wconf 89' lang='lat' dir='ltr'><strong>sequi</strong></span> <span class='ocrx_word' id='word_1_219' title='bbox 1668 4096 1864 4162; x_wconf 84' lang='lat' dir='ltr'><strong>vocabulum</strong></span> <span class='ocrx_word' id='word_1_220' title='bbox 1886 4102 1969 4167; x_wconf 82' lang='grc' dir='ltr'><strong><em>ίδοίν.</em></strong></span> 
     </span>
     <span class='ocr_line' id='line_1_29' title="bbox 771 4201 1972 4287; baseline 0.003 -19"><span class='ocrx_word' id='word_1_221' title='bbox 771 4204 821 4269; x_wconf 85' lang='lat' dir='ltr'><strong><em>lto</em></strong></span> <span class='ocrx_word' id='word_1_222' title='bbox 844 4205 949 4268; x_wconf 89' lang='lat' dir='ltr'><strong>solent</strong></span> <span class='ocrx_word' id='word_1_223' title='bbox 971 4204 1167 4267; x_wconf 85' lang='lat' dir='ltr'><strong>diminutiva</strong></span> <span class='ocrx_word' id='word_1_224' title='bbox 1190 4202 1354 4287; x_wconf 81' lang='lat' dir='ltr'><strong>eleganter</strong></span> <span class='ocrx_word' id='word_1_225' title='bbox 1376 4201 1535 4286; x_wconf 89' lang='lat' dir='ltr'><strong>copulari:</strong></span> <span class='ocrx_word' id='word_1_226' title='bbox 1559 4201 1790 4283; x_wconf 79' lang='grc' dir='ltr'><strong><em>περιζωμθτιον,</em></strong></span> <span class='ocrx_word' id='word_1_227' title='bbox 1816 4212 1883 4277; x_wconf 88' lang='grc' dir='ltr'><strong><em>τοῖς</em></strong></span> <span class='ocrx_word' id='word_1_228' title='bbox 1905 4208 1972 4283; x_wconf 83' lang='grc' dir='ltr'><strong><em>βοι-</em></strong></span> 
     </span>
     <span class='ocr_line' id='line_1_30' title="bbox 769 4306 1971 4394; baseline 0.002 -18"><span class='ocrx_word' id='word_1_229' title='bbox 769 4308 859 4387; x_wconf 88' lang='grc' dir='ltr'><strong><em>δίοις,</em></strong></span> <span class='ocrx_word' id='word_1_230' title='bbox 884 4308 1022 4375; x_wconf 86' lang='grc' dir='ltr'><strong><em>πιλίδιον.</em></strong></span> <span class='ocrx_word' id='word_1_231' title='bbox 1047 4308 1280 4373; x_wconf 79' lang='lat' dir='ltr'><strong>Anaxandridis</strong></span> <span class='ocrx_word' id='word_1_232' title='bbox 1303 4314 1378 4371; x_wconf 90' lang='lat' dir='ltr'><strong>sunt</strong></span> <span class='ocrx_word' id='word_1_233' title='bbox 1401 4306 1554 4372; x_wconf 87' lang='lat' dir='ltr'><strong>versiculi</strong></span> <span class='ocrx_word' id='word_1_234' title='bbox 1578 4329 1627 4393; x_wconf 88' lang='lat' dir='ltr'><strong>ep.</strong></span> <span class='ocrx_word' id='word_1_235' title='bbox 1650 4308 1766 4374; x_wconf 82' lang='lat' dir='ltr'><strong>Athen.</strong></span> <span class='ocrx_word' id='word_1_236' title='bbox 1787 4331 1819 4394; x_wconf 88' lang='lat' dir='ltr'><strong><em>p.</em></strong></span> <span class='ocrx_word' id='word_1_237' title='bbox 1844 4309 1912 4377; x_wconf 85' lang='lat'><strong><em>105</em></strong></span> <span class='ocrx_word' id='word_1_238' title='bbox 1928 4314 1971 4378; x_wconf 83' lang='lat' dir='ltr'><strong><em>F:</em></strong></span> 
     </span>
    </p>

    <p class='ocr_par' dir='ltr' id='par_1_9' title="bbox 1087 4412 1539 4493">
     <span class='ocr_line' id='line_1_31' title="bbox 1087 4412 1539 4493; baseline -0.004 -15"><span class='ocrx_word' id='word_1_239' title='bbox 1087 4415 1138 4478; x_wconf 85' lang='grc' dir='ltr'><strong><em>καί</em></strong></span> <span class='ocrx_word' id='word_1_240' title='bbox 1165 4412 1333 4491; x_wconf 83' lang='grc' dir='ltr'><strong><em>συμπαίζει</em></strong></span> <span class='ocrx_word' id='word_1_241' title='bbox 1359 4414 1539 4493; x_wconf 85' lang='grc' dir='ltr'><strong><em>καριδαρίοις</em></strong></span> 
     </span>
    </p>

    <p class='ocr_par' dir='ltr' id='par_1_10' title="bbox 1085 4518 1625 4602">
     <span class='ocr_line' id='line_1_32' title="bbox 1085 4518 1625 4602; baseline -0.004 -19"><span class='ocrx_word' id='word_1_242' title='bbox 1085 4521 1170 4597; x_wconf 75' lang='grc' dir='ltr'><strong><em>μετὰ</em></strong></span> <span class='ocrx_word' id='word_1_243' title='bbox 1195 4518 1351 4598; x_wconf 90' lang='grc' dir='ltr'><strong><em>περδικίωυ</em></strong></span> <span class='ocrx_word' id='word_1_244' title='bbox 1376 4521 1426 4584; x_wconf 89' lang='grc' dir='ltr'><strong><em>καί</em></strong></span> <span class='ocrx_word' id='word_1_245' title='bbox 1453 4519 1625 4602; x_wconf 73' lang='grc' dir='ltr'><strong><em>θρᾳττιδίων</em></strong></span> 
     </span>
    </p>

    <p class='ocr_par' dir='ltr' id='par_1_11' title="bbox 1086 4625 1625 4705">
     <span class='ocr_line' id='line_1_33' title="bbox 1086 4625 1625 4705; baseline 0 -15"><span class='ocrx_word' id='word_1_246' title='bbox 1086 4625 1139 4690; x_wconf 79' lang='grc' dir='ltr'><strong><em>καί</em></strong></span> <span class='ocrx_word' id='word_1_247' title='bbox 1163 4626 1343 4704; x_wconf 77' lang='grc' dir='ltr'><strong><em>ψητταρίοις</em></strong></span> <span class='ocrx_word' id='word_1_248' title='bbox 1368 4626 1453 4701; x_wconf 76' lang='grc' dir='ltr'><strong><em>μετὰ</em></strong></span> <span class='ocrx_word' id='word_1_249' title='bbox 1477 4626 1625 4705; x_wconf 80' lang='grc' dir='ltr'><strong><em>κωθαρίων</em></strong></span> 
     </span>
    </p>

    <p class='ocr_par' dir='ltr' id='par_1_12' title="bbox 772 4731 1975 5007">
     <span class='ocr_line' id='line_1_34' title="bbox 1088 4731 1635 4808; baseline -0.002 -13"><span class='ocrx_word' id='word_1_250' title='bbox 1088 4731 1140 4795; x_wconf 84' lang='grc' dir='ltr'><strong><em>καί</em></strong></span> <span class='ocrx_word' id='word_1_251' title='bbox 1165 4732 1342 4808; x_wconf 87' lang='grc' dir='ltr'><strong><em>σκινδαρίοις</em></strong></span> <span class='ocrx_word' id='word_1_252' title='bbox 1367 4732 1453 4806; x_wconf 71' lang='grc' dir='ltr'><strong><em>μετὰ</em></strong></span> <span class='ocrx_word' id='word_1_253' title='bbox 1478 4731 1635 4808; x_wconf 81' lang='grc' dir='ltr'><strong><em>κωβιδίων,</em></strong></span> 
     </span>
     <span class='ocr_line' id='line_1_35' title="bbox 772 4835 1975 4923; baseline 0.004 -23"><span class='ocrx_word' id='word_1_254' title='bbox 772 4857 835 4920; x_wconf 93' lang='lat' dir='ltr'><strong><em>quo</em></strong></span> <span class='ocrx_word' id='word_1_255' title='bbox 864 4838 932 4902; x_wconf 93' lang='lat' dir='ltr'><strong>loco</strong></span> <span class='ocrx_word' id='word_1_256' title='bbox 963 4858 1040 4902; x_wconf 91' lang='lat' dir='ltr'><strong>usus</strong></span> <span class='ocrx_word' id='word_1_257' title='bbox 1071 4843 1119 4901; x_wconf 87' lang='lat' dir='ltr'><strong>est</strong></span> <span class='ocrx_word' id='word_1_258' title='bbox 1149 4835 1288 4903; x_wconf 81' lang='lat' dir='ltr'><strong>Cobetus</strong></span> <span class='ocrx_word' id='word_1_259' title='bbox 1320 4838 1430 4901; x_wconf 83' lang='grc' dir='ltr'><strong><em>Μινουν.</em></strong></span> <span class='ocrx_word' id='word_1_260' title='bbox 1458 4836 1545 4903; x_wconf 87' lang='grc'><strong>1858</strong></span> <span class='ocrx_word' id='word_1_261' title='bbox 1577 4859 1607 4921; x_wconf 94' lang='lat' dir='ltr'><strong><em>p.</em></strong></span> <span class='ocrx_word' id='word_1_262' title='bbox 1632 4835 1708 4915; x_wconf 86' lang='grc'><strong><em>247,</em></strong></span> <span class='ocrx_word' id='word_1_263' title='bbox 1740 4841 1779 4900; x_wconf 92' lang='lat' dir='ltr'><strong><em>ut</em></strong></span> <span class='ocrx_word' id='word_1_264' title='bbox 1800 4835 1975 4923; x_wconf 79' lang='lat' dir='ltr'><strong>eleganter</strong></span> 
     </span>
     <span class='ocr_line' id='line_1_36' title="bbox 772 4941 1446 5007; baseline 0.004 -4"><span class='ocrx_word' id='word_1_265' title='bbox 772 4941 955 5006; x_wconf 86' lang='lat' dir='ltr'><strong>emendaret</strong></span> <span class='ocrx_word' id='word_1_266' title='bbox 978 4947 1011 5007; x_wconf 90' lang='lat' dir='ltr'><strong><em>in</em></strong></span> <span class='ocrx_word' id='word_1_267' title='bbox 1035 4942 1143 5006; x_wconf 84' lang='lat' dir='ltr'><strong>Plauti</strong></span> <span class='ocrx_word' id='word_1_268' title='bbox 1165 4942 1275 5007; x_wconf 81' lang='lat' dir='ltr'><strong>Sticho</strong></span> <span class='ocrx_word' id='word_1_269' title='bbox 1302 4965 1346 5007; x_wconf 88' lang='lat' dir='ltr'><strong><em>vs.</em></strong></span> <span class='ocrx_word' id='word_1_270' title='bbox 1371 4942 1446 5006; x_wconf 83' lang='lat'>690.</span> 
     </span>
    </p>
   </div>
   <div class='ocr_carea' id='block_1_8' title="bbox 0 0 2574 6148">
    <p class='ocr_par' dir='ltr' id='par_1_13' title="bbox 0 0 2574 6148">
     <span class='ocr_line' id='line_1_37' title="bbox 0 0 2574 6148; baseline 0 0"><span class='ocrx_word' id='word_1_271' title='bbox 0 0 2574 6148; x_wconf 95' lang='lat' dir='ltr'><strong><em> </em></strong></span> 
     </span>
    </p>
   </div>
  </div>
 </body>
</html>
