5125 6150
1116 811 1306 858 mousson.
1737 790 1802 857 315

609 976 746 1042 verbum
772 975 876 1053 ἐκχεῖν
902 980 978 1053 (non
1002 981 1086 1056 χεῖν)
1113 980 1145 1040 et
1168 977 1321 1061 effundere
1343 978 1460 1060 passim
1488 982 1685 1062 usurpantur
1707 1000 1809 1042 οοοαιο-

610 1081 710 1145 meedi
734 1086 766 1145 et
789 1080 988 1162 dilapidandi
1012 1101 1116 1146 sensu·

656 1298 704 1364 Ill
737 1298 779 1364 39
805 1297 833 1379 (Ι
867 1298 980 1378 22),2.
1013 1299 1073 1376 ἐγὼ
1105 1296 1136 1363 δέ
1169 1297 1241 1378 πρὸς
1269 1302 1375 1364 ταῦτα
1406 1295 1528 1365 ἕκαστα
1556 1301 1652 1382 ἐχίρά
1675 1300 1803 1378 βλέπινν

610 1407 755 1483 ἀνέροενον
794 1406 1026 1486 ἐπαφήσειν
1067 1403 1202 1482 ἐμαυτὸν
1236 1405 1379 1485 ἐγχανὼν
1416 1407 1459 1484 τῷ
1496 1410 1678 1471 πλακοῦντι.
1721 1407 1805 1474 Sane

608 1513 825 1599 grammatica
854 1508 997 1596 postulat
1030 1510 1277 1592 ἐπαφεῖναι,
1311 1517 1349 1575 ut
1380 1511 1395 1574 I
1421 1510 1507 1588 10,4
1532 1518 1616 1576 reete
1640 1517 1672 1577 et
1696 1512 1807 1578 ordine

609 1622 767 1702 seriptum
798 1623 846 1681 est
876 1616 1100 1693 ἀναμείναντες
1128 1613 1178 1682 οὖν
1208 1615 1422 1694 ἀπολνῖξαι
1452 1617 1486 1681 τδ
1512 1615 1680 1694 κλνδνίνιον,
1706 1620 1808 1682 etita

608 1722 683 1788 inde
714 1724 753 1787 ab
784 1722 928 1787 Homero
953 1743 1063 1787 omnes
1087 1726 1276 1787 construunt
1299 1722 1359 1787 hoo
1382 1743 1476 1787 sensu
1500 1723 1678 1804 expectandi
1700 1722 1806 1788 verba.

611 1828 708 1892 Hom.
735 1826 823 1905 μένον
848 1827 874 1891 δ’
897 1826 947 1893 ἐπὶ
972 1826 1109 1907 εέσπερον
1134 1829 1239 1893 ἐλθεῖν.

655 2031 703 2095 ΙΙΙ
727 2031 770 2096 40
802 2029 965 2111 (123),1.
998 2028 1200 2094 Meinekium
1232 2031 1409 2094 rectissime
1440 2034 1550 2095 eontra
1580 2028 1678 2096 libros
1711 2028 1807 2110 χόρια

611 2160 667 2224 pro
689 2141 784 2218 χεῖμα
808 2136 955 2201 edentem
979 2138 1070 2220 sequi
1093 2135 1205 2201 debuit
1227 2134 1400 2220 Sehepers3
1425 2138 1521 2215 χῖιροα
1542 2156 1643 2220 aeque
1666 2157 1806 2222 pravum

610 2250 659 2309 est
682 2265 718 2308 aa
742 2244 823 2308 ioret
846 2241 969 2324 χεύμα.
995 2280 1037 2289 -
1063 2241 1114 2326 §2
1139 2240 1376 2318 ἐβουλενσάμκν
1399 2234 1449 2306 οὖν
1468 2277 1510 2290 -
1532 2240 1657 2321 δραμεῖν
1681 2242 1725 2314 είς
1745 2242 1804 2314 τάς

609 2349 712 2419 ίίλονς
743 2350 775 2430 [ἢ
807 2349 866 2419 τάς
899 2346 1059 2430 καρκίνους]
1090 2352 1148 2411 τῶν
1178 2346 1367 2424 βαλανείων.
1406 2346 1478 2412 Non
1509 2345 1603 2432 plane
1634 2346 1720 2433 apud
1751 2368 1804 2413 me

610 2460 753 2531 constat,
785 2458 897 2517 utrum
928 2474 1002 2517 eum
1026 2449 1145 2518 Oobeto
1169 2452 1267 2518 verba
1291 2451 1308 2526 ἢ
1332 2452 1390 2523 τάς
1415 2452 1562 2529 καριίνονς
1586 2452 1719 2519 delendo
1742 2454 1807 2518 sint

610 2583 651 2625 en
674 2565 733 2623 τῖιν
757 2557 945 2636 βαλανείων,
969 2557 1052 2642 quod
1076 2557 1213 2622 adscribi
1237 2559 1344 2643 potuit
1367 2556 1406 2622 ad
1430 2558 1527 2623 verba
1547 2558 1589 2628 είς
1610 2557 1669 2630 τάς
1690 2555 1806 2631 ίίλονς.

613 2665 662 2733 Of.
688 2664 735 2728 111
760 2664 906 2748 6(42),3
931 2664 1159 2744 καταλήψομαι
1184 2664 1241 2735 τὰς
1267 2664 1399 2741 ἐγγύθεν
1422 2665 1567 2743 καμίνονς
1592 2663 1645 2729 καί
1670 2667 1711 2744 τῷ
1736 2664 1805 2744 πνρί

611 2775 625 2837 ὅ
650 2771 793 2844 δύστηνος
817 2768 991 2848 ίάλψοριαι.
1015 2769 1077 2835 Sed
1102 2771 1234 2835 fortasse
1258 2770 1334 2835 hine
1357 2779 1464 2835 noster
1488 2768 1576 2835 loeus
1594 2770 1807 2856 interpolatus

611 2885 669 2944 est.
702 2914 745 2926 —
776 2876 897 2962 Magne
928 2876 1073 2941 laborent
1102 2875 1290 2941 difficultate
1319 2879 1388 2962 ipss
1418 2879 1601 2961 sequentia:
1634 2877 1710 2941 ἀλλ’
1741 2876 1807 2942 οὐδὲ

612 2985 712 3048 ἐκεῖσε
750 2983 936 3064 συνεχώρουν
968 2982 994 3046 οί
1030 2982 1087 3044 τῶν
1124 2980 1300 3061 δμοτέχνονν
1334 2981 1401 3060 περί
1438 2982 1543 3047 ταῠτά
1581 2981 1806 3059 κυλινδούμενοι

611 3088 798 3171 (καλινδ.ί)·
831 3088 883 3153 καί
916 3089 978 3169 γὰρ
1011 3086 1123 3157 αὐτοὺς
1152 3090 1169 3163 ἦ
1194 3089 1401 3167 παραπλησία
1426 3090 1489 3160 ίεδς
1514 3087 1647 3170 ἠνώχλει
1669 3089 1805 3174 [Πενία].

612 3198 653 3268 ὥς
683 3193 732 3261 οὖν
756 3193 889 3278 ᾐσίίμιρν
912 3196 965 3259 οὐκ
989 3188 1068 3258 εἶναί
1089 3215 1140 3269 μοι
1164 3193 1197 3257 εί
1206 3218 1220 3266 ς
1245 3192 1399 3268 ταύτην
1424 3180 1584 3273 είσιτιρτίν,
1609 3193 1730 3274 δραμιδν
1754 3194 1804 3260 ἐπί

612 3302 646 3368 τδ
681 3302 843 3380 Θρασύλον
872 3300 1040 3377 βαλανεῖον
1064 3299 1228 3381 [ἰδιωτικῆς
1251 3299 1376 3382 οίκίας],
1401 3296 1482 3379 εὗρον
1507 3304 1597 3365 τοῦτο
1621 3299 1714 3380 κενίν,
1740 3302 1804 3366 κτέ.

611 3408 745 3472 Frustra
769 3410 855 3472 enim
879 3408 1074 3491 quaesiveris
1097 3427 1160 3491 quo
1183 3405 1385 3472 referendum
1408 3408 1451 3471 sit
1474 3406 1518 3478 είς
1537 3405 1665 3481 ταύτην.
1691 3406 1808 3473 Proeul

613 3515 711 3580 dubio
742 3515 917 3598 requiritur
947 3513 1004 3585 είς
1028 3513 1204 3589 ταύτας,
1229 3511 1524 3590 εσὶ1.τάςίίλονς,
1549 3515 1684 3580 sirecte
1708 3511 1809 3584 Cobet

614 3620 736 3685 delevit
759 3620 776 3695 ἢ
801 3620 861 3691 τάς
886 3619 1049 3697 καρκίνους,
1074 3621 1123 3683 sin
1148 3621 1272 3697 minus,
1297 3619 1355 3693 είς
1379 3621 1524 3686 ταῦτα.

660 3837 707 3902 111
732 3836 772 3901 41
794 3834 919 3917 (74),1.
946 3833 1120 3915 ἀβρίζεσίαο
1143 3837 1216 3917 πρὸς
1236 3841 1290 3902 τοῦ
1310 3836 1492 3918 τρέφοντος,
1513 3840 1538 3903 εί
1561 3839 1613 3903 καί
1636 3838 1809 3919 ἀνίσοον,

613 3944 766 4024 φορκτί
774 3969 806 4021 ν,
830 3941 922 4018 ἀπαξ
945 3942 1103 4020 ἐκδίριενον
1127 3944 1161 4007 τδ
1185 3948 1276 4020 σῶμα
1301 3951 1364 4016 τοῖς
1389 3943 1630 4024 προπηλακίζειν
1661 3943 1810 4012 ε’ίίλονσιν

615 4045 704 4113 ἕνεκα
737 4055 794 4120 τῆς
825 4049 971 4126 ἀίεριίτον
1003 4046 1158 4125 γαστρίς·
1191 4049 1224 4112 τί
1255 4049 1287 4113 δέ
1319 4049 1371 4115 καί
1405 4050 1461 4114 tri
1493 4057 1552 4116 τῶν
1576 4052 1806 4136 σνμπαρίντοιι,

613 4154 720 4234 πολλῷ
752 4153 929 4233 βαρύτερον.
962 4151 1114 4234 ’τβρίζεον
1142 4152 1272 4237 quidem
1295 4152 1413 4220 ἀνίσιον
1438 4155 1501 4221 diei
1524 4160 1648 4242 potest,
1672 4156 1727 4223 sed
1752 4161 1808 4224 vix

614 4265 700 4325 reate
724 4257 908 4339 ὑβρίζεσθαι.
933 4257 1021 4322 Num
1045 4258 1126 4322 forte
1148 4278 1225 4323 veru
1247 4257 1344 4325 lentio
1364 4266 1412 4326 est
1436 4259 1677 4327 διίσοιστονί
1701 4264 1808 4327 Oeniu-

615 4365 713 4428 mele'is
744 4365 824 4447 affici
855 4388 874 4427 ο
904 4387 987 4444 σερε,
1020 4364 1153 4448 quemvis
1179 4364 1231 4426 vie
1247 4367 1414 4449 ferendum
1436 4367 1592 4430 tolerabile
1615 4374 1720 4433 ίσοαοιν.
1745 4367 1809 4433 Sed

614 4469 728 4535 malim
759 4472 857 4534 etiam
888 4469 1156 4547 ἀνύποιστον,
1188 4470 1273 4554 quod
1299 4474 1463 4557 suggessit
1487 4472 1571 4536 mihi
1594 4476 1809 4539 amicissimus

614 4578 650 4641 P.
676 4574 914 4654 Groeneboom,
940 4581 1126 4659 praeceptor
1147 4579 1312 4661 gymnasii
1336 4577 1618 4643 Rhenotraieetini.

660 4782 704 4848 IV
727 4783 932 4865 2(130)‚1.
958 4785 984 4850 εί
1010 4784 1072 4864 νάρ
1096 4784 1239 4850 αἰτοῦσαι
1263 4784 1351 4864 παρά
1375 4792 1434 4851 τῶν
1457 4790 1590 4867 ἐραστῶν
1613 4786 1753 4868 ἀργύριον
1776 4789 1808 4853 οὔ

618 4891 821 4971 τνγχάνοριεν
843 4888 859 4964 ἢ
880 4892 956 4972 [τοῖς
977 4889 1106 4956 διδοῦσιν
1126 4892 1174 4974 αί]
1194 4889 1411 4972 τνρχάνονσαι
1431 4893 1582 4971 ἀσεβείας
1599 4890 1809 4974 κριίιισίριεία,
