5125 6150
1050 793 1090 840 on
1113 791 1320 840 nucnnnonrs
1343 789 1528 839 namucum.
1832 767 1872 832 41

832 958 992 1039 mandorp
1014 983 1048 1023 ro
1071 956 1265 1037 μαρνάμεναιι
1289 953 1423 1038 κεραιὟζον
1446 957 1568 1036 ἀγρίους
1594 957 1681 1034 θῆρας
1697 953 1722 1035 ¹)

692 1065 967 1152 quemadmodum
989 1084 1066 1129 vasa
1089 1061 1278 1150 Cyrenaica,
1303 1084 1329 1127 o.
1343 1085 1375 1149 g.
1400 1068 1508 1148 patera
1529 1061 1586 1126 illa
1606 1058 1763 1126 Arcesilae
1783 1079 1879 1145 quam

692 1170 883 1236 wolckerus
911 1171 950 1236 ob
979 1167 1176 1256 singularem
1196 1171 1338 1253 picturae
1358 1170 1567 1233 festivitatem
1586 1189 1642 1253 pro
1663 1165 1878 1244 „caricatura”

691 1277 832 1342 habebat
845 1274 882 1357 ⁵),
914 1296 1027 1362 graeca
1058 1280 1248 1361 argumenta
1278 1273 1394 1361 libycis
1423 1278 1524 1339 mixta
1554 1274 1721 1359 praebent,
1753 1274 1797 1336 sic
1828 1291 1878 1335 ara

688 1386 818 1469 poetica
850 1383 896 1447 ibi
927 1405 989 1448 non
1017 1384 1154 1446 sinceros
1176 1380 1313 1466 protulit
1336 1381 1476 1458 fructus,
1501 1380 1555 1446 sod
1577 1380 1698 1443 mictum
1721 1378 1877 1464 quoddam

689 1511 813 1576 genus,
846 1496 913 1553 tam
944 1486 1111 1554 Graeciam
1141 1507 1238 1572 qnam
1269 1489 1457 1573 Aegyptum
1481 1490 1612 1572 sapiens.
1639 1485 1744 1550 Huius
1767 1492 1875 1549 autem

689 1597 810 1680 speciei
843 1593 1026 1679 exemplum
1057 1594 1147 1658 offert
1175 1595 1408 1680 Eugammonis
1431 1591 1619 1680 (Pelagonia,
1643 1612 1769 1657 carmon
1793 1590 1876 1676 quod

689 1704 762 1766 iuro
795 1698 951 1788 Cyrenaei
981 1699 1087 1765 cultus
1114 1703 1291 1787 imaginem
1317 1720 1423 1776 voces,
1447 1702 1558 1785 magni
1582 1699 1661 1763 hanc
1684 1699 1723 1763 ob
1747 1718 1875 1763 cansam

689 1807 931 1872 aestimandum
963 1808 1127 1883 omuibus,
1159 1808 1273 1891 quibus
1297 1804 1403 1871 cultus
1426 1804 1619 1871 Graecorum
1642 1826 1703 1871 uon
1727 1805 1820 1869 modo
1842 1807 1876 1869 in

689 1909 829 1977 Graecia
853 1911 906 1976 sed
932 1915 1030 1976 otiam
1052 1918 1141 1976 extra
1164 1915 1232 1977 eius
1255 1912 1332 1977 fines
1352 1933 1462 1998 operae
1481 1914 1621 1997 pretium
1640 1932 1706 1976 osso
1719 1911 1874 1976 videatur.

737 2017 873 2082 luitium
905 2020 1007 2104 igitur
1037 2016 1228 2105 [Pelagoniae
1258 2018 1407 2084 fabellam
1430 2021 1651 2106 aegyptiacam
1676 2018 1714 2082 ab
1736 2017 1876 2101 nugam-

690 2145 789 2190 mouo
818 2126 853 2188 in
882 2144 1029 2210 graecam
1061 2132 1219 2190 mutatam
1251 2126 1449 2203 continebat;
1482 2124 1567 2210 quod
1596 2146 1671 2189 voro
1695 2123 1876 2188 Herodotus

690 2233 736 2296 sic
768 2229 873 2316 lepida
895 2232 927 2294 in
951 2233 1154 2316 aegyptiacis.
1171 2234 1314 2296 narravit
1337 2218 1506 2297 historiam
1529 2231 1762 2315 Rhampsiniti,
1786 2227 1875 2294 nullo

688 2336 788 2402 verbo
821 2336 859 2401 do
888 2335 988 2400 simili
1018 2337 1104 2401 furto
1135 2335 1307 2422 Trophonii
1338 2338 1476 2414 adiecto,
1501 2337 1533 2402 id
1557 2339 1633 2401 satis
1657 2341 1792 2400 testatur
1813 2335 1875 2399 Ilu-

689 2445 875 2529 gammonis
906 2463 1031 2507 carmon
1063 2446 1201 2528 antiquis
1229 2444 1412 2508 homiuibus
1444 2464 1543 2527 aequo
1573 2444 1669 2507 fuisso
1700 2442 1873 2527 despicatui

689 2569 725 2613 ac
759 2547 920 2612 hodiernis
928 2569 935 2626 ;
967 2546 1063 2612 latuit
1093 2546 1274 2633 permulta
1298 2547 1438 2625 saecula,
1463 2548 1561 2613 donoc
1583 2547 1718 2612 Boeotus
1743 2546 1872 2631 quidam

690 2652 859 2739 Callippus
882 2654 1019 2719 eundem
1042 2655 1194 2741 mythum
1215 2653 1380 2719 transtulit
1398 2657 1430 2719 in
1450 2675 1557 2739 regem
1580 2654 1759 2740 Hyrioum,
1779 2658 1873 2738 atquo

689 2763 735 2824 ita
759 2779 778 2824 a
801 2757 960 2823 Pausania
982 2757 1092 2825 sedulo
1117 2780 1274 2825 novorum
1298 2765 1393 2844 atquo
1416 2766 1561 2824 votorum
1582 2759 1770 2846 mythorum
1791 2780 1874 2823 scru-

691 2872 794 2930 tatore
819 2867 999 2950 posteritati
1023 2876 1070 2931 est
1093 2866 1238 2930 traditus.
1263 2864 1389 2933 Charax
1412 2887 1554 2952 quoque,
1580 2866 1690 2930 doctus
1713 2864 1873 2942 sacerdos,

690 2978 763 3057 post
793 2969 929 3036 Neronis
960 2976 1096 3036 aetatem
1127 2970 1300 3058 Telegonia
1331 2973 1415 3037 fonte
1446 2994 1523 3037 usus
1552 2972 1681 3037 eandem
1706 2974 1873 3037 materiem

687 3080 852 3143 tractavit.
876 3077 961 3142 Hinc
980 3086 1110 3162 apparet
1126 3077 1274 3145 tabellam
1293 3100 1357 3144 non
1377 3100 1393 3144 o
1412 3079 1541 3144 Boeotia
1552 3101 1608 3164 per
1619 3078 1871 3164 Peloponnesum

687 3186 719 3248 in
752 3185 942 3271 Aegyptum
967 3188 1134 3261 transisse;
1158 3188 1276 3263 immo,
1300 3189 1335 3251 in
1360 3188 1481 3251 oriente
1505 3192 1607 3251 ortam
1630 3206 1665 3250 ac
1688 3188 1830 3270 primum
1853 3205 1872 3250 a

685 3297 780 3377 poeta
810 3293 1015 3377 semi-graeco
1046 3286 1214 3357 tractatam
1245 3293 1357 3358 deinde
1389 3314 1445 3378 por
1475 3293 1622 3358 obscuros
1646 3300 1788 3357 auctores
1811 3293 1873 3356 sori

686 3400 843 3482 temporis
866 3399 897 3460 in
922 3397 1088 3462 Boeotiam
1112 3400 1198 3463 viam
1222 3421 1314 3464 suam
1336 3402 1504 3465 invenisse.

732 3502 826 3582 Quod
848 3524 923 3567 roro
946 3503 985 3568 ad
1009 3486 1111 3568 finem
1127 3502 1318 3591 Telegoniae
1342 3508 1456 3591 prioris
1479 3507 1578 3590 partis
1598 3505 1718 3569 adtinet
1737 3511 1870 3584 (cratera

685 3615 818 3693 accepta
849 3607 958 3673 Ulixes
988 3608 1072 3674 redit
1101 3612 1136 3674 in
1168 3614 1322 3695 patriam,
1348 3613 1403 3677 ubi
1427 3611 1578 3677 sacrificia
1602 3632 1620 3676 a
1642 3609 1762 3676 Tiresia
1784 3630 1871 3674 man-

687 3714 764 3779 data
782 3714 931 3779 omuibus
949 3714 1105 3780 coelicolis
1124 3716 1236 3797 offert),
1257 3720 1469 3783 statuimusne
1488 3740 1561 3782 cum
1581 3717 1722 3783 Svorono
1742 3715 1870 3781 Ulixem

685 3823 721 3884 in
741 3820 877 3884 Arcadia
898 3818 949 3885 vol
967 3824 1001 3884 in
1021 3820 1130 3898 Elide,
1151 3830 1233 3887 certo
1253 3826 1286 3887 in
1306 3823 1520 3909 Peloponneso
1538 3826 1698 3889 invenisse
1710 3825 1872 3888 hominem

684 3924 785 3990 illum
819 3947 926 3990 rerum
960 3930 1196 3992 maritimarum
1234 3928 1327 4014 plane
1365 3927 1535 4016 ignarum?
1576 3930 1626 3994 Ad
1655 3930 1735 3994 hanc
1767 3950 1874 4014 quaes-

686 4033 811 4096 tionem
842 4030 1054 4097 dirimendam
1087 4036 1199 4119 utiquc
1222 4055 1301 4120 opus
1325 4042 1372 4100 ost
1396 4045 1432 4100 ut
1455 4039 1543 4121 prius
1565 4038 1771 4121 inspiciamus
1794 4055 1873 4120 quae

684 4136 892 4221 Eugammou
923 4140 957 4202 in
980 4145 1070 4223 parto
1095 4139 1194 4205 altera
1217 4144 1366 4206 carminis
1389 4145 1440 4207 sui
1462 4146 1613 4208 narravit.
1640 4141 1775 4207 Vocatur
1798 4141 1873 4204 haec

684 4263 760 4329 pars
796 4241 1034 4328 „Thesprotis'',
1065 4267 1139 4311 cum
1171 4246 1274 4312 Ulixis
1304 4252 1366 4314 iter
1395 4252 1429 4313 in
1459 4248 1679 4334 Thesprotiam
1702 4250 1870 4312 contiueat.

685 4347 758 4427 Quo
792 4347 829 4411 de
860 4346 942 4413 libro
973 4352 1093 4415 mirum
1116 4355 1336 4418 testimonium
1360 4356 1542 4419 invenimus
1565 4353 1649 4437 apud
1674 4351 1871 4420 Clementem

684 4453 940 4520 Alexandrinum
963 4454 1080 4521 Strom.
1104 4457 1157 4535 VI,
1183 4457 1264 4524 751:
1291 4460 1496 4538 „Etydopov
1520 4460 1534 4524 d
1555 4467 1717 4538 Κυρηναῖος
1738 4459 1770 4523 ἐκ
1789 4468 1871 4523 Μου·

683 4560 775 4625 calco
807 4560 841 4625 τὸ
871 4561 937 4640 περὶ
970 4569 1157 4641 Θεσπρωτῶν
1186 4563 1312 4641 βιβλίον
1344 4565 1502 4645 ὀλόκληρον
1526 4566 1713 4643 ὑφελόμενος
1736 4567 1775 4638 ὥς
1799 4565 1870 4632 ἴδιον

719 4827 748 4889 l)
767 4826 836 4874 Pind.
857 4826 925 4888 Pyth.
944 4827 988 4885 lx,
1007 4827 1038 4875 18
1047 4844 1096 4892 sqq.

719 4908 748 4968 2)
768 4907 916 4957 &uinciatur
936 4909 1079 4958 Uenlmilcr
1096 4910 1123 4958 ll
1141 4927 1165 4975 p.
1185 4912 1257 4972 loos,
1275 4912 1348 4965 1729.
1366 4913 1402 4963 cfr
1422 4915 1515 4976 Kyrene
1532 4930 1554 4978 p.
1574 4915 1595 4964 6.
