5125 6150
794 820 862 883 200
1221 835 1263 881 ur
1287 834 1405 881 oerum
1429 836 1555 882 rama

795 1001 927 1065 Ratione
958 1002 1061 1084 igitur
1091 997 1247 1062 subducta
1280 1018 1407 1061 summa
1439 998 1567 1062 siletur
1604 1020 1674 1063 esse
1700 1000 1793 1062 haec:
1818 1019 1920 1083 usque
1945 998 1985 1062 ad

794 1127 915 1170 annum
947 1104 1014 1168 ant)
1046 1102 1180 1167 artifices
1211 1102 1376 1186 Orpheum
1409 1125 1519 1166 omnes
1550 1126 1608 1188 pro
1634 1101 1757 1168 Graeco
1779 1104 1908 1168 homine
1930 1103 1986 1166 ha-

797 1212 952 1284 buerunt:
983 1209 1056 1272 inde
1088 1229 1188 1292 usque
1215 1207 1400 1271 alannum
1422 1208 1490 1273 43¹]
1513 1209 1660 1294 Orpheus
1684 1209 1737 1274 rel
1764 1207 1906 1274 Graecus
1932 1205 1985 1271 rel

796 1316 902 1380 Thrax
921 1319 954 1378 in
974 1332 1042 1378 arte
1062 1313 1214 1398 pingendi
1233 1330 1280 1376 est
1300 1314 1449 1376 habitus:
1470 1314 1596 1378 saeculo
1615 1332 1729 1399 quarto
1747 1314 1782 1377 tit
1803 1311 1985 1377 Orientalis.

797 1422 947 1487 Vols-enti
978 1424 1081 1506 igitur
1111 1419 1237 1483 saeculo
1260 1422 1374 1502 quinto
1398 1440 1548 1483 rasorum
1573 1424 1709 1505 pictores
1731 1423 1924 1484 sententiam
1948 1417 1986 1482 de

796 1528 915 1612 Orphei
943 1529 1047 1609 patria
1071 1542 1211 1588 mutasse
1234 1524 1396 1588 ridentur.
1419 1525 1496 1588 Erat
1519 1544 1630 1590 autem
1652 1531 1694 1590 iis
1716 1547 1841 1611 quoque
1864 1524 1905 1588 ab
1927 1525 1989 1587 ori·

796 1637 872 1718 gine
901 1633 1041 1694 Graecus.

842 1737 910 1801 lam
933 1736 1029 1799 hales
1054 1734 1179 1799 Weberi
1202 1752 1409 1820 argumenta,
1433 1735 1679 1800 fundamentum
1697 1739 1751 1800 cui
1770 1734 1989 1819 superstruxit

796 1842 977 1909 wlificium
1009 1861 1028 1904 a
1058 1838 1199 1906 Christio
1230 1861 1261 1901 r.
1285 1839 1326 1903 cl
1357 1839 1527 1919 laudatum
1556 1858 1652 1925 atque
1683 1842 1863 1925 probatum.
1899 1838 1987 1901 Bene

796 1964 906 2013 antem
949 1949 1074 2010 monuit
1118 1943 1316 2009 Godofredus
1358 1943 1564 2010 Hermannns
1610 1947 1763 2031 ⁵Orphiea
1807 1967 1839 2029 p.
1882 1942 1985 2021 6802:

797 2056 948 2131 „omnino
983 2049 1106 2114 nullius
1140 2050 1280 2114 hominis
1314 2051 1399 2134 apud
1433 2073 1506 2127 eos,
1537 2055 1594 2136 qui
1623 2050 1748 2115 liberali
1779 2065 1854 2114 sunt
1877 2046 1987 2112 indole

796 2157 949 2244 praediti,
981 2172 1070 2219 tanta
1100 2155 1192 2219 debet
1224 2176 1293 2219 esse
1322 2159 1503 2231 veneratio,
1534 2171 1571 2219 ut
1594 2162 1664 2221 eius
1685 2160 1720 2220 in
1742 2157 1841 2220 rerba
1862 2157 1988 2230 iurare,

796 2284 893 2349 quam
924 2264 986 2346 ipsi
1017 2282 1085 2325 rem
1108 2282 1297 2346 cognoscere
1319 2260 1468 2325 malint’'.
1493 2261 1610 2326 Vereor
1631 2266 1716 2326 enim
1741 2278 1777 2326 ut
1800 2265 1842 2325 iis
1864 2259 1989 2324 lectori-

795 2369 873 2443 bus,
905 2367 1022 2450 quibus
1052 2369 1224 2429 auctoritas
1255 2364 1390 2432 Christii
1420 2388 1483 2430 non
1513 2365 1587 2451 plus
1616 2388 1713 2452 quam
1743 2367 1868 2451 pondus
1890 2386 1988 2450 argu·

795 2488 996 2547 mentorum,
1027 2471 1143 2556 quihus
1175 2493 1253 2535 usus
1283 2489 1330 2536 est
1360 2472 1530 2547 Weberus,
1562 2473 1601 2537 ad
1624 2475 1840 2537 assensionem
1861 2470 1986 2545 valeat,

795 2580 1033 2663 argumentatio
1055 2575 1111 2639 illa
1133 2574 1185 2640 rel
1210 2578 1404 2662 „negativa”
1429 2576 1479 2641 rel
1503 2579 1567 2640 ι’τὸ
1590 2580 1648 2641 rie
1671 2579 1870 2653 σιπωμὲνω
1892 2577 1984 2639 setis·

795 2684 897 2747 iacere
920 2685 1030 2766 possit.
1060 2681 1219 2765 Fqndm
1242 2686 1274 2745 in
1300 2682 1425 2747 Weberi
1448 2686 1639 2748 sententiam
1661 2683 1797 2768 pedibus
1819 2685 1866 2746 ire
1891 2679 1983 2745 valde

796 2788 918 2853 dubito.

841 2894 943 2970 Nam,
976 2892 1146 2957 Platonem
1176 2896 1303 2977 saepius
1332 2898 1416 2958 inter
1437 2893 1659 2958 celeberrimos
1682 2891 1819 2958 Graecos
1841 2894 1985 2976 posuisse

796 2998 961 3085 Orpheum
983 2997 1058 3060 licet
1081 3000 1216 3061 minime
1239 3019 1372 3085 negem,
1396 3020 1536 3085 pernego
1554 3000 1630 3063 huic
1649 2999 1865 3063 observationi
1882 3000 1987 3060 inesse

796 3104 1110 3191 quantulamcunque
1141 3106 1209 3166 rim
1240 3104 1280 3168 ad
1310 3105 1522 3170 dirimendam
1554 3109 1772 3191 quaestionem
1804 3104 1842 3168 de
1865 3102 1985 3187 Orphei

796 3214 921 3296 origine
951 3210 1072 3273 thracia
1107 3208 1156 3272 rel
1186 3231 1311 3294 graeca.
1343 3209 1415 3274 Nou
1446 3214 1531 3275 enim
1556 3215 1641 3275 vatis
1663 3232 1778 3275 nomen
1800 3208 1985 3274 nominibus

797 3315 992 3381 Graecorum
1021 3318 1198 3378 immiscuit
1231 3314 1324 3380 Plato
1346 3325 1384 3380 ut
1406 3338 1482 3381 cum
1506 3338 1581 3381 cum
1602 3320 1642 3379 iis
1667 3320 1873 3381 coniunctum
1897 3335 1986 3394 oppo-

796 3431 879 3485 neret
897 3421 1042 3495 barbaris,
1063 3420 1117 3484 sed
1138 3419 1215 3485 alias
1234 3422 1274 3485 oh
1294 3443 1413 3496 cause,
1433 3444 1514 3508 quse
1533 3426 1706 3487 avirorum
1717 3421 1848 3486 illorum
1861 3422 1985 3505 origine

797 3527 850 3593 vel
885 3548 998 3611 graeca
1032 3525 1084 3589 rel
1113 3527 1245 3591 barbara
1276 3549 1405 3612 prorsus
1434 3528 1556 3594 alienae
1585 3539 1670 3592 sunt.
1702 3527 1755 3592 Sic
1785 3526 1878 3612 Apol.
1903 3525 1984 3588 tle

795 3631 967 3696 laudantur
997 3632 1174 3708 Homerus,
1205 3633 1386 3709 Hesiodus,
1417 3633 1588 3711 Musaeus,
1620 3634 1765 3717 Orpheus
1787 3639 1899 3716 utpote
1922 3631 1986 3693 viri

797 3738 989 3823 quibuscum
1024 3739 1125 3799 vitam
1160 3737 1244 3821 apud
1274 3739 1392 3803 inferos
1422 3739 1537 3824 degere
1568 3739 1661 3804 dulce
1691 3743 1752 3804 erit
1777 3738 1983 3823 sapientibus.

796 3841 848 3907 Sic
884 3842 971 3905 Prot.
1005 3839 1108 3904 3161)
1143 3851 1325 3907 recensetur
1358 3842 1504 3927 Orpheus
1539 3847 1623 3908 inter
1653 3865 1722 3920 eos,
1754 3845 1809 3928 qui
1840 3852 1985 3927 tempore

797 3949 1021 4030 antiquissimo
1052 3946 1225 4029 sophistice
1253 3957 1321 4011 arte
1352 3951 1414 4011 sint
1439 3952 1507 4024 usi,
1531 3953 1649 4034 quique
1672 3950 1731 4013 hoc
1753 3948 1898 4012 studium
1922 3969 1985 4012 non

796 4050 903 4137 palam
926 4049 1150 4134 profiterentur
1170 4052 1224 4115 sed
1245 4052 1323 4116 dicis
1341 4075 1435 4118 causa
1455 4057 1487 4117 in
1508 4061 1610 4119 artem
1623 4058 1794 4139 poeticam,
1807 4057 1986 4138 magicam,

796 4159 984 4243 gymnicem
1004 4156 1233 4220 incumberent.
1254 4157 1470 4223 Nominantnr
1487 4171 1596 4224 autem
1615 4160 1791 4236 Homerus,
1808 4159 1986 4236 Hesiodus,

796 4262 993 4337 Simonides,
1027 4260 1196 4338 hluseeus,
1227 4261 1374 4346 Orpheus
1404 4287 1523 4330 necnon
1657 4264 1753 4329 locus
1776 4263 1986 4341 Tarentinus,

796 4365 975 4431 Herodicus
1005 4364 1257 4450 Selymbrianus.
1287 4366 1386 4433 Conv.
1413 4369 1477 4434 179
1500 4381 1703 4454 comparatur
1725 4390 1800 4434 cum
1823 4369 1986 4433 Alcestide

797 4476 829 4533 et
859 4470 982 4534 Achille
990 4491 998 4548 ;
1031 4470 1066 4532 hi
1088 4472 1174 4533 enim
1196 4479 1335 4535 mortem
1357 4476 1439 4538 inire
1462 4478 1559 4538 veriti
1580 4496 1645 4539 non
1668 4485 1759 4552 sunt,
1783 4478 1852 4558 ipse
1874 4484 1983 4539 autern

797 4577 914 4638 amoris
938 4595 1032 4638 causa
1055 4595 1072 4639 e
1097 4577 1166 4639 vite
1189 4575 1348 4642 discedere
1369 4599 1466 4642 ausus
1490 4587 1633 4644 nonest.

841 4677 950 4742 Aliam
968 4681 1072 4763 igitur
1090 4680 1129 4744 ob
1149 4701 1278 4745 causam
1297 4681 1361 4747 alio
1380 4683 1451 4748 loco
1469 4687 1502 4747 in
1524 4682 1662 4770 dialogis
1681 4694 1810 4770 apparet
1822 4689 1985 4772 Orpheus,

797 4805 954 4867 nusquam
986 4805 1060 4848 vero
1096 4794 1134 4851 ut
1169 4808 1243 4851 cum
1273 4790 1424 4873 ingenuis
1456 4786 1587 4854 Graecis
1617 4794 1805 4857 coniunctus
1834 4794 1984 4860 barbarae

796 4892 887 4975 genti
918 4897 1113 4973 opponatur;
1149 4893 1237 4978 quod
1269 4896 1297 4958 si
1327 4895 1449 4959 fectum
1481 4896 1613 4972 inisset,
1644 4896 1776 4963 Webero
1799 4898 1923 4985 aliquid
1947 4903 1984 4966 de
