5125 6150
1203 822 1358 869 1111111.
1814 802 1882 869 347

682 986 823 1050 Aniochi
849 988 993 1070 scriptor,
1021 983 1132 1051 Cicero
1156 989 1190 1050 in
1214 985 1419 1064 Tusculanis,
1445 1008 1480 1051 ac
1503 984 1828 1071 pseudo-Plutarchus
1848 990 1882 1051 in

683 1088 923 1168 Consolatione,
948 1112 1153 1156 communem
1176 1112 1288 1156 eorum
1311 1098 1475 1157 auctorem
1499 1113 1566 1156 esse
1591 1088 1787 1156 Crantorem.
1836 1089 1844 1106 ’

729 1196 818 1276 Quae
850 1197 1066 1282 investigandi
1096 1200 1195 1275 ratio,
1227 1200 1261 1261 in
1285 1198 1426 1261 fontibus
1450 1199 1643 1282 scriptorum
1668 1204 1735 1261 tam
1759 1198 1883 1262 histori-

683 1324 800 1367 corum
833 1323 929 1386 quam
957 1302 1224 1387 philosophorum
1248 1302 1436 1388 indagandis
1459 1302 1554 1367 hodie
1577 1301 1692 1366 multis
1714 1309 1882 1388 pergrata,

685 1409 771 1471 mihi
796 1428 921 1492 semper
944 1413 977 1472 at
1000 1408 1118 1493 ubique
1141 1407 1319 1493 periculosa
1342 1407 1481 1482 videtur,
1505 1410 1539 1471 in
1558 1411 1742 1492 quaestione
1761 1414 1880 1485 autem,

685 1532 770 1596 quae
794 1512 834 1576 ad
858 1508 1042 1576 Crantorem
1069 1515 1208 1598 pertinet
1231 1534 1293 1576 non
1317 1512 1412 1576 modo
1433 1514 1571 1589 incerta,
1595 1512 1650 1577 sed
1673 1515 1770 1577 etiam
1793 1514 1880 1578 falsa.

685 1619 872 1701 Antequam
907 1620 994 1681 enim
1029 1617 1205 1702 quidquam
1240 1619 1320 1681 certi
1352 1616 1389 1681 de
1419 1618 1556 1681 Aniochi
1588 1624 1621 1681 et
1651 1614 1882 1682 Consolationis

684 1720 1032 1809 pseudo-Plutarcheae
1062 1722 1204 1786 fontibus
1235 1724 1386 1786 constitui
1417 1728 1522 1806 posset
1545 1726 1724 1787 accuratius
1748 1723 1883 1809 disquiri

685 1829 855 1912 oportebat
885 1826 923 1891 de
951 1828 1067 1891 horum
1089 1826 1273 1891 libellorum
1297 1865 1340 1874 —
1364 1848 1501 1911 quorum
1525 1826 1605 1892 alter
1627 1827 1726 1892 altero
1749 1831 1882 1913 nequior

686 1939 737 1998 est
762 1970 805 1980 —
830 1935 1068 2016 compositione.

732 2039 908 2115 Axioehus,
928 2059 1024 2122 quem
1045 2036 1212 2122 dialogum
1232 2038 1352 2102 frustra
1372 2037 1451 2101 olim
1472 2037 1569 2101 multi
1588 2041 1650 2102 viri
1668 2038 1752 2103 docti
1765 2047 1796 2104 et
1808 2047 1881 2105 ante

685 2165 803 2229 paucos
834 2163 931 2207 annos
962 2141 1095 2208 Carolus
1126 2143 1319 2207 Bureschius
1349 2146 1383 2207 in
1406 2143 1515 2207 libello
1540 2143 1579 2208 de
1603 2141 1881 2211 Consolatiouibus

685 2250 783 2328 (stud.
810 2248 895 2329 [Ape.
919 2248 977 2311 IX.
1005 2248 1104 2327 1888)
1128 2251 1233 2313 conati
1254 2255 1330 2312 sunt
1350 2248 1510 2313 vindicare
1531 2250 1682 2314 Aeschini
1702 2249 1879 2328 SocraticO,

686 2355 803 2438 quibus
828 2353 1025 2437 temporibus
1050 2356 1186 2437 scriptus
1210 2355 1270 2430 sit,
1292 2360 1438 2417 accurate
1459 2352 1588 2418 definire
1608 2357 1663 2419 vix
1683 2364 1805 2439 potero,
1826 2356 1881 2420 sed

686 2462 825 2545 pessime
853 2457 935 2523 illud
966 2458 1156 2546 opusculum
1188 2479 1255 2522 esse
1286 2461 1500 2542 compositum
1532 2463 1733 2545 argumentis
1755 2461 1881 2526 demon-

687 2566 812 2643 strab0;
838 2564 921 2648 quod
945 2564 1027 2627 mihi
1050 2585 1177 2629 necesse
1200 2568 1265 2640 est,
1291 2571 1329 2626 ut
1352 2564 1500 2648 appareat
1525 2585 1621 2648 quam
1645 2567 1687 2628 sit
1710 2565 1879 2651 indignus,

686 2693 723 2736 ox
755 2691 818 2755 quo
844 2671 912 2733 sive
936 2667 1098 2735 Crantoris
1121 2672 1190 2733 sive
1214 2670 1356 2733 cuiusvis
1381 2674 1483 2733 artem
1507 2668 1722 2746 illustremus,
1750 2668 1881 2736 libellus

686 2775 739 2840 ille
764 2797 827 2839 non
851 2796 869 2839 a
889 2773 1078 2860 philosopho
1103 2777 1241 2859 scriptus
1264 2773 1319 2838 sed
1342 2795 1381 2838 ex
1405 2773 1529 2838 scholae
1553 2777 1656 2839 nescio
1680 2778 1772 2838 cuius
1791 2798 1880 2841 cona

687 2881 828 2945 minibus
858 2882 1095 2944 contaminatus
1125 2901 1143 2943 a
1174 2877 1347 2963 discipule,
1380 2877 1496 2963 plactis
1520 2878 1715 2955 Stoicorum,
1747 2880 1880 2947 Socrati-

687 3006 860 3070 corumque
884 2991 916 3048 et
938 2985 1170 3069 Epicureorum
1193 2984 1412 3049 indoctissime
1437 2984 1687 3070 conglutinante.

731 3092 863 3175 Raptim
905 3090 1070 3176 dialogum
1110 3090 1352 3175 perlustremus.
1394 3090 1539 3155 Socrates
1579 3094 1687 3174 itaqua
1722 3114 1741 3156 a
1775 3072 1881 3159 Clinia

688 3197 823 3262 Aniochi
859 3195 926 3260 filio
961 3204 1109 3261 exoratus
1146 3218 1253 3261 senam
1285 3198 1465 3261 Axiochum
1498 3196 1565 3260 adit
1596 3202 1816 3281 aegrotantem
1848 3205 1880 3263 et

688 3306 800 3367 mortis
824 3308 914 3366 metu
938 3304 1219 3367 vehementissime
1243 3310 1452 3367 commotum.
1477 3303 1579 3382 Quem
1602 3323 1749 3367 revocare
1772 3304 1810 3368 ad
1834 3308 1881 3368 vi·

688 3407 781 3472 rilem
813 3408 1036 3472 fortitudinem
1069 3407 1191 3492 duplici
1223 3407 1330 3471 studet
1354 3411 1486 3483 ratione,
1511 3411 1655 3492 primum
1678 3429 1809 3474 monens
1831 3413 1879 3473 in-

688 3513 824 3598 dignum
853 3533 922 3577 esse
953 3513 1087 3577 infracto
1119 3534 1214 3597 quem
1244 3512 1322 3577 olim
1346 3513 1495 3577 habuerit
1518 3513 1679 3578 Aniochus
1703 3517 1828 3591 animo,
1852 3518 1880 3579 si

687 3639 770 3683 nunc
793 3620 908 3682 mortis
931 3617 1102 3681 formidine
1126 3625 1273 3703 angatur,
1299 3616 1411 3681 deinde
1435 3619 1557 3682 homini
1577 3621 1713 3703 sapienti
1734 3621 1791 3685 hoc
1812 3642 1879 3685 esse

686 3723 911 3810 cogitandum:
937 3726 1038 3788 vitam
1063 3745 1126 3786 non
1150 3726 1211 3787 nisi
1235 3724 1466 3803 παρεπιδημῶν
1490 3745 1566 3788 esse.
1591 3722 1681 3803 Quod
1705 3729 1751 3789 ita
1774 3747 1880 3790 conce

686 3830 732 3895 dit
761 3851 875 3906 senex,
900 3836 937 3892 ut
961 3836 1069 3893 tamen
1093 3850 1125 3893 se
1149 3831 1275 3894 horrere
1300 3836 1437 3893 mortem
1461 3831 1616 3894 fateatur:
1641 3834 1758 3895 etenim
1784 3832 1879 3896 hacce

686 3940 753 4001 vita
777 3938 923 4020 privatus
946 3934 1047 4008 ἀειδὲς
1073 3933 1124 3999 καὶ
1150 3933 1291 4006 ἄπυστος
1315 3935 1451 3999 κείσεται
1472 3936 1513 4005 εἰς
1535 3935 1631 4006 εὐλὰς
1651 3934 1877 4013 μεταβάλλων.

729 4041 780 4105 Ad
809 4041 894 4103 hunc
926 4043 1075 4105 timorem
1109 4040 1330 4124 dissipandum
1362 4048 1552 4127 argumenta
1583 4042 1711 4105 adhibet
1735 4040 1878 4107 Socrates

687 4150 767 4211 mire
792 4147 932 4210 confusa.
962 4145 1110 4221 „lnanis”
1138 4150 1184 4210 ita
1203 4147 1267 4210 fere
1288 4147 1376 4211 idem
1396 4150 1452 4231 qui
1470 4147 1565 4210 modo
1584 4150 1776 4211 socraticum
1795 4147 1878 4211 illud

687 4252 776 4329 „illos
801 4250 1039 4330 παρεπιδημ11”
1064 4253 1117 4330 (of.
1138 4251 1287 4336 ps.-Plut.
1311 4249 1402 4317 Cous.
1425 4274 1455 4336 p.
1478 4250 1542 4317 107
1555 4251 1597 4330 D)
1617 4253 1775 4335 professus
1795 4259 1876 4329 erat,

688 4360 811 4435 ,inanis
830 4362 936 4421 metus
955 4359 1016 4421 iste
1037 4362 1130 4434 tuus,
1152 4378 1225 4421 nam
1247 4359 1490 4434 dvrarhoyr'rros
1513 4367 1550 4435 τῇ
1572 4358 1756 4438 ἀναισθησίᾳ
1775 4355 1878 4430 αἴσθη-

685 4488 731 4529 σιν
754 4462 945 4532 συνάπτεις”
969 4471 1013 4547 (p.
1038 4462 1103 4526 365
1117 4462 1168 4541 D).
1194 4460 1317 4541 Quibus
1341 4462 1430 4528 addit
1449 4466 1776 4548 argumentationem,
1791 4465 1878 4527 varie

683 4591 702 4634 1
734 4568 971 4654 pa.·Plutarcho
1002 4570 1035 4631 in
1068 4566 1301 4634 Consolationis
1325 4572 1427 4653 capite
1455 4566 1878 4646 lacuturnenses·
1953 4599 1957 4604 ’
1994 4607 1997 4612 ν

681 4674 804 4739 eulania
835 4680 866 4737 et
898 4670 1057 4757 praeclare
1088 4694 1107 4737 1
1139 4673 1288 4739 Lucretio
1320 4674 1389 4752 (Ill.
1415 4673 1496 4752 880)
1520 4673 1713 4752 adhibitam,
1740 4694 1876 4757 quorum

682 4783 830 4844 omnium
859 4784 1051 4863 argumenta
1077 4777 1116 4841 ad
1144 4799 1246 4842 unum
1273 4778 1450 4862 Epicurum
1478 4777 1639 4843 referenda
1660 4800 1727 4843 esse
1747 4785 1878 4863 apparet

683 4908 720 4951 111
752 4883 850 4949 Serto
881 4883 1043 4968 Empirico
1069 4882 1182 4968 Pyrrh.
1208 4882 1434 4964 111.229(cf.
1461 4885 1556 4969 Diog.
1582 4884 1685 4948 Laert.
1711 4885 1740 4947 X
1767 4884 1874 4949 124-
