5125 6150
688 854 754 921 334
1214 870 1357 919 morbus

683 1034 794 1101 inutili
829 1036 1010 1100 coniectura
1045 1033 1201 1099 vindicari
1236 1038 1359 1119 potest,
1396 1036 1423 1098 si
1458 1054 1615 1099 memores
1650 1056 1765 1100 sumus
1801 1035 1881 1122 quid

684 1161 796 1207 revera
818 1143 861 1205 sit
883 1140 1031 1204 remittere
1055 1146 1087 1203 et
1110 1161 1190 1225 quae
1213 1145 1360 1204 accurata
1383 1142 1452 1205 cius
1475 1141 1566 1206 verbi
1589 1143 1824 1227 interpretatio.

733 1245 903 1324 „Silanus”
935 1249 995 1325 (ait
1018 1245 1161 1325 Tacitus)
1184 1293 1303 1324 .....
1307 1249 1484 1332 municipio
1508 1246 1662 1332 Apuliae,
1685 1250 1737 1313 cui
1762 1269 1882 1314 nomen

685 1353 820 1418 Barium
850 1357 916 1430 est,
947 1351 1117 1417 clauditur.
1150 1350 1222 1416 Illic
1247 1389 1289 1401 —
1314 1373 1331 1417 a
1355 1355 1539 1418 centurione
1563 1353 1602 1417 ad
1625 1353 1754 1418 caedem
1780 1358 1881 1420 misso

685 1461 874 1544 corripitur;
899 1459 1108 1543 suadentique
1131 1476 1229 1523 venas
1252 1459 1441 1544 abrumpere
1464 1462 1610 1524 animum
1630 1460 1761 1544 quidem
1782 1463 1883 1526 morti

686 1565 883 1629 destinatum
906 1567 970 1642 eit,
994 1563 1048 1628 sed
1072 1585 1134 1628 non
1153 1563 1303 1627 remittere
1320 1567 1497 1649 percussori
1515 1565 1653 1652 gloriam
1672 1566 1882 1631 ministerii.”

730 1671 768 1735 ln
791 1671 897 1736 codice
916 1676 965 1735 est
985 1671 1116 1756 quidem
1129 1670 1330 1751 permittere,
1351 1671 1407 1736 sed
1423 1673 1482 1748 (sic
1503 1678 1587 1737 certe
1607 1671 1752 1737 Ritterns
1771 1674 1883 1752 refert)

686 1782 864 1844 correctum
882 1779 917 1841 in
937 1776 1094 1854 remittere,
1115 1776 1286 1841 deteriores
1299 1777 1475 1858 permittere
1495 1777 1628 1854 habent,
1649 1798 1666 1843 e
1682 1781 1884 1856 coniectura,

686 1889 725 1948 ut
748 1885 869 1968 opinor,
894 1901 992 1967 eaque
1014 1884 1251 1960 vetustissima3
1277 1903 1352 1947 nam
1375 1903 1449 1947 cum
1469 1882 1617 1947 remittere
1636 1882 1767 1949 Tacitus
1786 1887 1885 1970 scrip·

687 1992 798 2067 sisset,
834 1990 1095 2074 suprascripsisse
1130 1987 1270 2073 aliquem
1295 1989 1470 2070 permittere
1500 1991 1653 2074 suspicor,
1683 1990 1768 2054 unde
1799 1989 1885 2054 illud

682 2094 873 2177 peremittere
903 2098 1014 2159 natum
1045 2095 1097 2157 sit.
1130 2092 1172 2158 Et
1203 2096 1386 2159 etiamnunc
1417 2096 1598 2160 coniectura
1623 2094 1682 2160 illa
1704 2095 1884 2160 identidem

687 2201 829 2265 fautores
859 2201 1002 2276 invenit,
1033 2221 1097 2264 non
1128 2206 1313 2284 reputantes
1344 2220 1441 2283 quam
1472 2202 1619 2286 ineptum
1649 2199 1706 2264 illa
1733 2199 1885 2266 Silanum

688 2304 809 2370 reddat.
834 2304 884 2369 An
903 2310 1055 2390 putemus
1073 2307 1224 2369 iuvenem
1243 2304 1354 2382 illum,
1374 2307 1524 2389 quamvis
1543 2303 1781 2390 praevalidum,
1803 2309 1886 2371 serio

689 2410 858 2476 credidisse
877 2413 1034 2475 inermem
1054 2431 1088 2475 se
1108 2415 1247 2475 armatos
1267 2409 1388 2474 milites
1407 2430 1482 2474 oum
1501 2413 1685 2475 centurione
1699 2413 1885 2489 victurum,

689 2523 723 2582 et
745 2516 983 2601 prohibiturum
1008 2519 1178 2601 quominus
1210 2517 1389 2581 ministerio
1420 2536 1479 2580 suo
1511 2513 1744 2602 fungerentur?
1775 2517 1821 2581 ut
1848 2524 1885 2581 ut

688 2625 754 2687 iam
773 2622 928 2687 faciamus
947 2620 1029 2686 illud
1049 2643 1124 2686 eum
1146 2620 1333 2697 credidisse,
1354 2622 1432 2706 quid
1451 2622 1514 2685 sibi
1534 2621 1606 2685 vult
1625 2621 1713 2685 istud
1730 2620 1885 2703 ploriamt

691 2728 782 2806 ,Nom
813 2727 980 2791 remittam''
1013 2730 1059 2791 ait
1091 2727 1236 2807 ,pteram
1270 2726 1433 2790 mimietert'i
1460 2726 1514 2791 sed
1545 2727 1710 2793 intendam
1734 2725 1830 2793 illam
1855 2735 1886 2793 et

689 2834 829 2920 augebo;
861 2833 976 2897 faciam
1000 2837 1038 2896 ut
1060 2853 1134 2897 oum
1159 2853 1256 2916 quam
1281 2833 1423 2897 maxima
1445 2830 1549 2917 gloria
1572 2834 1751 2898 ministerio
1775 2841 1886 2899 restro

689 2939 945 3024 periungamini,
977 2959 1091 3023 corpus
1122 2959 1232 3003 meum
1263 2943 1420 3023 quantum
1451 2942 1560 3022 potero
1591 2937 1759 3003 defendam
1784 2945 1819 3004 et
1843 2942 1886 3003 sio

689 3043 877 3109 facultatem
907 3043 998 3108 vobis
1022 3043 1176 3129 praebebo
1200 3042 1240 3107 ad
1262 3045 1344 3109 forte
1367 3042 1524 3109 edendum
1549 3043 1687 3108 facinus:
1714 3048 1884 3128 tamquam

688 3153 723 3214 in
746 3153 812 3216 acie
836 3150 1057 3237 pugnabitis”.

735 3258 773 3320 A.
803 3256 860 3332 XI,
885 3255 939 3320 22.
973 3253 1162 3332 „Dolabella
1194 3257 1318 3319 censuit
1341 3254 1560 3340 spectaculum
1583 3253 1806 3341 gladiatorum
1832 3278 1887 3343 per

690 3383 799 3428 omnes
831 3383 927 3427 annos
951 3361 1175 3426 celebrandum
1199 3363 1334 3445 pecunia
1357 3381 1482 3439 eorum,
1508 3363 1563 3446 qui
1588 3365 1797 3445 quaesturam
1822 3362 1886 3426 adi-

691 3471 894 3552 piscerentur.
927 3467 1093 3552 (Sequitur
1122 3467 1250 3552 longior
1279 3468 1369 3531 locus
1399 3465 1437 3530 dc
1461 3467 1684 3549 quaestoribus
1706 3488 1883 3553 eorumque

690 3593 824 3636 numero
844 3576 964 3637 sensim
984 3578 1100 3651 aucto).
1121 3572 1199 3636 Post
1217 3571 1290 3658 lege
1310 3569 1418 3635 Sullae
1439 3574 1560 3657 viginti
1582 3575 1680 3636 creati
1704 3572 1884 3658 supplendo

691 3681 832 3753 senatui,
865 3681 916 3742 cui
946 3679 1066 3744 iudicia
1098 3677 1282 3742 tradiderat.
1314 3677 1357 3741 Et
1388 3697 1584 3762 quamquam
1615 3681 1739 3762 equites
1763 3680 1884 3744 iudicia

690 3785 968 3869 reciperavissent,
992 3789 1162 3868 quaestura
1186 3791 1294 3848 tamen
1318 3803 1357 3847 ex
1379 3782 1538 3867 dignitate
1562 3782 1806 3848 candidatorum
1830 3794 1885 3849 aut

691 3889 844 3955 facilitate
885 3890 1098 3954 tribuentium
1139 3893 1283 3976 gratuito
1320 3888 1558 3968 concedebatur,
1595 3889 1691 3954 donec
1726 3894 1885 3956 sententia

692 3995 873 4061 Dolabellae
896 3994 986 4060 velut
1010 3994 1294 4060 venumdaretur’'.

737 4103 840 4167 Locus
870 4101 1054 4186 impeditior
1085 4101 1214 4166 videtur
1244 4122 1342 4185 quam
1372 4120 1482 4164 revera
1512 4106 1570 4163 est.
1601 4101 1764 4169 Memores
1788 4105 1885 4169 modo

692 4211 794 4273 simus
816 4214 869 4270 emt
888 4207 972 4291 apud
991 4206 1139 4272 Tacitum
1158 4228 1222 4271 non
1242 4226 1314 4271 eam
1334 4206 1448 4270 habere
1468 4206 1634 4289 emphasin
1654 4227 1753 4291 qnam
1771 4210 1886 4275 habeat

692 4313 777 4399 apud
801 4310 1005 4389 Ciceronem,
1030 4312 1085 4377 sed
1109 4311 1173 4377 fere
1193 4331 1277 4376 esse:
1299 4310 1393 4375 modo
1417 4349 1456 4359 -
1479 4311 1590 4387 modo,
1611 4333 1695 4377 nunc
1791 4337 1884 4380 nunc.

692 4418 742 4485 Of.
766 4440 793 4483 c.
819 4417 862 4481 38
887 4417 1106 4497 „(Messalina)
1130 4424 1207 4482 tunc
1230 4419 1374 4503 primum
1398 4417 1559 4482 fortunam
1583 4438 1675 4482 suam
1694 4420 1886 4506 introspexit

692 4528 878 4609 ferrumque
899 4526 1035 4610 accepit,
1056 4524 1141 4609 quod
1160 4525 1277 4589 frustra
1298 4523 1401 4604 impeto
1421 4529 1474 4585 oret
1487 4524 1606 4604 pretori
1624 4524 1799 4592 admovens
1819 4530 1883 4592 ictu

693 4633 815 4694 tribuni
847 4628 1057 4713 transigitur”
1069 4650 1077 4706 ;
1109 4632 1131 4693 i.
1152 4649 1178 4694 e.
1209 4632 1292 4693 modo
1315 4629 1418 4709 imputo
1441 4629 1525 4691 modo
1542 4631 1670 4710 pectori.
1702 4630 1755 4697 Sic
1780 4639 1813 4697 et
1834 4635 1883 4698 hic

694 4732 922 4814 dietinpmmmtmr
956 4738 1041 4797 aetas
1075 4733 1192 4800 liberae
1227 4733 1422 4820 reipublicae
1458 4740 1530 4818 post
1559 4734 1702 4812 Sullam,
1736 4744 1768 4802 et
1800 4744 1884 4803 aetas

693 4834 898 4917 imperatoria
921 4843 994 4902 ante
1018 4836 1202 4904 Dolabellae
1220 4839 1344 4925 legem:
1363 4845 1466 4903 stante
1485 4838 1648 4924 republica
1668 4861 1707 4905 ex
1727 4841 1885 4928 dignitate

694 4938 932 5006 candidatorum
963 4943 1195 5008 concedebatur
1224 4950 1410 5029 quaestura,
1433 4949 1505 5029 post
1529 4947 1679 5010 amissam
1701 4944 1883 5013 libertatem
