5125 6150
939 827 981 873 611
1005 824 1210 874 6666666166
1232 825 1419 874 rennueret.
1723 806 1765 879 33

591 991 746 1074 l'riphylia
775 993 894 1056 vixisse
925 993 993 1078 ipse
1024 1000 1130 1057 censet
1161 990 1346 1057 Muellerus.
1378 991 1462 1056 Nam
1485 991 1688 1078 Eugammon
1712 990 1767 1055 1116

587 1097 700 1176 Aspim
724 1100 813 1182 regis
836 1118 899 1162 non
923 1097 1033 1181 Hyrici
1050 1101 1201 1163 tractavit
1220 1098 1401 1182 historiam,
1421 1101 1528 1182 itaque
1547 1100 1574 1162 61
1593 1096 1768 1161 Muellerus

586 1223 696 1266 rerum
720 1202 816 1280 vidit,
839 1202 907 1269 fieri
930 1225 991 1269 non
1013 1208 1118 1289 potest
1136 1207 1213 1288 quin
1232 1202 1352 1268 milites
1371 1204 1524 1289 mythum
1548 1203 1767 1287 Triplybiccum

584 1307 759 1394 discipulos
783 1309 956 1375 docuerint.
987 1309 1062 1375 Meo
1084 1317 1192 1375 661616
1215 1312 1284 1374 1666
1307 1330 1384 1395 rogo
1407 1309 1490 1374 unde
1512 1308 1601 1373 lones
1623 1307 1688 1386 illi,
1714 1309 1770 1393 qui

583 1420 632 1479 161
654 1435 758 1480 annos
781 1418 814 1480 in
837 1418 930 1493 Asia,
955 1419 1125 1503 Aegypto,
1145 1415 1252 1481 Nuhia
1270 1415 1427 1501 stipendia
1447 1417 1608 1493 fecissent,
1629 1414 1769 1480 fabulam

582 1540 598 1584 6
629 1527 723 1606 parte
755 1520 941 1587 occidentali
964 1521 1173 1609 Peloponnesi
1197 1527 1304 1587 notam
1328 1522 1506 1586 habuerint.
1537 1521 1642 1587 Aliter
1664 1542 1713 1586 res
1736 1542 1769 1586 se

583 1625 718 1690 haberet
749 1628 777 1690 si
807 1626 914 1692 fabula
937 1626 975 1691 de
997 1629 1107 1712 Hyriec‘
1131 1629 1267 1691 tteeccrc
1291 1628 1330 1692 ab
1354 1628 1575 1715 Eugammone
1598 1634 1679 1692 esset
1702 1647 1770 1691 nar-

582 1737 671 1805 rata;
703 1738 782 1796 tnnc
811 1753 885 1796 cum
914 1735 1017 1817 specie
1049 1731 1156 1817 aliqua
1187 1740 1293 1816 posset
1317 1733 1464 1798 contendi
1486 1740 1599 1797 666166
1622 1733 1770 1798 Boeotios

583 1837 741 1923 mythum
765 1835 914 1902 illumin
937 1838 1059 1903 leniam
1083 1838 1279 1915 traduxisse,
1303 1837 1394 1904 Iones
1419 1838 1529 1903 deinde
1556 1837 1675 1903 milites
1694 1860 1770 1903 eum

582 1942 788 2008 transtulisse
817 1947 850 2008 in
882 1945 1069 2030 Aegyptum
1098 1952 1129 2008 et
1153 1942 1307 2030 Cyrenen.
1332 1944 1421 2024 Quod
1447 1965 1529 2008 nunc
1552 1944 1698 2009 contendi
1720 1964 1771 2008 ne

584 2053 675 2134 quit,
711 2052 774 2113 nisi
808 2053 878 2135 quie
908 2057 1001 2136 putet
1027 2053 1094 2114 iam
1125 2055 1200 2114 tunc
1231 2052 1385 2135 temporis
1416 2053 1641 2115 commercium
1672 2050 1770 2114 161666

581 2157 670 2219 16166
691 2153 894 2242 'l'riphyliam
919 2163 952 2222 et
976 2155 1108 2221 Ioniam.
1132 2156 1168 2221 Id
1192 2154 1267 2221 v'ero
1292 2177 1385 2221 nemo
1410 2156 1586 2221 contendet.
1618 2156 1770 2221 Reiioien-

585 2261 666 2326 dum
689 2264 793 2346 igitur
811 2268 889 2346 puto
908 2263 967 2327 hoc
986 2261 1138 2327 Muclleri
1157 2268 1402 2348 argumentum
1423 2284 1485 2348 quo
1502 2261 1602 2327 nihilo
1614 2261 1770 2327 validiore

585 2374 664 2431 sunt
687 2387 768 2451 qnae
792 2367 830 2432 de
854 2367 1004 2433 affinitate
1029 2368 1152 2454 Augiae
1172 2388 1245 2432 cum
1270 2367 1393 2454 Hyrieo
1415 2390 1446 2452 p.
1471 2367 1513 2432 99
1537 2366 1681 2453 protulit.
1711 2366 1770 2433 Oh

584 2480 694 2537 servat
728 2475 813 2536 enim
848 2480 984 2539 matrem
1018 2476 1142 2560 Augias
1174 2474 1355 2560 Hyrminen
1386 2474 1482 2537 161666
1513 2472 1614 2538 filiam
1636 2472 1769 2560 Nyctei,

585 2580 643 2662 qni
675 2579 743 2663 ipae
776 2578 897 2663 Hyrieo
927 2585 1015 2665 patre
1045 2585 1202 2656 uteretnr;
1229 2579 1341 2643 deinde
1365 2578 1539 2644 exclamat:
1566 2579 1660 2656 „Wae
1684 2580 1768 2644 kann

588 2683 763 2750 offenbarer
793 2687 876 2761 6616,
900 2684 948 2750 ale
971 2685 1041 2751 dasz
1065 2686 1219 2750 zwischcn
1243 2686 1303 2750 den
1327 2685 1432 2772 Sagen
1456 2707 1519 2751 von
1543 2684 1615 2750 dem
1639 2686 1769 2751 Schatze

584 2789 642 2855 des
675 2788 817 2876 Hyrieus
848 2791 913 2855 und
944 2790 1016 2857 dem
1047 2792 1101 2856 des
1131 2793 1272 2878 Augeias
1303 2795 1354 2856 ein
1387 2792 1514 2857 11616666
1545 2791 1609 2856 und
1632 2795 1664 2855 in
1689 2791 1769 2857 61166

585 2895 966 2961 Starnmverwandschait
996 2897 1207 2983 hegriindeter
1236 2897 1515 2984 Znsammenhang
1545 2904 1622 2962 stett
1653 2896 1767 2961 finde.’'

585 3001 674 3081 Quae
694 3001 829 3066 affinitas
849 3023 923 3066 cum
942 3023 1002 3066 non
1022 3003 1105 3089 apud
1125 3006 1337 3089 antiquiorem
1357 3012 1519 3069 auctorem
1535 3004 1588 3069 sed
1606 3007 1638 3067 in
1651 3003 1768 3069 scholio

586 3107 625 3172 ad
657 3106 931 3192 Apollod.1173
962 3109 1124 3183 661666166,
1149 3112 1283 3173 nimiam
1307 3113 1377 3175 vim
1401 3112 1475 3174 huic
1499 3117 1688 3196 argumento
1714 3112 1768 3173 tri-

584 3214 691 3278 buisse
721 3213 804 3277 mihi
834 3214 961 3278 videtur
992 3214 1182 3292 Muellerus;
1215 3218 1282 3279 veri
1313 3218 1397 3281 enim
1429 3215 1568 3280 similius
1591 3216 1671 3281 duco
1697 3222 1766 3279 tum
1850 3223 1853 3228 '

584 3317 718 3383 demum
748 3322 960 3405 excogitatam
990 3320 1088 3385 fuisse
1117 3321 1195 3385 hanc
1219 3321 1421 3397 affinitatem,
1447 3342 1520 3385 cum
1545 3328 1575 3386 et
1601 3321 1638 3385 de
1661 3323 1769 3407 Augia

583 3446 660 3511 rege
683 3432 717 3489 et
740 3423 778 3489 de
800 3425 921 3511 Hyrieo
945 3428 1043 3489 eadem
1063 3430 1200 3492 narratio
1219 3434 1302 3492 66661
1321 3427 1451 3504 tradita,
1473 3447 1554 3510 quae
1572 3449 1621 3492 666
1642 3433 1768 3513 poetam

584 3530 727 3616 aliquem
761 3533 931 3617 instigavit
962 3538 999 3596 ut
1028 3532 1157 3597 vinculo
1188 3536 1304 3597 artiore
1336 3552 1388 3597 eos
1416 3536 1632 3619 coniungeret.
1656 3534 1768 3598 Annon

583 3635 696 3702 6611616
726 3636 992 3722 mythologorum
1023 3640 1227 3723 antiquorum
1257 3637 1371 3715 libido,
1396 3642 1513 3722 quain
1536 3640 1660 3725 mythis
1683 3660 1769 3704 rano

584 3742 716 3818 randis,
749 3741 928 3819 mutandis,
960 3741 1190 3827 amplificandis
1222 3765 1277 3827 pro
1309 3763 1365 3807 sua
1396 3743 1560 3809 voluntate
1584 3746 1767 3822 utebantur,

584 3851 728 3934 Augiam
759 3851 792 3911 in
824 3848 953 3913 heroem
984 3849 1170 3934 Minyarum
1202 3852 1299 3912 vertit
1313 3847 1348 3932 ¹),
1377 3848 1452 3914 licet
1477 3850 1635 3935 Epcorum
1659 3872 1768 3935 regem

584 3954 810 4038 antiquissimo
829 3961 974 4039 tempore
992 3954 1180 4040 Minyarum
1199 3954 1323 4017 hostem
1343 3957 1534 4019 acerrimum
1554 3956 1649 4020 161666
1661 3955 1769 4020 doceat

583 4056 768 4125 Homerus?
803 4058 915 4124 Nonne
946 4063 1099 4125 recentior
1132 4066 1216 4124 aetas
1248 4058 1397 4124 Orionem
1429 4061 1539 4144 Hyriei
1560 4061 1663 4143 filiam
1695 4080 1769 4124 cum

582 4164 700 4229 iisdem
732 4164 855 4251 Minyis
884 4167 1065 4241 coniunxit,
1097 4166 1265 4250 perhibens
1295 4186 1368 4230 cum
1398 4187 1437 4230 ex
1467 4165 1606 4251 Euryale
1638 4165 1770 4249 Minyae

585 4268 651 4334 filia
674 4269 714 4334 ab
739 4269 885 4355 Apolline
905 4291 971 4335 esse
990 4268 1210 4356 procreatum?
1230 4269 1322 4336 Tales
1339 4273 1442 4356 igitur
1460 4276 1602 4335 auctores
1621 4267 1770 4333 Mucllcri

582 4396 715 4441 causam
740 4378 825 4440 tueri
848 4398 911 4442 non
934 4384 1076 4463 possunt.

628 4559 724 4624 Nunc
752 4579 865 4624 eorum
895 4565 1086 4646 argumenta
1117 4559 1364 4645 perpendamus,
1402 4562 1456 4643 qui
1490 4556 1566 4622 licet
1600 4556 1771 4622 concedant

581 4665 728 4732 fabulam
752 4665 791 4730 de
814 4665 930 4752 Hyriei
948 4667 1098 4731 thesauro
1118 4666 1251 4754 spoliate
1271 4688 1289 4731 a
1308 4666 1430 4750 Minyis
1449 4662 1633 4750 Triphyliae
1654 4661 1771 4727 colonis

581 4774 616 4836 in
640 4773 786 4857 Angiam
807 4772 907 4837 161666
929 4771 1136 4850 translatam,
1161 4793 1276 4838 novam
1301 4779 1407 4835 tamen
1430 4772 1518 4834 viam
1536 4771 1770 4855 quaesiverunt,

619 4945 647 5008 1)
666 4944 777 5009 Apollod.
796 4943 830 5002 11,
848 4944 903 5002 16.

1614 5040 1629 5086 6
