5125 6150
1035 919 1044 938 ,
1121 851 1293 900 nonomen.
1730 831 1794 898 163

611 1016 674 1081 Pro
706 1018 939 1101 praepositione
970 1017 1055 1093 μετὰ
1087 1019 1223 1102 pessime
1244 1017 1420 1082 abundanti
1444 1016 1553 1102 proonl
1578 1016 1678 1081 dubio
1701 1018 1796 1082 oorri-

613 1123 756 1209 gendnm
780 1123 878 1200 μέγα.

702 1230 810 1294 τέλσον
834 1229 859 1293 δ’
885 1230 914 1291 έν
937 1229 1093 1308 μέσσοισι,
1118 1230 1229 1308 μέγα
1253 1230 1343 1308 σφίσι
1369 1237 1460 1304 πῆμιι
1485 1227 1632 1307 τιθέντες,

612 1336 695 1422 quod
719 1357 815 1421 quam
839 1358 913 1402 vere
937 1337 1059 1401 dictum
1083 1340 1142 1414 sit,
1167 1359 1242 1401 mox
1266 1337 1404 1422 produnt
1427 1358 1475 1402 vs.
1502 1336 1568 1400 420
1581 1359 1648 1422 sqq.

656 1442 703 1508 De
735 1444 823 1519 μέγα
855 1450 945 1519 σῆμα
978 1444 1017 1508 of.
1049 1443 1156 1509 1229.
1186 1444 1281 1510 1²50.
1297 1443 1350 1509 99.
1375 1454 1397 1508 Ζ
1420 1442 1496 1510 282.
1523 1455 1546 1509 Χ
1569 1443 1645 1509 288.
1669 1440 1792 1520 slot.

611 1547 736 1625 Φ305.

655 1776 683 1828 Λ
705 1760 779 1828 647.
815 1762 981 1828 Patroclus
1011 1768 1127 1827 missus
1157 1764 1195 1828 ab
1227 1761 1351 1828 Achille
1383 1763 1510 1829 Nestori
1540 1763 1648 1829 sedem
1679 1785 1789 1850 oapere

610 1870 734 1934 iubenti
753 1870 936 1955 respondet:

746 1980 806 2057 οὐχ
829 1975 892 2047 ἕδος
918 1976 1001 2054 ε’στέ,
1025 1976 1129 2054 γεραιέ
1150 1974 1323 2054 διοτρεφές,
1349 1974 1416 2040 οὐδέ
1440 2000 1481 2050 με
1506 1976 1631 2048 πείσεις.

747 2084 901 2150 αἰδοῖος
926 2082 1148 2157 νεμεσητὸς
1172 2079 1189 2147 ὅ
1210 2106 1249 2158 με
1275 2083 1399 2161 προέηκε
1424 2082 1569 2148 πυθέσθαι

746 2187 847 2255 ὅντινα
871 2195 975 2254 τοῦτον
998 2188 1087 2266 ἄγεις
1111 2189 1306 2266 βεβλημένον
1331 2191 1395 2256 κτέ.

610 2296 778 2362 Manifesta
812 2295 901 2360 nulla
936 2297 1087 2360 adieotivi
1122 2296 1260 2361 verbalis
1295 2295 1460 2373 νεμεσντος
1496 2299 1717 2381 interpretatio
1753 2297 1792 2361 ab

610 2402 743 2469 eruditis
773 2406 932 2488 proposita
956 2405 1155 2480 (reverendus,
1171 2403 1375 2488 formidatus,
1398 2405 1605 2483 etornoohooue)
1629 2423 1704 2468 vera
1727 2423 1794 2469 esse

611 2516 731 2595 potest,
765 2513 914 2594 qnoniam
946 2510 1081 2574 verbum
1111 2508 1256 2593 frequens
1289 2509 1499 2575 Homericum
1522 2514 1702 2590 νεμεσ(ο)ο”ιν
1726 2512 1793 2574 sive

612 2618 797 2692 νεμεσῖισέαι
822 2615 902 2679 nihil
926 2615 1013 2681 aliud
1037 2635 1133 2701 quam
1157 2616 1324 2697 οἰιιίιριιοοο,
1349 2617 1423 2679 vitio
1446 2623 1559 2679 vertere
1581 2615 1739 2702 siguificat
1761 2623 1794 2680 et

613 2723 743 2806 reliquis
773 2722 849 2787 louis
882 2723 1029 2787 omnibus
1059 2720 1255 2799 νεμεσσντον,
1280 2729 1318 2786 ut
1340 2730 1584 2787 consentaneum
1608 2728 1673 2798 est,
1697 2744 1794 2803 repre·

612 2831 805 2908 tendendam,
830 2829 984 2909 indipnum
1008 2828 1143 2894 denotat.
1168 2827 1239 2892 Vid.
1264 2828 1367 2892 1⁸le
1390 2835 1426 2909 (Ξ
1439 2827 1514 2893 336.
1539 2825 1667 2907 χ489),
1688 2824 1791 2892 1523.

611 2935 702 3014 9559.
728 2943 755 2998 T
772 2934 845 2998 182.
869 2935 955 3022 Ergo
978 2938 1054 3020 quin
1079 2957 1188 3000 versus
1213 2935 1383 2999 mendosus
1404 2937 1444 2999 sit
1464 2937 1651 3021 neutiquam
1671 2934 1792 3001 dubito.
1882 2932 1886 2937 ’

612 3042 716 3107 Facile
738 3040 979 3128 intellegeretur

748 3150 865 3220 αἰνῶς
890 3173 955 3212 κεν
980 3156 1207 3224 νεμεσοιῖτο
1230 3150 1300 3214 sive
1323 3148 1539 3227 νεμεσαέιι,

611 3256 664 3320 sed
687 3254 821 3320 fortasse
845 3254 954 3319 eodem
978 3274 1071 3320 sensu
1094 3252 1199 3319 lenius
1222 3276 1372 3340 reponere
1395 3251 1486 3320 licet:

747 3362 880 3440 αἰδοίῳ
903 3361 1126 3436 νεμεσητὸν
1150 3357 1168 3426 ὅ
1189 3385 1229 3436 με
1253 3359 1380 3437 προέηκε
1404 3360 1547 3425 πυθέσθαι
1572 3360 1636 3427 κτέ.

612 3469 675 3533 uiro
699 3470 882 3545 venerando,
907 3468 958 3552 qai
980 3490 1024 3530 ιιοο
1047 3468 1129 3530 ιιιέοιῗο
1150 3503 1202 3546 -,
1227 3489 1318 3530 caasa
1340 3469 1410 3548 (sit)
1433 3466 1635 3550 vituperandi.

660 3696 693 3753 M
709 3686 783 3751 145.

748 3794 782 3856 έιι
804 3792 835 3856 δὲ
858 3793 899 3855 τὼ
923 3790 1048 3869 ἀίξαντε
1072 3788 1198 3855 πυλάων
1222 3790 1325 3872 πρόσθ’
1350 3790 1537 3873 έμσχέσθιρν,

746 3899 931 3979 ἀγροτέροισι
955 3898 1060 3963 σύεσσι
1087 3897 1262 3976 σεοοιαὸτες,
1286 3897 1326 3962 τώ
1351 3900 1391 3962 τ’·
1405 3899 1435 3962 έν
1460 3898 1556 3977 ὄρεσσι

746 4004 855 4085 ἀνδρῶν
879 4007 928 4080 ἡδὲ
951 4012 1043 4070 κυνῶν
1066 4005 1200 4085 δέχαται
1223 4005 1401 4085 κολοσυρτὸν
1426 4004 1513 4072 ἱέντα

746 4111 852 4191 δοχμώ
876 4116 905 4176 τ’
929 4115 1070 4177 ἀίσσοντο
1094 4113 1159 4193 περὶ
1185 4112 1274 4192 σφίσι
1300 4110 1446 4191 ιοὶγνντον
1472 4111 1545 4187 ὕλην

746 4220 882 4298 πρυμνὴν
907 4218 1180 4296 εὀιτοέμνοντε,
1206 4216 1280 4283 ὑπαὶ
1307 4218 1338 4282 δέ
1363 4243 1397 4283 τε
1421 4216 1539 4294 κόμπος
1563 4217 1685 4283 ὀδόντων

746 4327 891 4402 γίγνεται
918 4326 981 4390 ιιτὲ.

611 4431 807 4517 Magnopere
841 4452 893 4496 ma
923 4430 1052 4497 offendit
1081 4434 1114 4496 iu
1144 4430 1361 4517 pulcherrima
1393 4434 1628 4516 comparatione
1660 4431 1795 4497 verbum

611 4538 782 4615 ἐκτάμνειν,
814 4545 851 4600 ut
880 4539 946 4601 iam
976 4538 1143 4603 heldenses
1166 4539 1390 4615 observarunt,
1416 4540 1493 4616 „uix
1517 4544 1627 4623 aptum
1651 4538 1794 4621 (ineptis-

609 4647 727 4709 simum
751 4643 853 4709 dicere
877 4648 994 4724 ausim)
1017 4644 1056 4709 ad
1079 4643 1294 4731 depingendos
1318 4665 1410 4732 apros
1431 4647 1555 4729 impetn
1574 4665 1630 4709 suo
1650 4641 1793 4730 virgulta

610 4752 843 4837 confringentes
867 4758 899 4816 et
922 4749 1130 4815 sternentes.''

657 4856 740 4935 Quid
762 4856 975 4944 reponendum
1000 4859 1057 4934 sit,
1082 4855 1244 4921 ostendere
1269 4857 1350 4920 mihi
1373 4856 1503 4922 videtur
1524 4863 1618 4923 notus
1640 4857 1793 4925 Herodoti

611 4960 700 5028 locus
730 4961 773 5027 VI
798 4961 839 5030 37
870 4963 923 5043 (of.
947 4961 990 5028 86
1014 4970 1046 5029 et
1069 4962 1112 5028 IV
1139 4961 1225 5043 120),
1250 4960 1316 5028 soil.
1345 4963 1608 5044 ε’κτρίβοντε,
1632 4967 1693 5030 etsi
1716 4962 1793 5032 alibi
