5125 6150
1096 845 1249 893 cnnrros.
1698 827 1764 892 359

577 1035 602 1074 a
626 1012 712 1073 nobie
734 1011 810 1092 ipsis
832 1013 866 1074 in
889 1015 1011 1075 tantam
1035 1008 1247 1094 corruptelam
1270 1031 1338 1074 esse
1360 1009 1541 1087 devectam,
1567 1009 1678 1075 addere
1702 1031 1767 1074 om·

577 1118 661 1181 nino
682 1137 743 1181 non
763 1119 869 1201 potuit
888 1136 926 1180 ex
947 1122 1035 1200 parte
1055 1115 1191 1200 quadam
1211 1115 1292 1180 hauc
1311 1118 1473 1180 miseriam
1494 1115 1599 1181 deberi
1607 1117 1767 1200 fortunae.

581 1221 698 1307 Neque
728 1222 761 1286 id
792 1222 877 1287 fecit.
909 1222 994 1287 Nam
1025 1243 1086 1306 quo
1115 1225 1185 1287 iure
1213 1228 1280 1287 tam
1303 1244 1411 1288 severe
1435 1222 1472 1287 de
1495 1229 1608 1287 natura
1629 1222 1769 1287 humana

580 1329 708 1393 iudicet
742 1330 853 1392 statim
886 1330 998 1405 adicit,
1035 1328 1073 1392 de
1104 1329 1247 1393 fortunae
1277 1330 1420 1414 partibus
1449 1350 1489 1394 ne
1519 1330 1615 1394 verbo
1639 1329 1769 1414 quidem

582 1436 784 1499 mentionem
808 1436 934 1499 faciens.
956 1434 1058 1514 Quam
1077 1437 1389 1521 argumentationem
1409 1473 1451 1485 -
1471 1435 1642 1500 dummodo
1661 1435 1770 1501 demes

583 1562 669 1626 quae
689 1540 726 1605 de
746 1541 872 1605 fortuna
892 1540 975 1606 dicta
987 1547 1062 1605 sunt
1074 1579 1116 1589 —
1129 1562 1203 1606 cum
1214 1541 1497 1627 philosophematis
1508 1542 1770 1608 Academicorum

585 1654 686 1732 atque
706 1650 807 1732 ipsius
826 1645 988 1713 Crantoris
1007 1650 1127 1732 optime
1147 1651 1314 1713 convenire
1334 1670 1425 1714 nemo
1437 1649 1577 1735 negabit.
1601 1645 1771 1714 Constabat

586 1755 676 1818 enim
704 1753 900 1818 Academicis
923 1756 1068 1818 animum
1091 1754 1231 1818 hominis
1253 1758 1464 1840 compositum
1488 1776 1554 1820 esse
1579 1776 1618 1819 ex
1640 1755 1772 1820 diversis

587 1858 774 1935 elementis,
798 1866 903 1925 retra
927 1860 953 1924 δ’
973 1856 1048 1925 εἶναι
1073 1862 1209 1940 τέτταρα
1231 1899 1272 1909 -
1293 1864 1359 1926 iam
1377 1864 1479 1947 ipsius
1499 1860 1660 1929 Crantoris
1677 1861 1773 1927 verba

585 1966 707 2042 resero,
741 1974 866 2032 servate
897 1988 915 2032 a
945 1966 1119 2033 Plutarcho
1151 1970 1188 2031 de
1218 1992 1268 2032 an.
1293 1991 1378 2051 proc.
1402 1969 1436 2031 in
1460 1969 1531 2034 him.
1557 1991 1582 2034 c.
1609 1968 1625 2032 1
1653 2006 1693 2018 -
1718 1970 1772 2043 τὴν

586 2075 696 2146 νοητὴν
727 2078 822 2154 Φύσιν
854 2073 902 2137 oiri
929 2074 1012 2138 κατὰ
1036 2075 1078 2138 τὰ
1103 2075 1187 2138 αὐτὰ
1212 2075 1263 2138 nal
1290 2076 1327 2146 ὥς
1352 2076 1450 2145 ariade
1476 2072 1618 2155 ἔχουσαν,
1643 2073 1692 2139 rai
1717 2076 1771 2150 rire

586 2177 657 2256 περὶ
682 2178 724 2243 τὰ
748 2180 882 2253 σώματα
906 2181 1076 2254 παθητικὴν
1095 2180 1146 2245 cal
1166 2180 1405 2257 μεταβλητικιίν
1426 2187 1485 2246 616.
1506 2182 1603 2247 Porro
1622 2183 1772 2266 quoniam

587 2305 666 2351 cum
699 2282 832 2349 Platone
862 2307 896 2350 36
927 2286 1140 2373 Pythagoreis
1171 2285 1305 2354 Crantor
1336 2308 1461 2372 quoque
1491 2290 1630 2365 censuit,
1657 2309 1773 2373 poenae

587 2412 685 2458 causa
716 2394 861 2457 animum
891 2391 1077 2458 descendere
1108 2395 1141 2458 in
1171 2415 1284 2478 corpus
1314 2393 1464 2472 mortale,
1496 2415 1687 2479 consequens
1710 2399 1771 2471 eet,

587 2496 677 2563 mala
716 2499 832 2582 quibus
868 2501 938 2563 vita
976 2499 1115 2563 humana
1153 2499 1279 2584 oppleta
1314 2503 1373 2578 eit,
1414 2499 1504 2566 nullo
1537 2501 1631 2566 modo
1665 2500 1703 2565 ab
1737 2521 1773 2564 eo

588 2606 737 2669 fortunae
767 2603 893 2668 cuidam
925 2605 1024 2669 tribui
1045 2626 1151 2690 posse,
1176 2605 1229 2670 sed
1253 2607 1346 2671 unice
1370 2612 1499 2672 naturae
1522 2605 1678 2672 humanae
1700 2606 1772 2690 ipsi.

587 2710 629 2776 Id
660 2716 771 2775 autem
801 2709 1053 2775 luculentissime
1084 2713 1129 2775 sic
1160 2714 1290 2796 exponit
1314 2713 1537 2777 Academicus:
1564 2711 1665 2789 „Meli
1688 2713 1774 2776 enim

588 2837 663 2903 pare
681 2815 836 2902 quaedam
853 2816 958 2881 fatalis
975 2818 1175 2882 nascentibus
1191 2818 1280 2882 nobis
1298 2818 1498 2884 admiscetur.
1519 2818 1642 2904 Quippe
1653 2820 1774 2883 semine

591 2944 666 2989 cum
690 2925 755 2987 siut
781 2923 945 3001 mortalia,
977 2926 1087 2988 statim
1119 2934 1242 3009 partem
1273 2924 1369 2989 huius
1400 2945 1511 2990 causae
1542 2925 1702 3002 obtinent,
1735 2945 1774 2990 ex

594 3029 676 3116 qua''
701 3066 744 3078 -
768 3031 902 3095 minime
932 3051 1009 3115 ergo
1039 3051 1078 3096 er
1101 3031 1227 3096 fortune
1250 3034 1445 3097 extrinsecus
1469 3031 1559 3098 uobis
1582 3030 1695 3108 allata,
1720 3029 1774 3096 sed

592 3158 631 3204 ex
667 3139 748 3202 vitio
782 3136 867 3222 quod
900 3137 1043 3202 inhaeret
1076 3143 1207 3203 naturae
1237 3144 1427 3204 6631136-
1452 3140 1594 3224 ,ingenii
1624 3138 1773 3216 tarditas,

591 3243 714 3319 morbi,
738 3264 847 3321 curae,
871 3243 1006 3329 denique
1030 3244 1148 3309 mors'’.

638 3349 674 3415 Si
696 3350 774 3435 quid
796 3349 905 3435 video,
928 3373 1002 3415 cum
1024 3351 1081 3416 hac
1100 3351 1242 3417 doctrina
1262 3343 1390 3418 omnin'o
1410 3373 1473 3417 non
1492 3359 1597 3436 potest
1616 3350 1776 3416 conciliari

591 3456 747 3544 placitum
770 3455 854 3521 illud
877 3456 915 3521 de
936 3457 1013 3522 fato.
1038 3457 1129 3536 Quod
1149 3461 1192 3535 si,
1212 3462 1261 3522 uti
1279 3461 1439 3544 suspicor,
1452 3458 1491 3524 ab
1510 3457 1573 3523 alio
1594 3464 1719 3525 auctore
1732 3494 1773 3507 -

593 3585 708 3650 parum
739 3568 812 3648 apte
836 3600 878 3611 -
902 3563 1063 3629 adiectum
1093 3570 1141 3629 631
1171 3564 1276 3630 verbis
1306 3564 1506 3642 Academici,
1529 3586 1568 3630 ex
1592 3566 1650 3630 hoc
1673 3565 1775 3630 denuo

594 3668 741 3754 exemplo
765 3676 914 3755 apparet,
937 3690 1033 3756 quam
1058 3669 1184 3736 difficile
1202 3674 1245 3735 sit
1266 3691 1424 3755 quamque
1442 3674 1615 3749 incertum,
1637 3693 1675 3737 er
1694 3673 1776 3757 frag-

595 3779 713 3842 mentis
732 3775 992 3861 ps.-Plutarcheis
1010 3778 1165 3842 iudicium
1185 3778 1284 3842 facere
1304 3776 1342 3841 de
1355 3775 1516 3843 Crantoris
1529 3784 1595 3843 arte
1607 3799 1642 3843 ac
1655 3777 1777 3843 dicandi

595 3885 727 3948 ratione.
760 3882 863 3962 Quam
894 3885 983 3948 viam
1008 3921 1047 3930 -
1072 3887 1110 3946 ut
1140 3881 1218 3946 alios
1249 3904 1311 3947 non
1336 3882 1440 3947 dicam
1463 3923 1505 3933 —
1530 3882 1608 3948 oiim
1631 3882 1777 3969 Wytteu·

595 3989 728 4055 bachius
746 3992 909 4075 ingressus
927 3987 1004 4054 locis
1023 3988 1213 4074 quibusdam
1233 3991 1266 4052 in
1282 3986 1504 4055 Consolatione
1517 3988 1776 4075 ps.-Plutarchea,

596 4097 653 4161 ubi
672 4093 835 4161 Crantoris
855 4116 971 4160 nomen
988 4095 1131 4160 additum
1144 4116 1207 4160 non
1218 4101 1315 4178 66361,
1328 4096 1507 4182 fragmenta
1517 4094 1619 4161 libelli
1630 4097 1695 4174 περὶ
1709 4094 1778 4161 alv-

597 4206 662 4273 1666
685 4200 868 4288 dignoscere
887 4222 977 4286 posse
997 4201 1058 4267 sibi
1076 4204 1164 4266 visus
1185 4206 1231 4265 est
1251 4222 1291 4266 er
1307 4201 1454 4267 dictionis
1465 4202 1602 4287 quadam
1616 4204 1776 4267 varietate.

597 4308 639 4372 111
662 4328 756 4393 saepe
776 4306 833 4373 1116
856 4308 984 4391 quidem
1008 4303 1153 4373 Crantori
1176 4305 1252 4372 talia
1275 4307 1406 4384 tribuit,
1431 4328 1511 4392 quae
1533 4306 1616 4371 mihi
1638 4305 1778 4372 Stoicam

597 4416 754 4500 originem
788 4419 915 4477 tantum
946 4433 1007 4477 non
1039 4412 1155 4477 diserte
1186 4412 1277 4477 fateri
1308 4411 1466 4477 videntur.
1495 4412 1545 4477 Ita
1574 4450 1617 4461 -
1649 4419 1686 4475 ut
1715 4431 1778 4476 uuo

598 4518 743 4604 exemplo
765 4519 919 4605 defungar
936 4555 978 4566 —
997 4525 1093 4603 caput
1112 4517 1144 4582 X
1162 4520 1207 4583 316
1226 4517 1331 4583 verbis
1350 4517 1541 4583 dictionibus
1552 4519 1779 4602 compositione

597 4648 615 4692 3
637 4625 761 4712 reliquo
782 4625 928 4711 opusculi
946 4624 1021 4690 stilo
1041 4624 1163 4690 differre
1183 4625 1342 4689 iudicabat
1354 4623 1617 4711 Wyttenbachius
1636 4623 1718 4704 (adn.
1740 4621 1779 4687 ad

598 4733 684 4799 Plut.
717 4754 796 4798 mor.
821 4731 874 4796 VI.
899 4730 931 4797 2.
945 4731 1024 4811 721)
1055 4738 1092 4795 ut
1124 4752 1159 4795 ex
1192 4729 1274 4795 libro
1298 4728 1460 4797 Crantoris
1482 4732 1675 4816 descriptum
1698 4727 1779 4793 illud

598 4849 693 4925 caput
717 4844 867 4904 censeret.
892 4838 1030 4903 Affertur
1050 4859 1086 4902 eo
1108 4839 1210 4922 capite
1234 4837 1408 4921 disputatio
1432 4837 1589 4902 Heracliti
1611 4837 1648 4901 de
1668 4838 1781 4900 mortis

597 4952 692 5031 atque
720 4948 806 5009 vitae
837 4943 1067 5022 similitudine,
1092 4963 1172 5028 quae
1196 4941 1389 5027 disputatio,
1413 4942 1487 5008 licet
1511 4943 1665 5009 Heracliti
1688 4941 1781 5028 placi-
