5125 6150
1071 808 1280 858 annuemus.
1700 788 1766 858 leo

632 976 717 1057 70,1
753 980 832 1050 πλὴν
862 976 932 1048 τοὺς
964 974 1141 1054 φεύγοντας
1172 975 1204 1038 οῦ
1237 981 1372 1052 κατῆγον
1404 979 1458 1039 τοῦ
1486 973 1689 1052 Ἀλκιβιάδου
1721 975 1762 1050 δη

586 1082 685 1149 ἕνεκα.
710 1082 887 1148 Probabilis
910 1081 1013 1147 Hudii
1036 1083 1186 1147 eorrectio
1209 1102 1264 1165 pro
1289 1079 1330 1144 δέ.
1760 1072 1766 1083 ’

633 1303 719 1388 82,1
751 1304 805 1379 την
835 1326 870 1366 τε
901 1301 1077 1379 παραυτίκα
1108 1298 1221 1363 ἐλπίδα
1252 1297 1381 1371 ἕκαστος
1406 1301 1689 1379 observarentur
1714 1302 1764 1366 καί

587 1418 641 1482 τῆς
675 1417 732 1473 τῶν
762 1413 961 1487 τετρακοσίων
991 1407 1136 1484 τιμωρίας
1161 1407 1274 1477 οὐδενὸς
1298 1405 1335 1471 διν
1361 1405 1536 1484 ἠλλάξαντο
1546 1457 1554 1488 ,
1579 1410 1629 1473 καί
1653 1408 1765 1484 ἑτοῖμοι

589 1514 642 1590 ἤδη
676 1511 752 1590 ἦσαν
783 1516 904 1597 [κατόι
934 1515 996 1594 (δια
1029 1510 1149 1593 ebul)
1180 1513 1222 1576 τί
1254 1516 1421 1598 αὐτίκα]
1453 1514 1522 1585 τοῦς
1554 1539 1588 1579 τε
1618 1516 1701 1597 (τότε
1727 1513 1766 1595 O)
1812 1523 1814 1527 ’

588 1621 743 1701 παρόντας
769 1622 932 1695 πολεμίους
958 1621 992 1684 όκ
1015 1626 1071 1684 τῦν
1094 1619 1264 1699 λεχθέντων
1287 1621 1339 1699 (ab
1362 1620 1537 1702 Alcibiade)
1563 1628 1765 1701 καταφρονεῖν

587 1729 639 1792 καί
664 1736 753 1792 πλεῖν
773 1727 821 1806 (Β,
844 1730 939 1791 ceteri
959 1735 1048 1790 πλεῖν
1069 1733 1116 1806 τε)
1137 1725 1187 1789 ε’τί
1208 1725 1258 1789 τδι
1279 1731 1416 1803 Πειραιοῖ.
1436 1727 1521 1792 Mihi
1541 1749 1602 1792 non
1622 1727 1767 1812 displicet

586 1833 741 1902 Classenii
760 1835 837 1899 haee
855 1832 917 1898 looi
935 1835 1139 1909 constitutio,
1161 1831 1272 1897 deletis
1291 1834 1393 1898 verbis
1410 1857 1503 1899 κ.τ.α.
1516 1840 1553 1899 ut
1563 1834 1766 1920 glossemate,

587 1951 620 2006 et
651 1940 765 2006 saltem
795 1943 898 2023 magis
922 1940 1073 2028 probatur
1095 1960 1192 2024 quarn
1215 1938 1381 2004 Hudiana:
1406 1940 1592 2016 salivatum
1618 1939 1694 2015 ἦσαν
1717 1939 1766 2005 διὰ

589 2048 624 2113 τὸ
649 2050 768 2127 (τοὺς)
792 2049 943 2112 αὐτίκα
968 2045 1011 2110 τό
1019 2070 1060 2110 τε
1084 2045 1238 2124 παρόντας
1264 2047 1427 2122 πολεμίους
1453 2056 1655 2127 καταφρονεῖν
1679 2056 1769 2114 πλεῖν

590 2155 639 2219 ἐπί
664 2154 714 2219 τδν
738 2158 882 2234 Πειραιᾶ,
901 2156 936 2218 in
959 2174 1020 2238 qua
1044 2154 1141 2218 verbe
1165 2153 1279 2218 αὐτίκα
1304 2153 1375 2218 τότε
1399 2155 1483 2219 haud
1506 2158 1584 2221 satis
1602 2154 1769 2243 intellego.

587 2261 709 2327 Melius
731 2268 815 2326 oerte
836 2258 931 2327 Gertz
951 2259 1035 2345 opud
1054 2258 1219 2323 Hudium:
1239 2258 1292 2323 καί
1313 2258 1424 2336 ἑτοῖμοι
1445 2259 1498 2335 ἤδη
1520 2258 1595 2335 ἦσαν
1618 2264 1769 2328 αὐτίκα

588 2370 640 2435 ase
665 2370 699 2433 τί
724 2370 842 2445 (τοὺς)
867 2365 1020 2447 παρόντας
1045 2369 1207 2442 πολεμίους
1232 2366 1297 2430 κτὲ.
1322 2363 1384 2430 Sed
1407 2368 1452 2430 ita
1474 2370 1578 2433 neseio
1601 2388 1641 2434 an
1664 2372 1770 2455 potius

589 2475 790 2540 scribendum
810 2477 852 2538 sit
872 2473 923 2538 καί
945 2472 1057 2547 ἑτοῖμοι
1079 2471 1121 2546 δη
1142 2469 1220 2546 ἦσαν
1238 2472 1372 2550 αὐτίκα,
1393 2475 1468 2558 quia
1478 2479 1550 2559 post
1561 2474 1615 2550 ἤδη
1629 2476 1769 2542 abundat

589 2582 716 2646 αὐτίκα.

635 2800 724 2879 97,2
755 2799 806 2864 καί
841 2800 893 2863 οὐκ
917 2795 1026 2873 ἥκιστα
1052 2796 1086 2871 δη
1110 2798 1161 2863 τόν
1183 2803 1297 2878 πρῶτον
1321 2797 1425 2879 χρόνον
1449 2799 1501 2865 όπί
1523 2824 1561 2878 γε
1587 2802 1660 2879 ἐμοῦ
1685 2799 1772 2878 Ἀίη-

590 2918 668 2974 ναῖοι
691 2907 854 2987 φαίνονται
878 2902 910 2971 εὖ
930 2903 1165 2975 πολιτειίσαντες
1190 2903 1253 2968 κτὲ.
1277 2904 1374 2970 Deest
1397 2906 1447 2970 his
1470 2907 1574 2972 verbis
1596 2911 1772 2974 necessaria

590 3017 679 3082 notio
704 3021 789 3091 ίωνιο,
814 3033 909 3098 quare
932 3014 1121 3078 correxerim
1145 3010 1196 3076 καί
1220 3012 1279 3092 οὐχ
1302 3009 1410 3087 ἥκιστα
1432 3012 1465 3085 δη
1488 3013 1607 3093 (τότε)
1627 3016 1678 3081 τόν
1698 3021 1773 3096 πρῦ·

589 3145 639 3188 τον
662 3120 766 3202 χρόνον
792 3121 843 3185 ε’πί
865 3121 898 3197 γ’
924 3121 997 3196 ἐμοῦ
1022 3120 1174 3194 Ἀθηναῖοι
1197 3120 1361 3199 φαίνονται
1385 3114 1418 3185 εῦ
1439 3120 1687 3194 πολιτεύσαντες.

639 3339 745 3417 102,1
779 3339 830 3402 καί
862 3347 916 3413 τῆς
950 3338 1046 3413 αὐτῆς
1078 3338 1194 3411 ταύτης
1224 3340 1329 3411 νυκτός
1351 3341 1389 3412 ῦς
1414 3335 1497 3419 εἶχον
1523 3341 1640 3423 τοίχους
1664 3342 1774 3419 (Athe-

589 3451 728 3526 nienses)
759 3442 980 3520 ῦπομείξαντες
1012 3454 1051 3525 τη
1075 3447 1264 3526 Χερσονήσῳ,
1290 3445 1462 3526 παρέπλεον
1485 3449 1535 3512 ἐπ’
1558 3450 1771 3527 Ἐλαιοῦντος,

593 3554 773 3633 βουλόμενοι
797 3553 966 3616 ἐκπλεῦσαι
991 3552 1020 3622 ἐς
1045 3553 1099 3625 την
1123 3553 1306 3633 εὐρυχωρίαν
1329 3555 1400 3636 [τὰς
1423 3560 1481 3618 τοῖιν
1501 3555 1654 3632 πολεμίων
1674 3557 1773 3639 ναῦς].

592 3659 644 3726 καί
678 3662 736 3731 τὰς
767 3659 824 3734 μὲν
854 3659 884 3721 ἐν
908 3656 1031 3737 Ἀβύδῳ
1056 3657 1220 3724 ἑκκαίδεκα
1243 3663 1317 3729 ναῦς
1340 3658 1456 3738 ἔλαίον,
1481 3660 1692 3739 προειρημένης
1716 3666 1775 3741 φν-

591 3772 691 3837 λακης
716 3771 740 3841 †
762 3767 803 3845 τῷ
828 3765 922 3844 φιλίῳ
946 3764 1067 3844 ἐπίπλῳ
1098 3770 1211 3849 (neque
1242 3762 1348 3831 Gerzii
1372 3767 1553 3833 coniectura
1576 3768 1606 3831 ἐν
1629 3770 1671 3847 τῷ
1690 3776 1729 3845 φ.
1749 3768 1774 3834 ε’.

592 3894 693 3958 neque
716 3872 867 3937 Hudiana
891 3874 943 3935 τοῦ
967 3872 1071 3949 φιλίου
1091 3871 1223 3935 ίπίπλου
1241 3868 1349 3936 losum
1369 3872 1556 3957 expediunt)
1576 3868 1654 3945 όπως
1676 3874 1776 3937 αὐτῶν

593 3983 713 4049 οίνακῶς
737 3976 862 4055 ἕξουσιν,
887 3976 921 4050 ἣν
945 3978 1128 4041 ε’κπλέωσιν·
1152 3978 1209 4048 τὰς
1235 3976 1266 4042 δὲ
1289 3979 1373 4051 μετόν
1396 3983 1449 4043 τοῦ
1473 3979 1618 4058 Πινδοίρου
1641 3976 1712 4056 ἅμα
1736 3987 1774 4060 τῦ

593 4082 632 4164 ἕῳ
658 4082 896 4155 κατιδόντας
916 4085 970 4157 τὴν
990 4080 1087 4158 δίωξιν
1108 4082 1220 4155 εὐθὺς
1242 4085 1419 4161 ποιουμένου
1438 4085 1470 4150 οῦ
1489 4085 1635 4165 φίοίνουσι
1657 4089 1775 4163 παῦσαι,

593 4193 669 4255 ἀλλ’
706 4192 738 4253 αἱ
774 4190 830 4264 μὲν
865 4189 987 4261 πλείους
1013 4226 1055 4237 -
1079 4188 1225 4269 διέφυγον
1259 4189 1323 4255 κτὲ.
1365 4190 1562 4256 Felieissima
1597 4193 1776 4257 coniectura

593 4295 690 4362 Gertz
721 4299 766 4360 sic
796 4298 923 4381 scripsit
953 4318 1009 4381 pro
1035 4295 1216 4368 κατιδόντες.
1244 4296 1410 4362 Mindarus
1432 4298 1558 4361 ιοίνοιιίασ
1580 4298 1659 4362 vidit
1681 4298 1778 4363 Athe-

591 4406 754 4468 niensium
785 4422 882 4467 naves
912 4409 1095 4487 persecutus
1125 4409 1183 4468 est.
1214 4402 1427 4469 Sanissimum
1456 4407 1560 4489 igitur
1589 4409 1638 4469 est
1665 4401 1772 4485 δίωξιν,

593 4531 652 4596 pro
676 4530 737 4594 quo
762 4508 880 4575 Herbst
903 4508 1009 4590 δίωσιν,
1035 4510 1140 4575 Naber
1163 4507 1273 4586 ἄνοιξιν
1298 4516 1536 4597 proposuerant.

1099 4770 1293 4781 h-—n—-u—-n
