5125 6150
731 864 733 868 ·
792 833 856 898 140
1123 850 1289 898 meursius
1310 850 1627 899 mmcmaasssssm

789 1019 933 1097 ὑπερορᾶν
957 1016 1147 1094 ἐπαίροντες,
1169 1017 1195 1080 οῖ
1219 1014 1250 1079 δὲ
1273 1017 1358 1080 κατὰ
1381 1016 1529 1092 λογισμὸν
1552 1022 1605 1082 τοῦ
1624 1019 1668 1093 μ1ι
1687 1017 1793 1100 ρίρῖίαν
1813 1014 1889 1083 εἶναι
1911 1022 1969 1092 riis

788 1125 961 1202 καθαίρεσιν
992 1130 1047 1195 τοῖς
1078 1122 1245 1201 τυραννίδος
1276 1121 1357 1186 ίκνον
1388 1131 1458 1194 ταῖς
1486 1123 1650 1199 ἐπιβολαῖς
1675 1125 1878 1204 ἐπιφέροντες.
1902 1125 1969 1190 Η10

786 1232 896 1309 δρᾶσαι
930 1230 1026 1296 lectio
1059 1238 1108 1295 eet
1141 1227 1265 1296 Codicis
1301 1229 1480 1306 Urbinatis;
1524 1228 1640 1316 reliqui
1674 1252 1784 1296 omnes
1817 1233 1967 1311 δράσαντι

787 1338 919 1415 habent,
950 1359 1006 1423 pro
1029 1357 1091 1422 quo
1116 1334 1264 1401 Reiskiue
1287 1338 1413 1420 scripsit
1436 1336 1644 1415 δράσουσι,
1669 1357 1766 1422 quem
1788 1360 1851 1403 non
1872 1338 1969 1404 intel-

784 1443 853 1532 ligo
872 1444 1031 1530 quomodo
1050 1447 1096 1508 ita
1114 1446 1265 1508 coniicere
1283 1445 1443 1527 potuerit,
1463 1445 1525 1506 nisi
1543 1463 1580 1508 00
1598 1453 1741 1529 tempore
1761 1465 1868 1511 recens
1883 1451 1969 1510 esset

787 1573 807 1617 a
828 1552 955 1638 Iosephi
977 1551 1123 1617 lectione.

831 1768 875 1835 IV
898 1768 941 1834 38
964 1791 995 1856 p.
1020 1765 1102 1835 736:
1127 1769 1246 1832 ἐλθὼν
1269 1767 1296 1830 δ’
1319 1768 1360 1837 είς
1386 1769 1440 1841 τὴν
1463 1767 1589 1846 ἀγοράν.
1614 1766 1743 1834 Dicitur
1766 1767 1897 1848 τρσῖίναι
1922 1772 1967 1841 είς

784 1879 839 1951 τὴν
863 1876 989 1954 οῖγοροίν,
1013 1877 1108 1940 sicuti
1130 1881 1214 1939 recte
1236 1873 1358 1959 legitur
1380 1872 1438 1937 VII
1457 1872 1500 1939 27
1521 1896 1552 1959 p.
1574 1873 1672 1953 1373,
1692 1874 1739 1940 XI
1759 1875 1799 1940 61
1821 1898 1852 1961 p.
1874 1874 1966 1942 2304

786 1989 819 2047 et
850 1981 912 2046 XII
941 2005 972 2068 p.
1000 1979 1074 2046 175.
1087 1978 1131 2045 27
1154 1978 1235 2056 asi,
1266 1979 1349 2045 unde
1372 1983 1586 2065 rescripserim
1610 1982 1822 2061 προελθών.
1845 1979 1967 2048 Ocntra

785 2073 926 2167 παριέναι
948 2088 997 2151 ἐπί
1018 2091 1052 2151 τί
1072 2086 1182 2164 βῆμα,
1202 2086 1241 2152 cf.
1261 2083 1370 2152 chet.
1392 2109 1423 2172 p.
1446 2084 1487 2152 77
1507 2093 1540 2151 et
1559 2086 1618 2165 93;
1632 2088 1705 2153 hine
1718 2086 1816 2152 7140
1828 2109 1859 2174 p.
1875 2088 1964 2155 1129

785 2197 904 2261 ῖλίὼν
933 2194 982 2259 zet
1015 2194 1049 2258 τὸ
1080 2193 1190 2272 βῆμα,
1222 2216 1285 2258 non
1307 2195 1465 2278 corrigam
1487 2214 1562 2257 cum
1584 2192 1781 2280 Kiesslingic
1804 2197 1965 2273 προελθών,

784 2302 839 2368 sed
869 2301 1077 2382 παρελίιίν
1107 2303 1319 2365 necessarium
1342 2298 1431 2363 duco.
1455 2302 1570 2364 Activa
1593 2299 1688 2364 rerba
1711 2301 1967 2380 0001παροίγειν

782 2415 816 2473 et
834 2410 991 2488 προάγειν,
1011 2407 1183 2492 dequibus
1203 2406 1308 2473 verbis
1326 2404 1495 2491 aliquando
1506 2404 1696 2490 explicatius
1708 2405 1877 2472 dicendum
1888 2413 1964 2474 erit.

827 2625 870 2690 IV
894 2624 937 2690 38
967 2647 999 2712 p.
1026 2623 1100 2691 738.
1131 2623 1263 2689 Servius
1294 2623 1420 2689 'Pullius
1450 2625 1489 2689 de
1518 2627 1625 2690 curiae
1647 2625 1798 2711 gradibus
1820 2625 1964 2693 deiectus

783 2734 876 2814 ἀπῄει
911 2731 1002 2799 σε’νονν
1036 2730 1289 2810 κρατούντων
1323 2730 1375 2794 καί
1411 2731 1680 2807 παραπεμπόντων
1715 2731 1807 2796 αὐτὸν
1838 2734 1964 2808 σ’λίγυν.

781 2836 992 2923 Participium
1020 2838 1207 2915 κρατούντων
1239 2835 1402 2921 displicuit
1433 2837 1607 2902 Buchelero
1639 2841 1694 2922 qui
1723 2838 1964 2905 commendavit

782 2944 994 3022 κρατυνίντυν.
1019 2943 1054 3008 Si
1088 2945 1200 3010 vitiosa
1221 2942 1314 3008 lectio
1336 2950 1400 3020 est,
1420 2942 1531 3007 malim
1550 2962 1643 3008 sane:
1664 2944 1873 3021 καταγόντων.
1898 2945 1964 3011 Sed

780 3072 877 3138 quam
900 3056 948 3117 cst
969 3052 1049 3116 mire
1073 3049 1194 3115 dictum
1216 3048 1301 3136 quod
1323 3051 1471 3116 continuo
1494 3053 1655 3136 sequitur:
1679 3053 1779 3123 κακῶς
1803 3047 1870 3116 ῖλον
1892 3052 1962 3118 έαυ

781 3159 832 3224 τὸν
854 3159 888 3222 ἐκ
910 3162 964 3223 τοῦ
987 3159 1155 3234 πτώματος
1178 3156 1266 3238 ἔχον.

825 3361 868 3425 IV
892 3362 933 3428 51
957 3385 988 3448 p.
1015 3361 1096 3429 767:
1122 3347 1190 3435 τοὺς
1215 3365 1379 3440 πολεμίους
1398 3365 1430 3429 οὗ
1449 3364 1580 3435 πολλοὺς
1601 3364 1776 3441 ὁρῶντες.
1801 3363 1961 3450 Supplen·

780 3468 875 3533 dum:
900 3468 1029 3541 issac.

822 3686 865 3751 IV
890 3687 932 3750 54
963 3709 994 3772 p.
1020 3685 1093 3753 774.
1129 3687 1244 3753 Sextus
1275 3687 1465 3774 Tarquinius
1495 3695 1595 3754 certos
1623 3688 1778 3773 quosdam
1809 3689 1956 3755 homines

779 3795 882 3858 mittit
910 3792 993 3858 clam
1023 3795 1198 3871 φράσοντας
1231 3804 1292 3868 τοῖς
1324 3797 1448 3872 Γαβίοις
1479 3790 1524 3860 ὅτι
1548 3803 1694 3872 πολεμεῖν
1716 3798 1758 3875 τῷ
1783 3797 1874 3873 πατρί
1901 3797 1958 3862 διίΒ

779 3923 892 3976 γνυκεν
922 3903 960 3970 ὦς
994 3902 1140 3973 αὐτοὺς
1172 3902 1423 3978 οίφικίμενος
1454 3902 1479 3967 εί
1504 3901 1598 3978 λοίβοι
1621 3904 1730 3971 τίσεις.
1755 3902 1956 3981 Praestabit,

779 4009 828 4071 uti
858 4006 1003 4083 arbitror,
1035 4007 1072 4078 ὥς
1105 4009 1226 4080 αὐτὸς
1259 4006 1519 4085 ἀφιξόμενος.
1550 4008 1592 4073 Et
1623 4009 1660 4074 de
1691 4009 1799 4073 futuro
1822 4011 1955 4094 quidem

777 4133 891 4199 parum
920 4113 1030 4178 dubito
1061 4116 1138 4199 quin
1169 4117 1382 4180 necessarium
1412 4118 1453 4179 sit
1484 4122 1516 4179 et
1546 4114 1668 4180 contuli
1698 4114 1725 4176 V
1750 4114 1846 4201 5911.
1872 4115 1958 4183 987:

777 4218 815 4289 ὥς
847 4217 1033 4299 ἀφιξομένης
1064 4220 1235 4297 ἐπικουρίας
1267 4221 1297 4283 ἐν
1329 4221 1424 4301 τοῖχοι
1447 4224 1589 4306 itemque
1612 4219 1715 4305 placet
1738 4223 1959 4288 nominativus

777 4324 885 4402 αὖτίς,
918 4325 972 4390 sed
1002 4325 1064 4391 duo
1086 4325 1147 4391 loci
1170 4347 1222 4391 me
1244 4326 1477 4412 quodammodo
1501 4330 1655 4392 retinent:
1679 4325 1722 4390 IV
1747 4324 1789 4390 55
1813 4349 1844 4412 p.
1871 4326 1957 4393 775:

776 4437 897 4497 πολλῶν
927 4432 965 4503 ὥς
994 4432 1106 4502 αὐτοὺς
1137 4432 1328 4514 ἆφικομίνυν
1359 4442 1390 4499 01
1421 4432 1448 4498 V
1473 4431 1491 4500 7
1522 4455 1553 4517 p.
1574 4430 1657 4499 857:
1692 4433 1886 4514 ἀφικομένων
1918 4437 1959 4507 ὥς

778 4539 901 4611 αὐτούς.

821 4739 863 4804 IV
887 4741 929 4807 56
952 4764 983 4828 p.
1010 4739 1091 4806 776:
1116 4739 1225 4822 ἔτυχον
1247 4726 1279 4806 11
1303 4744 1439 4818 μήκωνες
1463 4742 1493 4807 ἕν
1515 4743 1557 4820 τῷ
1580 4742 1665 4823 κνίπῳ
1685 4749 1855 4822 πεφυκυῖαι
1877 4748 1958 4823 πλοί-

776 4866 834 4921 ριις
866 4845 917 4920 ἤδη
949 4852 1002 4913 τοῦ
1034 4852 1150 4924 καρποῦ
1182 4846 1233 4912 καί
1268 4848 1524 4926 συγκομιδῆς
1559 4845 1634 4924 ὥραν
1670 4848 1806 4930 ἔχουσαι.
1843 4850 1953 4918 Etiam

774 4954 881 5033 pueris
910 4960 1021 5019 notum
1050 4960 1098 5019 cst
1128 4953 1204 5040 quid
1234 4959 1266 5020 ct
1288 4955 1444 5040 quomodo
1467 4953 1658 5041 Tarquinius
1679 4957 1875 5042 responderit
1901 4959 1955 5024 ho·
