5125 6150
688 836 753 919 384
1221 855 1342 903 meras.

684 1017 871 1081 enuntiandi
903 1017 1017 1082 modus
1048 1022 1152 1104 magis
1183 1019 1318 1085 Latinus
1348 1021 1430 1085 foret
1454 1043 1552 1106 quam
1576 1020 1728 1088 Graecus.
1764 1021 1881 1089 Graeci

685 1130 756 1206 post
785 1123 868 1186 δεινοὶ
898 1126 1015 1202 πρόσχω
1049 1128 1155 1188 σίνηαι.
1188 1133 1244 1189 aut
1274 1127 1300 1191 εἰ
1329 1134 1451 1211 ponunt
1475 1133 1531 1192 aut
1554 1128 1715 1191 relativum
1738 1128 1826 1213 quod
1848 1131 1881 1192 in

684 1226 830 1292 Palatino
862 1228 960 1293 adest.
996 1228 1194 1316 Quapropter
1224 1231 1309 1295 malo
1340 1231 1525 1297 lacunulam
1558 1233 1611 1298 hie
1642 1240 1785 1298 statuere
1817 1237 1879 1311 sic,

685 1337 806 1418 opinor,
838 1333 1064 1418 supplendam:
1097 1335 1260 1401 δεινότατα
1287 1335 1334 1402 οὖν
1359 1339 1475 1418 ποόσχω
1501 1339 1608 1414 (ὑπὸ
1631 1341 1825 1417 τούτου>,
1849 1332 1880 1411 te

685 1441 711 1504 ei
732 1442 788 1516 μὲν
808 1443 985 1522 παρέσχετο
1005 1444 1164 1522 μάρτυρας
1186 1459 1267 1521 κτλ,
1288 1443 1372 1528 quod
1395 1451 1466 1529 post
1485 1444 1708 1510 Hamalrerum
1729 1454 1760 1511 et
1781 1445 1879 1510 Frob-

686 1548 859 1632 bergerum
882 1567 950 1611 sero
974 1547 1051 1611 ridi.

733 1765 785 1830 Or.
810 1765 868 1830 VII
899 1764 997 1850 §272
1031 1765 1155 1845 πότερον
1186 1767 1218 1832 δέ
1249 1791 1301 1844 μοι
1333 1776 1465 1846 κρεῖττον
1498 1766 1542 1851 ἦν,
1566 1806 1643 1817 --
1670 1769 1881 1850 δημοκρατίας

685 1871 775 1946 οὔσης
808 1880 996 1949 παρανομεῖν
1028 1875 1044 1949 ἢ
1078 1873 1128 1938 ἐπὶ
1160 1880 1217 1938 τῶν
1251 1874 1435 1953 resciscam
1471 1875 1523 1940 κα1
1549 1877 1581 1941 οὐ
1606 1875 1762 1954 λέγοντός
1787 1879 1879 1943 τότε

688 1977 908 2055 διοισόμενος
944 1981 961 2052 ἢ
997 1980 1035 2050 ὦς
1068 1983 1117 2044 νῦν
1149 1978 1418 2058 διαβεβλημένος,
1452 1983 1526 2045 ἀλλ’
1557 1982 1595 2052 eie
1628 1984 1670 2062 τῷ
1701 1982 1879 2062 βουλομένῳ

687 2085 758 2149 τότε
788 2088 910 2160 μᾶλλον
942 2081 1006 2159 ἐξόν
1035 2084 1149 2150 οὶδικεῑν
1174 2085 1191 2159 ἢ
1216 2087 1288 2150 ervi.
1312 2085 1422 2171 Inepta
1446 2089 1656 2152 ratiocinatio.
1680 2087 1717 2152 Si
1740 2090 1803 2153 sub
1828 2091 1882 2152 tri·

685 2193 873 2277 gintaviris‚
905 2213 980 2255 cum
1010 2191 1160 2276 peccandi
1190 2190 1321 2255 licentia
1353 2199 1519 2277 regnaret,
1551 2214 1624 2258 reue
1648 2199 1758 2258 tamen
1784 2194 1882 2259 delin-

688 2318 784 2383 quere
819 2319 878 2359 ιιοα
907 2298 1019 2378 potuit,
1056 2299 1190 2361 minime
1224 2296 1299 2361 binc
1334 2301 1541 2382 consequitur
1576 2320 1651 2363 eum
1686 2299 1883 2365 democratia

687 2405 835 2467 restituta
866 2409 1016 2466 truncum
1049 2423 1154 2467 sacrae
1186 2400 1290 2466 olivae
1322 2425 1384 2468 non
1416 2404 1578 2469 excidisse}
1612 2405 1766 2471 Probaret
1799 2405 1882 2491 quod

688 2511 811 2594 posuit,
843 2510 870 2571 si
903 2515 978 2572 tunc
1008 2529 1132 2593 quoque
1165 2531 1228 2570 eum
1258 2509 1378 2591 irapuae
1408 2511 1581 2594 delinquere
1599 2519 1702 2590 posset
1725 2513 1880 2591 rr-oler't;

687 2613 783 2697 idque
825 2612 909 2696 quod
951 2618 1057 2678 orator
1099 2612 1173 2676 dare
1210 2617 1384 2678 necessario
1424 2614 1535 2679 debuit
1577 2615 1711 2681 traditae
1749 2615 1882 2682 lectioni

690 2741 752 2783 nou
795 2721 916 2793 inesse,
963 2725 1118 2782 nostrates
1161 2716 1275 2782 saltem
1319 2722 1422 2783 critIci
1470 2723 1592 2805 optime
1639 2719 1881 2806 perspexerunt.

690 2824 835 2904 Quorum
871 2823 1086 2887 Franckenius
1126 2845 1240 2908 anceps
1279 2824 1429 2890 haerebat
1466 2827 1550 2890 inter
1587 2828 1675 2903 μέγα
1716 2827 1882 2902 δυνάμενος

689 2939 722 2995 et
753 2932 790 3000 ὣς
822 2929 892 2993 τότε
925 2927 1089 3005 δυνάμενος
1123 2928 1140 3002 ἢ
1172 2929 1223 2992 καὶ
1256 2932 1307 2992 νῦν
1339 2929 1410 3005 ὑμῖν
1440 2930 1708 3008 διαβεβλημένος,
1735 2931 1883 2997 Herwer·

689 3036 789 3101 denus
812 3040 904 3101 antea
928 3034 1066 3100 malebat
1087 3033 1157 3100 τότε
1188 3034 1397 3112 διανοούμενός
1429 3060 1459 3101 τι
1491 3033 1529 3101 ὧν
1561 3041 1611 3101 νῦν
1643 3036 1882 3116 διαβέβλημαι,

690 3142 773 3227 quod
805 3148 910 3205 tamen
942 3144 974 3204 in
1007 3143 1213 3224 posteriorem
1246 3142 1419 3206 editionem
1447 3164 1510 3207 non
1534 3147 1670 3228 recepit,
1695 3152 1732 3209 ut
1755 3148 1792 3208 in
1816 3167 1883 3231 pro

690 3247 828 3312 curando
853 3268 949 3330 quam
972 3249 1007 3310 in
1036 3246 1212 3331 detegendo
1241 3250 1320 3312 vitio
1352 3251 1460 3313 minus
1491 3249 1597 3315 felices
1628 3250 1726 3314 fuisse
1758 3250 1883 3316 dicendi

690 3356 764 3417 siut.
801 3352 908 3416 Multo
944 3350 1069 3415 facilius
1105 3352 1221 3437 Lysiae
1252 3373 1366 3417 manus
1397 3357 1595 3430 restituetur,
1627 3357 1655 3418 si
1686 3356 1880 3420 scribamus:

691 3460 742 3520 καὶ
775 3459 807 3522 οὐ
838 3456 921 3535 λέγω
952 3461 989 3528 eie
1023 3457 1094 3521 τότε
1127 3456 1321 3532 δεόμενος
1355 3458 1371 3532 ἢ
1404 3462 1442 3529 ὥς
1477 3465 1526 3523 νῦν
1550 3459 1812 3537 διαβεβλημένος.
1838 3460 1883 3525 De

691 3564 839 3648 peccandi
879 3566 1072 3646 impunitate
1112 3563 1307 3649 oligarchiae
1342 3566 1541 3648 temporibus
1578 3566 1712 3630 conferri
1749 3575 1884 3651 possunt

692 3690 771 3754 quae
795 3668 948 3753 leguntur
971 3668 1023 3733 Or.
1047 3668 1140 3733 XXV
1164 3665 1255 3753 §lssj
1281 3669 1391 3733 XXVI
1411 3670 1478 3753 §5;
1501 3669 1539 3734 de
1559 3673 1655 3736 verbo
1677 3693 1707 3735 v.
1721 3693 1746 3736 c.
1770 3673 1809 3737 fr.
1826 3672 1881 3736 16:

693 3777 857 3851 apodiatas
889 3774 971 3853 αὐτῷ
1003 3774 1104 3850 λέγων
1127 3772 1388 3853 ότι--όιπειρος
1414 3774 1475 3848 εἵην
1500 3777 1697 3853 πραγμάτων
1722 3777 1776 3840 καὶ
1802 3777 1885 3842 οὐδὲν

692 3880 829 3957 δεόμενος
853 3878 974 3944 εἰσιέναι
1001 3880 1041 3948 εἷς
1068 3879 1254 3958 δικαστήριον
1264 3903 1271 3959 ;
1306 3880 1358 3944 Or.
1383 3880 1446 3943 XII
1470 3881 1561 3964 §bh
1597 3883 1658 3959 eye
1681 3882 1744 3960 γὰρ
1773 3882 1882 3958 δέομαι

694 4035 889 4043 -ι--ο--ι

692 4126 811 4190 quoniam,
829 4126 860 4173 12
878 4126 888 4184 ό
904 4123 960 4171 36”.
978 4124 1017 4170 et.
1035 4137 1066 4170 ιιι.
1076 4121 1092 4169 i.
1111 4136 1185 4184 neque
1205 4122 1249 4170 Or.
1264 4120 1319 4169 XIX
1336 4125 1347 4182 t
1364 4124 1377 4170 t
1395 4120 1452 4179 dre,
1469 4137 1544 4185 neque
1562 4121 1651 4170 Andos.
1669 4123 1712 4170 Or.
1731 4121 1743 4169 1
1763 4121 1807 4184 57.
1826 4138 1886 4187 qnae

693 4222 790 4272 prorsus
804 4206 884 4253 eedem
899 4220 948 4252 esee
963 4204 1052 4252 dudum
1067 4202 1218 4251 observatum
1233 4206 1283 4261 est,
1300 4202 1376 4250 ὁπότε
1390 4203 1599 4266 relentqeoaa'am,
1610 4204 1663 4261 sed,
1673 4206 1700 4251 ut
1709 4202 1886 4262 assolentmb',

694 4290 756 4354 quod
774 4289 812 4336 vel
829 4287 909 4335 addito
926 4286 987 4349 apud
1006 4286 1068 4333 bunc
1085 4284 1197 4333 vocabulo
1217 4281 1260 4339 tte
1278 4284 1445 4347 comprobatur
1463 4283 1544 4345 (ὁπότ’
1558 4279 1599 4332 οὗν
1615 4281 1659 4339 ’ἤδη
1674 4286 1761 4336 πολλὰ
1778 4289 1886 4334 τοιαῦτα

693 4369 841 4433 γεγένηνται
866 4369 893 4429 (I.
912 4370 1012 4427 -νηται),
1035 4365 1097 4423 εἰκὸς
1115 4364 1181 4426 ὑμᾶς
1199 4363 1255 4414 ἔστι
1274 4363 1348 4426 μήποτ
1366 4366 1425 4422 τοιδς
1442 4370 1491 4413 τῶν
1510 4368 1651 4427 κατηγόρων
1670 4368 1761 4428 λόγους
1779 4369 1887 4425 πιστοὺς

694 4451 825 4516 tyriotes).
840 4451 895 4499 Nou
913 4449 987 4511 megia
1002 4448 1114 4512 praesidii
1129 4449 1186 4497 autb
1201 4449 1275 4497 estin
1292 4451 1336 4497 Or.
1351 4448 1398 4497 XII
1413 4449 1465 4509 5³6
1479 4446 1532 4508 (ότε
1547 4446 1588 4495 διδι
1604 4451 1718 4509 χειμῶνα
1733 4448 1785 4511 οὐχ
1800 4446 1851 4497 olel
1862 4450 1886 4497 τ’

692 4534 791 4598 ’ἔφασαν
809 4528 869 4580 εἶναι
887 4530 945 4586 rede
963 4527 990 4577 ὲκ
1007 4546 1031 4579 π.
1051 4528 1179 4586 όαλόττης
1197 4528 1347 4591 ἀνελέσθαι),
1367 4536 1393 4577 nt
1412 4530 1491 4578 locum
1509 4529 1623 4593 relegenti
1641 4528 1745 4594 patebit3
1761 4547 1838 4595 neque
1853 4532 1888 4580 ite

693 4622 746 4682 poet
775 4613 945 4664 Marklandum
973 4610 1116 4659 Fritnecbins
1141 4616 1165 4660 et
1185 4610 1287 4660 Cobetus
1310 4612 1520 4668 cxietImarernut,
1544 4626 1572 4659 eo
1590 4611 1641 4660 Ioco
1660 4609 1700 4659 ότι
1718 4613 1887 4675 coniicientes,

694 4699 822 4756 inutiliter,
847 4699 873 4746 ut
896 4693 955 4742 mibi
973 4709 1067 4758 quoqne
1084 4694 1187 4753 ridetur,
1204 4695 1244 4742 sed
1262 4694 1296 4741 ite
1316 4697 1485 4752 metuuntur,
1502 4693 1559 4751 ότε,
1575 4690 1777 4757 quemadmodum
1794 4700 1887 4763 saepius

695 4777 764 4834 όπον,
789 4779 845 4843 poni
871 4776 1001 4826 identidem
1026 4776 1066 4824 nbi
1092 4784 1268 4839 expectaremus
1295 4773 1333 4823 ότι
1359 4776 1467 4833 causale,
1493 4791 1569 4839 neque
1596 4780 1673 4824 tamen
1699 4792 1799 4841 prorsus
1823 4780 1887 4830 idem

695 4864 822 4921 utrumqne
844 4860 922 4909 valere
945 4862 1016 4921 etque
1039 4858 1173 4921 promiscue
1197 4857 1305 4906 adbiberi
1328 4873 1401 4922 poree.
1427 4857 1548 4907 Similiier
1571 4858 1680 4929 equidem
1696 4859 1776 4909 iudico
1794 4862 1822 4910 de
1841 4865 1886 4912 De-

696 4940 783 4988 moetb.
801 4939 845 4989 Or.
864 4941 946 4989 XVIII
964 4942 1041 5002 5114.
