5125 6150
789 832 856 899 272
1297 853 1464 901 uumerus.

836 1013 908 1098 §81
931 1014 971 1085 ως
993 1016 1038 1090 μη
1062 1014 1204 1078 ύνιῖισύαι
1230 1012 1400 1087 ύττηύίντα
1425 1013 1501 1090 μηδὲ
1526 1013 1665 1093 δακρύειν
1688 1017 1751 1080 οίεί
1775 1015 1882 1082 ύσιτον
1905 1016 1981 1082 ίντοο

789 1120 879 1195 μύνον
903 1122 961 1183 τῶν
982 1117 1096 1184 ἄλλων.
1122 1118 1200 1184 Dele
1223 1117 1338 1183 inutile
1361 1121 1436 1184 οίεί.

835 1335 911 1420 ξ9ῑ
948 1337 1041 1401 ἱκανοὶ
1072 1339 1135 1415 γὰρ
1165 1338 1364 1418 ἀποκέκρισαι
1397 1336 1448 1401 καί
1479 1338 1521 1400 τὰ
1554 1343 1699 1414 πρῶτα.
1732 1336 1981 1403 Emendendum

789 1447 854 1506 est:
880 1441 974 1520 πρὸς
997 1443 1046 1507 τὰ
1072 1444 1313 1523 ύρωτημίνα.
1338 1440 1387 1508 Os.
1411 1442 1482 1507 adv.
1507 1442 1626 1508 Indoct.
1652 1441 1682 1506 5.

1288 1638 1475 1701 θιοοιοεοίοιι.

832 1805 931 1889 §lh
965 1808 1003 1875 ὡς
1035 1808 1090 1879 την
1119 1805 1227 1869 πενίαν
1258 1802 1487 1881 δυσχεραίνονται
1518 1805 1551 1866 οὐ
1582 1805 1668 1868 κατὰ
1692 1808 1748 1879 την
1770 1803 1848 1884 ύραν
1871 1828 1981 1880 μονο-

790 1911 925 1990 χίτων.
950 1908 1034 1976 (lum
1058 1909 1188 1997 Guyeto
1211 1912 1242 1973 in
1269 1909 1330 1974 fine
1353 1906 1584 1994 supplendum:
1608 1909 1662 1975 ύν.

835 2130 852 2213 ξ
875 2129 934 2192 11:
959 2132 1012 2192 τοῦ
1036 2129 1109 2199 ωἰτύς
1135 2151 1193 2202 μον
1214 2128 1388 2205 λαβόμενος
1410 2127 1463 2190 καί
1485 2126 1660 2203 διασείσας,
1680 2125 1779 2205 ὥσπερ
1799 2151 1850 2203 μοι
1871 2152 1982 2205 προο-

788 2232 907 2315 εικοὶζ
914 2257 969 2297 ειν
994 2232 1085 2298 slede.
1117 2231 1267 2319 Guyetus
1290 2236 1323 2295 et
1345 2231 1478 2296 Solorius
1509 2231 1773 2296 commendarunt
1804 2234 1981 2310 προσπελά-

690 2421 692 2424 y
787 2336 847 2418 ζειν
880 2359 1013 2423 eamque
1049 2341 1264 2403 coniecturum
1299 2336 1488 2401 Iecobitzius
1524 2339 1622 2401 etiem
1657 2341 1796 2422 recepit3
1829 2339 1978 2422 equidem

787 2465 861 2509 eum
893 2440 1035 2509 Gesnero
1069 2446 1267 2528 scripserim:
1300 2440 1576 2520 προσπαίζειν.
1610 2440 1659 2508 of.
1685 2442 1723 2506 de
1748 2442 1938 2527 Domo24:
1965 2445 1979 2508 ί

787 2552 932 2629 Βροίχχος
957 2551 1006 2614 ἐπί
1031 2549 1146 2628 πέτρας
1172 2547 1370 2627 καίεζίμενος
1394 2549 1501 2627 ούνίχει
1526 2548 1634 2625 λαχὼν
1653 2549 1705 2613 καί
1726 2548 1906 2631 προσπαίζει
1927 2549 1980 2613 τὸν

787 2655 881 2737 κύνα,
906 2656 962 2719 ubi
985 2653 1134 2719 notabilis
1158 2662 1206 2718 est
1230 2656 1423 2718 constructio
1448 2674 1523 2718 cum
1546 2658 1659 2737 quarto
1682 2674 1773 2731 cusu,
1800 2676 1896 2738 quem
1919 2658 1981 2718 im·

786 2765 913 2826 mutere
942 2781 1005 2824 non
1035 2762 1159 2836 susim,
1190 2780 1264 2824 cum
1296 2758 1358 2824 elie
1382 2758 1529 2843 exemplo
1551 2780 1613 2824 uon
1637 2759 1740 2823 desint
1747 2780 1755 2836 ;
1778 2759 1852 2825 vide
1872 2763 1978 2844 copies

786 2865 940 2930 Lobeckii
969 2864 1008 2928 ed
1041 2866 1264 2949 Phrynichum
1296 2887 1326 2949 p.
1352 2864 1418 2928 463
1449 2871 1481 2927 et
1511 2863 1763 2930 Stellbaumium
1787 2866 1826 2929 ed
1851 2864 1977 2930 Platon.

786 2971 928 3057 Euthyd.
961 2970 1026 3035 285
1039 2972 1078 3035 A.
1110 2970 1227 3034 Itidem
1258 2970 1443 3051 προσπτύειν
1474 2991 1547 3034 cum
1578 2973 1760 3035 accusativo
1783 2973 1979 3037 construitur

786 3076 921 3144 Gouriv.
945 3099 970 3142 s.
995 3077 1124 3162 Lapith.
1150 3077 1203 3142 33.

832 3295 932 3379 §12:
957 3304 1079 3371 γελοῖος
1103 3294 1141 3359 δον
1164 3294 1226 3368 είην
1251 3294 1382 3371 τὸνμὲν
1406 3295 1532 3376 πατέρα
1557 3295 1703 3371 ἐκτομίαι
1729 3297 1899 3368 πεποιηκύς

787 3400 1036 3486 expungendum
1059 3401 1145 3486 quod
1167 3403 1201 3465 in
1225 3400 1286 3464 fine
1309 3401 1506 3486 adscriptum
1526 3401 1588 3465 fuit
1611 3400 1677 3465 τίν
1702 3403 1890 3481 Ούριινίν.
1916 3401 1978 3465 Sed

787 3505 827 3571 of.
852 3507 890 3570 de
914 3506 1026 3571 Sacris.
1051 3507 1070 3570 5
1095 3515 1127 3571 et
1151 3506 1188 3571 de
1212 3528 1248 3571 eo
1271 3506 1340 3571 loco
1364 3506 1499 3571 Fritsch.
1525 3506 1653 3586 Quaest.
1678 3506 1807 3571 Lucian.
1832 3528 1863 3591 p.
1889 3506 1919 3570 4.

1201 3690 1363 3774 Epistulae
1385 3690 1568 3753 Saturnales.

832 3856 932 3940 §203
965 3859 1053 3931 ἡμεῖς
1086 3858 1111 3921 δ’
1136 3856 1222 3920 αύτοί
1248 3858 1305 3931 μὲν
1330 3856 1395 3919 οὐδὲ
1418 3855 1573 3930 μόλυβδος
1598 3854 1636 3919 ἂν
1660 3855 1782 3926 είκύτως
1808 3857 1975 3932 δοκοίημεν.

789 3960 867 4025 Vide
902 3961 985 4046 apud
1021 3961 1218 4027 Boeclrhium
1253 3960 1325 4026 Oec.
1362 3959 1432 4026 civ.
1464 3959 1479 4023 Ι
1511 3981 1542 4044 p.
1575 3959 1618 4023 46
1654 3982 1751 4044 quem
1783 3960 1842 4025 vili
1873 3967 1975 4046 pretio

785 4065 957 4151 plumbum
998 4066 1077 4131 olim
1112 4066 1221 4131 venale
1255 4068 1363 4131 fuerit.
1405 4065 1475 4132 Hoc
1509 4068 1650 4150 pretium
1685 4087 1741 4151 per
1774 4066 1975 4133 saeculorum

787 4172 956 4238 decursum
981 4175 1086 4237 nescio
1109 4172 1267 4257 quomodo
1291 4171 1424 4235 mirifice
1447 4170 1627 4236 fluctuavit.

833 4390 932 4474 §21:
965 4393 1039 4455 ἀλλ’
1072 4412 1134 4455 απο
1167 4388 1321 4466 μεδίμνων
1351 4392 1502 4454 τοσούτων
1531 4390 1657 4467 χρυσίον
1680 4388 1804 4467 χοίνικα
1828 4413 1867 4467 γε
1893 4393 1975 4466 ημῶν

785 4496 947 4560 πάντων
969 4494 1218 4561 κατασκεδάσαι.
1244 4495 1397 4580 Apposite
1421 4498 1616 4581 corrigetur:
1641 4492 1809 4565 παντως.

830 4711 926 4797 §23:
948 4713 998 4776 τδν
1019 4713 1095 4777 κύνα
1116 4712 1146 4777 δὲ
1167 4718 1531 4791 παρεισπεσοῦσαν
1550 4714 1601 4777 τὸν
1622 4714 1769 4777 οὶλλῖοντα
1790 4709 1858 4777 ύλον
1878 4736 1977 4777 κοιτα-

785 4824 915 4896 φαχεῒν.
939 4818 1069 4883 Rectius
1094 4821 1155 4883 erit
1179 4819 1567 4897 παρεισπαίσασαν·
1591 4820 1794 4883 conferentur
1815 4817 1878 4883 loci
1897 4840 1977 4903 quos

786 4922 929 4988 Reitzius
949 4923 1079 5009 collegit
1095 4933 1164 4989 tum
1184 4924 1224 4990 od
1244 4925 1328 4989 hunc
1347 4923 1453 4990 locum
1475 4931 1545 4989 tum
1567 4924 1606 4990 ad
1625 4923 1725 4991 (lonv.
1739 4946 1764 4991 s.
1778 4925 1905 5009 Lapith.
1922 4924 1973 4988 12.
