<?xml version="1.0" encoding="UTF-8"?>
<!DOCTYPE html PUBLIC "-//W3C//DTD XHTML 1.0 Transitional//EN"
    "http://www.w3.org/TR/xhtml1/DTD/xhtml1-transitional.dtd">
<html xmlns="http://www.w3.org/1999/xhtml" xml:lang="en" lang="en">
 <head>
  <title>
</title>
<meta http-equiv="Content-Type" content="text/html;charset=utf-8" />
  <meta name='ocr-system' content='tesseract 3.04.00' />
  <meta name='ocr-capabilities' content='ocr_page ocr_carea ocr_par ocr_line ocrx_word'/>
</head>
<body>
  <div class='ocr_page' id='page_1' title='image "./mnemosyne04verdgoog_0312.png"; bbox 0 0 5125 6150; ppageno 0'>
   <div class='ocr_carea' id='block_1_1' title="bbox 1033 799 1874 864">
    <p class='ocr_par' dir='ltr' id='par_1_1' title="bbox 1033 799 1874 864">
     <span class='ocr_line' id='line_1_1' title="bbox 1033 799 1874 864; baseline 0.004 -3"><span class='ocrx_word' id='word_1_1' title='bbox 1033 814 1197 863; x_wconf 83' lang='lat' dir='ltr'><strong>moursrus</strong></span> <span class='ocrx_word' id='word_1_2' title='bbox 1220 815 1538 863; x_wconf 78' lang='lat' dir='ltr'><strong>nrmoanuassnssm.</strong></span> <span class='ocrx_word' id='word_1_3' title='bbox 1809 799 1874 864; x_wconf 81' lang='grc'><strong>313</strong></span> 
     </span>
    </p>
   </div>
   <div class='ocr_carea' id='block_1_2' title="bbox 682 979 1933 4998">
    <p class='ocr_par' dir='ltr' id='par_1_2' title="bbox 682 979 1933 4998">
     <span class='ocr_line' id='line_1_2' title="bbox 691 979 1933 1070; baseline 0.005 -27"><span class='ocrx_word' id='word_1_4' title='bbox 691 1001 772 1065; x_wconf 90' lang='lat' dir='ltr'><strong>qnae</strong></span> <span class='ocrx_word' id='word_1_5' title='bbox 798 986 867 1043; x_wconf 90' lang='lat' dir='ltr'><strong>tum</strong></span> <span class='ocrx_word' id='word_1_6' title='bbox 893 980 975 1065; x_wconf 90' lang='lat' dir='ltr'><strong>apud</strong></span> <span class='ocrx_word' id='word_1_7' title='bbox 999 979 1077 1045; x_wconf 89' lang='lat' dir='ltr'><strong>alios</strong></span> <span class='ocrx_word' id='word_1_8' title='bbox 1100 1003 1209 1046; x_wconf 93' lang='lat' dir='ltr'><strong>omnes</strong></span> <span class='ocrx_word' id='word_1_9' title='bbox 1233 988 1303 1046; x_wconf 90' lang='lat' dir='ltr'><strong>tum</strong></span> <span class='ocrx_word' id='word_1_10' title='bbox 1325 982 1409 1067; x_wconf 89' lang='lat' dir='ltr'><strong>apud</strong></span> <span class='ocrx_word' id='word_1_11' title='bbox 1428 981 1619 1067; x_wconf 80' lang='lat' dir='ltr'><strong>Dionysium</strong></span> <span class='ocrx_word' id='word_1_12' title='bbox 1639 983 1746 1048; x_wconf 87' lang='lat' dir='ltr'><strong>crebro</strong></span> <span class='ocrx_word' id='word_1_13' title='bbox 1764 983 1874 1070; x_wconf 79' lang='lat' dir='ltr'><strong>legun·</strong></span> <span class='ocrx_word' id='word_1_14' title='bbox 1932 988 1933 991; x_wconf 72' lang='grc'>’</span> 
     </span>
     <span class='ocr_line' id='line_1_3' title="bbox 693 1086 1872 1174; baseline 0.005 -24"><span class='ocrx_word' id='word_1_15' title='bbox 693 1092 755 1164; x_wconf 90' lang='lat' dir='ltr'><strong>tur,</strong></span> <span class='ocrx_word' id='word_1_16' title='bbox 796 1086 891 1172; x_wconf 90' lang='lat' dir='ltr'><strong>paulo</strong></span> <span class='ocrx_word' id='word_1_17' title='bbox 927 1087 1113 1174; x_wconf 82' lang='lat' dir='ltr'><strong>diligentius</strong></span> <span class='ocrx_word' id='word_1_18' title='bbox 1148 1092 1349 1154; x_wconf 88' lang='lat' dir='ltr'><strong>constituere.</strong></span> <span class='ocrx_word' id='word_1_19' title='bbox 1389 1086 1523 1152; x_wconf 81' lang='lat' dir='ltr'><strong>Initium</strong></span> <span class='ocrx_word' id='word_1_20' title='bbox 1556 1089 1639 1152; x_wconf 90' lang='lat' dir='ltr'><strong>mihi</strong></span> <span class='ocrx_word' id='word_1_21' title='bbox 1673 1111 1798 1155; x_wconf 90' lang='lat' dir='ltr'><strong>sumam</strong></span> <span class='ocrx_word' id='word_1_22' title='bbox 1834 1093 1872 1156; x_wconf 82' lang='lat' dir='ltr'><strong>ab</strong></span> 
     </span>
     <span class='ocr_line' id='line_1_4' title="bbox 693 1191 1873 1271; baseline 0.003 -14"><span class='ocrx_word' id='word_1_23' title='bbox 693 1192 877 1258; x_wconf 82' lang='lat' dir='ltr'><strong>Schneideri</strong></span> <span class='ocrx_word' id='word_1_24' title='bbox 912 1192 1110 1258; x_wconf 78' lang='lat' dir='ltr'>adnotatione</span> <span class='ocrx_word' id='word_1_25' title='bbox 1146 1193 1184 1258; x_wconf 88' lang='lat' dir='ltr'><strong>ed</strong></span> <span class='ocrx_word' id='word_1_26' title='bbox 1216 1194 1296 1259; x_wconf 86' lang='lat' dir='ltr'><strong>Xen.</strong></span> <span class='ocrx_word' id='word_1_27' title='bbox 1329 1193 1464 1258; x_wconf 82' lang='lat' dir='ltr'><strong>Memor.</strong></span> <span class='ocrx_word' id='word_1_28' title='bbox 1494 1191 1546 1257; x_wconf 85' lang='lat' dir='ltr'><strong>IV.</strong></span> <span class='ocrx_word' id='word_1_29' title='bbox 1574 1192 1678 1258; x_wconf 66' lang='grc'><strong>4182</strong></span> <span class='ocrx_word' id='word_1_30' title='bbox 1712 1195 1873 1271; x_wconf 89' lang='lat' dir='ltr'><strong>„Verbum</strong></span> 
     </span>
     <span class='ocr_line' id='line_1_5' title="bbox 695 1300 1873 1380; baseline 0.003 -18"><span class='ocrx_word' id='word_1_31' title='bbox 695 1300 926 1364; x_wconf 74' lang='grc' dir='ltr'><strong><em>ἀποδείκνυσθαι</em></strong></span> <span class='ocrx_word' id='word_1_32' title='bbox 949 1302 1095 1364; x_wconf 87' lang='lat' dir='ltr'><strong>iunctum</strong></span> <span class='ocrx_word' id='word_1_33' title='bbox 1119 1301 1273 1366; x_wconf 85' lang='lat' dir='ltr'><strong>vocabulo</strong></span> <span class='ocrx_word' id='word_1_34' title='bbox 1299 1303 1432 1377; x_wconf 92' lang='grc' dir='ltr'><strong><em>γνώμην,</em></strong></span> <span class='ocrx_word' id='word_1_35' title='bbox 1457 1302 1507 1364; x_wconf 86' lang='lat' dir='ltr'><strong>uti</strong></span> <span class='ocrx_word' id='word_1_36' title='bbox 1531 1300 1775 1380; x_wconf 74' lang='grc' dir='ltr'><strong><em>ἀποφαίνεσθαι,</em></strong></span> <span class='ocrx_word' id='word_1_37' title='bbox 1799 1301 1873 1366; x_wconf 89' lang='lat' dir='ltr'><strong>dici-</strong></span> 
     </span>
     <span class='ocr_line' id='line_1_6' title="bbox 694 1404 1872 1483; baseline 0.003 -14"><span class='ocrx_word' id='word_1_38' title='bbox 694 1411 745 1469; x_wconf 84' lang='lat' dir='ltr'><strong>tur</strong></span> <span class='ocrx_word' id='word_1_39' title='bbox 776 1408 827 1469; x_wconf 85' lang='lat' dir='ltr'><strong>uti</strong></span> <span class='ocrx_word' id='word_1_40' title='bbox 857 1404 993 1469; x_wconf 86' lang='lat' dir='ltr'><strong>latinum</strong></span> <span class='ocrx_word' id='word_1_41' title='bbox 1024 1408 1197 1470; x_wconf 78' lang='lat' dir='ltr'><strong>sententiam</strong></span> <span class='ocrx_word' id='word_1_42' title='bbox 1221 1409 1335 1483; x_wconf 81' lang='lat' dir='ltr'><em>dicere,</em></span> <span class='ocrx_word' id='word_1_43' title='bbox 1361 1407 1531 1469; x_wconf 79' lang='lat' dir='ltr'><strong>declarare:</strong></span> <span class='ocrx_word' id='word_1_44' title='bbox 1556 1406 1774 1471; x_wconf 68' lang='grc' dir='ltr'><strong>ἐπιδείκνυσθαι</strong></span> <span class='ocrx_word' id='word_1_45' title='bbox 1798 1429 1872 1473; x_wconf 84' lang='lat' dir='ltr'><strong>vero</strong></span> 
     </span>
     <span class='ocr_line' id='line_1_7' title="bbox 695 1510 1872 1597; baseline 0.003 -23"><span class='ocrx_word' id='word_1_46' title='bbox 695 1511 729 1575; x_wconf 92' lang='lat' dir='ltr'><strong>de</strong></span> <span class='ocrx_word' id='word_1_47' title='bbox 753 1511 845 1575; x_wconf 85' lang='lat' dir='ltr'><strong>factis</strong></span> <span class='ocrx_word' id='word_1_48' title='bbox 868 1510 994 1588; x_wconf 85' lang='lat' dir='ltr'><strong>dicitur,</strong></span> <span class='ocrx_word' id='word_1_49' title='bbox 1025 1513 1081 1576; x_wconf 90' lang='lat' dir='ltr'><strong>ubi</strong></span> <span class='ocrx_word' id='word_1_50' title='bbox 1104 1515 1236 1577; x_wconf 84' lang='lat' dir='ltr'><strong>virtutis</strong></span> <span class='ocrx_word' id='word_1_51' title='bbox 1260 1510 1313 1577; x_wconf 84' lang='lat' dir='ltr'><strong>vel</strong></span> <span class='ocrx_word' id='word_1_52' title='bbox 1337 1533 1462 1576; x_wconf 87' lang='lat' dir='ltr'><strong>morum</strong></span> <span class='ocrx_word' id='word_1_53' title='bbox 1486 1510 1615 1596; x_wconf 87' lang='lat' dir='ltr'><strong>aliquod</strong></span> <span class='ocrx_word' id='word_1_54' title='bbox 1639 1515 1797 1597; x_wconf 78' lang='lat' dir='ltr'><strong>specimen</strong></span> <span class='ocrx_word' id='word_1_55' title='bbox 1821 1513 1872 1579; x_wconf 85' lang='lat' dir='ltr'><strong>vel</strong></span> 
     </span>
     <span class='ocr_line' id='line_1_8' title="bbox 693 1616 1870 1702; baseline 0.002 -21"><span class='ocrx_word' id='word_1_56' title='bbox 693 1617 918 1682; x_wconf 80' lang='lat' dir='ltr'><strong>documentum</strong></span> <span class='ocrx_word' id='word_1_57' title='bbox 949 1618 1084 1682; x_wconf 84' lang='lat' dir='ltr'><strong>editur.&#39;’</strong></span> <span class='ocrx_word' id='word_1_58' title='bbox 1115 1618 1173 1682; x_wconf 78' lang='lat' dir='ltr'><strong>Est</strong></span> <span class='ocrx_word' id='word_1_59' title='bbox 1203 1620 1261 1683; x_wconf 94' lang='lat' dir='ltr'><strong>hoc</strong></span> <span class='ocrx_word' id='word_1_60' title='bbox 1293 1617 1421 1702; x_wconf 90' lang='lat' dir='ltr'><strong>quidem</strong></span> <span class='ocrx_word' id='word_1_61' title='bbox 1453 1616 1591 1702; x_wconf 91' lang='lat' dir='ltr'><strong>aliquid,</strong></span> <span class='ocrx_word' id='word_1_62' title='bbox 1623 1639 1679 1682; x_wconf 93' lang='lat' dir='ltr'><strong>nec</strong></span> <span class='ocrx_word' id='word_1_63' title='bbox 1702 1624 1807 1683; x_wconf 84' lang='lat' dir='ltr'><strong>tamen</strong></span> <span class='ocrx_word' id='word_1_64' title='bbox 1832 1621 1870 1684; x_wconf 88' lang='lat' dir='ltr'><strong>ab</strong></span> 
     </span>
     <span class='ocr_line' id='line_1_9' title="bbox 692 1722 1871 1810; baseline 0.002 -22"><span class='ocrx_word' id='word_1_65' title='bbox 692 1726 777 1788; x_wconf 91' lang='lat' dir='ltr'><strong>omni</strong></span> <span class='ocrx_word' id='word_1_66' title='bbox 800 1730 889 1808; x_wconf 89' lang='lat' dir='ltr'><strong>parte</strong></span> <span class='ocrx_word' id='word_1_67' title='bbox 911 1725 1037 1808; x_wconf 87' lang='lat' dir='ltr'><strong>probari</strong></span> <span class='ocrx_word' id='word_1_68' title='bbox 1060 1727 1165 1809; x_wconf 85' lang='lat' dir='ltr'><strong>potuit</strong></span> <span class='ocrx_word' id='word_1_69' title='bbox 1188 1722 1362 1789; x_wconf 89' lang='lat' dir='ltr'><strong>Ritschelio</strong></span> <span class='ocrx_word' id='word_1_70' title='bbox 1390 1725 1495 1806; x_wconf 82' lang='lat' dir='ltr'><strong>Opccc.</strong></span> <span class='ocrx_word' id='word_1_71' title='bbox 1520 1724 1545 1788; x_wconf 91' lang='lat' dir='ltr'><strong>I.</strong></span> <span class='ocrx_word' id='word_1_72' title='bbox 1566 1746 1596 1809; x_wconf 92' lang='lat' dir='ltr'><strong>p.</strong></span> <span class='ocrx_word' id='word_1_73' title='bbox 1619 1724 1694 1802; x_wconf 79' lang='lat'><strong>495,</strong></span> <span class='ocrx_word' id='word_1_74' title='bbox 1715 1728 1770 1810; x_wconf 92' lang='lat' dir='ltr'><strong>qui</strong></span> <span class='ocrx_word' id='word_1_75' title='bbox 1790 1727 1871 1790; x_wconf 90' lang='lat' dir='ltr'><strong>mihi</strong></span> 
     </span>
     <span class='ocr_line' id='line_1_10' title="bbox 691 1827 1870 1916; baseline 0.002 -23"><span class='ocrx_word' id='word_1_76' title='bbox 691 1827 872 1894; x_wconf 83' lang='lat' dir='ltr'><strong>Schneideri</strong></span> <span class='ocrx_word' id='word_1_77' title='bbox 889 1828 995 1893; x_wconf 92' lang='lat' dir='ltr'><strong>locum</strong></span> <span class='ocrx_word' id='word_1_78' title='bbox 1015 1829 1177 1894; x_wconf 86' lang='lat' dir='ltr'><strong>indicavit.</strong></span> <span class='ocrx_word' id='word_1_79' title='bbox 1203 1829 1263 1894; x_wconf 81' lang='lat' dir='ltr'><strong>Sed</strong></span> <span class='ocrx_word' id='word_1_80' title='bbox 1285 1851 1384 1914; x_wconf 91' lang='lat' dir='ltr'><strong>quum</strong></span> <span class='ocrx_word' id='word_1_81' title='bbox 1405 1829 1597 1895; x_wconf 83' lang='lat' dir='ltr'><strong>Bitschelius</strong></span> <span class='ocrx_word' id='word_1_82' title='bbox 1615 1851 1731 1916; x_wconf 90' lang='lat' dir='ltr'><strong>paucos</strong></span> <span class='ocrx_word' id='word_1_83' title='bbox 1743 1837 1870 1895; x_wconf 83' lang='lat' dir='ltr'><strong>tantum</strong></span> 
     </span>
     <span class='ocr_line' id='line_1_11' title="bbox 690 1933 1868 2021; baseline 0.001 -22"><span class='ocrx_word' id='word_1_84' title='bbox 690 1934 773 1999; x_wconf 89' lang='lat' dir='ltr'><strong>locos</strong></span> <span class='ocrx_word' id='word_1_85' title='bbox 814 1933 958 1999; x_wconf 90' lang='lat' dir='ltr'><strong>attulerit</strong></span> <span class='ocrx_word' id='word_1_86' title='bbox 996 1938 1125 2021; x_wconf 89' lang='lat' dir='ltr'><strong>ipseque</strong></span> <span class='ocrx_word' id='word_1_87' title='bbox 1159 1934 1241 1999; x_wconf 92' lang='lat' dir='ltr'><strong>nihil</strong></span> <span class='ocrx_word' id='word_1_88' title='bbox 1277 1938 1356 2000; x_wconf 91' lang='lat' dir='ltr'><strong>certi</strong></span> <span class='ocrx_word' id='word_1_89' title='bbox 1390 1935 1559 2000; x_wconf 82' lang='lat' dir='ltr'><strong>admodum</strong></span> <span class='ocrx_word' id='word_1_90' title='bbox 1596 1937 1868 2020; x_wconf 81' lang='lat' dir='ltr'><strong>pronunciaverit,</strong></span> 
     </span>
     <span class='ocr_line' id='line_1_12' title="bbox 690 2041 1869 2127; baseline 0.001 -22"><span class='ocrx_word' id='word_1_91' title='bbox 690 2041 837 2126; x_wconf 88' lang='lat' dir='ltr'><strong>equidem</strong></span> <span class='ocrx_word' id='word_1_92' title='bbox 873 2041 1106 2126; x_wconf 78' lang='lat' dir='ltr'><strong>complusculos</strong></span> <span class='ocrx_word' id='word_1_93' title='bbox 1140 2063 1178 2106; x_wconf 84' lang='lat' dir='ltr'><strong>ex</strong></span> <span class='ocrx_word' id='word_1_94' title='bbox 1214 2041 1368 2127; x_wconf 85' lang='lat' dir='ltr'><strong>Dionysio</strong></span> <span class='ocrx_word' id='word_1_95' title='bbox 1404 2048 1566 2126; x_wconf 82' lang='lat' dir='ltr'><strong>excerptos</strong></span> <span class='ocrx_word' id='word_1_96' title='bbox 1593 2041 1676 2107; x_wconf 89' lang='lat' dir='ltr'><strong>locos</strong></span> <span class='ocrx_word' id='word_1_97' title='bbox 1707 2042 1869 2120; x_wconf 88' lang='lat' dir='ltr'><strong>delibabo,</strong></span> 
     </span>
     <span class='ocr_line' id='line_1_13' title="bbox 689 2145 1869 2232; baseline 0.001 -21"><span class='ocrx_word' id='word_1_98' title='bbox 689 2169 762 2213; x_wconf 92' lang='lat' dir='ltr'><strong>nam</strong></span> <span class='ocrx_word' id='word_1_99' title='bbox 787 2145 880 2232; x_wconf 86' lang='lat' dir='ltr'><strong>plane</strong></span> <span class='ocrx_word' id='word_1_100' title='bbox 897 2146 1057 2211; x_wconf 90' lang='lat' dir='ltr'><strong>infinitum</strong></span> <span class='ocrx_word' id='word_1_101' title='bbox 1079 2153 1127 2211; x_wconf 88' lang='lat' dir='ltr'><strong>est</strong></span> <span class='ocrx_word' id='word_1_102' title='bbox 1145 2169 1327 2232; x_wconf 87' lang='lat' dir='ltr'><strong>percensere</strong></span> <span class='ocrx_word' id='word_1_103' title='bbox 1346 2150 1461 2211; x_wconf 92' lang='lat' dir='ltr'><strong>omnia.</strong></span> <span class='ocrx_word' id='word_1_104' title='bbox 1493 2148 1554 2210; x_wconf 90' lang='lat' dir='ltr'><strong>Res</strong></span> <span class='ocrx_word' id='word_1_105' title='bbox 1573 2147 1655 2211; x_wconf 85' lang='lat' dir='ltr'><strong>redit</strong></span> <span class='ocrx_word' id='word_1_106' title='bbox 1675 2147 1714 2211; x_wconf 93' lang='lat' dir='ltr'><strong>ad</strong></span> <span class='ocrx_word' id='word_1_107' title='bbox 1734 2147 1766 2211; x_wconf 93' lang='lat' dir='ltr'><strong>id</strong></span> <span class='ocrx_word' id='word_1_108' title='bbox 1786 2147 1869 2232; x_wconf 92' lang='lat' dir='ltr'><strong>quod</strong></span> 
     </span>
     <span class='ocr_line' id='line_1_14' title="bbox 689 2252 1868 2332; baseline -0.001 -14"><span class='ocrx_word' id='word_1_109' title='bbox 689 2255 802 2319; x_wconf 85' lang='lat' dir='ltr'><strong>dicam.</strong></span> <span class='ocrx_word' id='word_1_110' title='bbox 835 2252 896 2332; x_wconf 83' lang='lat' dir='ltr'><strong>Qui</strong></span> <span class='ocrx_word' id='word_1_111' title='bbox 921 2253 1042 2328; x_wconf 89' lang='grc' dir='ltr'><strong><em>γνώμην</em></strong></span> <span class='ocrx_word' id='word_1_112' title='bbox 1066 2253 1281 2317; x_wconf 71' lang='grc' dir='ltr'><strong>ἀποδείκνυται</strong></span> <span class='ocrx_word' id='word_1_113' title='bbox 1305 2255 1495 2317; x_wconf 87' lang='lat' dir='ltr'><strong>sententiam</strong></span> <span class='ocrx_word' id='word_1_114' title='bbox 1519 2253 1596 2317; x_wconf 91' lang='lat' dir='ltr'><strong>dicit</strong></span> <span class='ocrx_word' id='word_1_115' title='bbox 1618 2253 1670 2317; x_wconf 85' lang='lat' dir='ltr'><strong>vel</strong></span> <span class='ocrx_word' id='word_1_116' title='bbox 1693 2255 1726 2316; x_wconf 93' lang='lat' dir='ltr'><strong>in</strong></span> <span class='ocrx_word' id='word_1_117' title='bbox 1750 2253 1868 2318; x_wconf 80' lang='lat' dir='ltr'><strong>Senatu</strong></span> 
     </span>
     <span class='ocr_line' id='line_1_15' title="bbox 689 2358 1867 2439; baseline -0.003 -14"><span class='ocrx_word' id='word_1_118' title='bbox 689 2360 739 2425; x_wconf 85' lang='lat' dir='ltr'><strong>vel</strong></span> <span class='ocrx_word' id='word_1_119' title='bbox 772 2359 860 2424; x_wconf 89' lang='lat' dir='ltr'><strong>alibi.</strong></span> <span class='ocrx_word' id='word_1_120' title='bbox 895 2359 956 2439; x_wconf 83' lang='lat' dir='ltr'><strong>Qui</strong></span> <span class='ocrx_word' id='word_1_121' title='bbox 988 2360 1082 2424; x_wconf 87' lang='lat' dir='ltr'><strong>fortia</strong></span> <span class='ocrx_word' id='word_1_122' title='bbox 1112 2360 1194 2423; x_wconf 86' lang='lat' dir='ltr'><strong>iacta</strong></span> <span class='ocrx_word' id='word_1_123' title='bbox 1225 2358 1291 2424; x_wconf 87' lang='lat' dir='ltr'><strong>edit</strong></span> <span class='ocrx_word' id='word_1_124' title='bbox 1322 2358 1447 2436; x_wconf 83' lang='grc' dir='ltr'><strong><em>πράξεις</em></strong></span> <span class='ocrx_word' id='word_1_125' title='bbox 1477 2358 1625 2437; x_wconf 74' lang='grc' dir='ltr'><strong><em>καμπράς</em></strong></span> <span class='ocrx_word' id='word_1_126' title='bbox 1651 2358 1867 2424; x_wconf 68' lang='grc' dir='ltr'><strong>ἀποδείκνυται</strong></span> 
     </span>
     <span class='ocr_line' id='line_1_16' title="bbox 689 2465 1868 2543; baseline 0 -13"><span class='ocrx_word' id='word_1_127' title='bbox 689 2465 739 2532; x_wconf 79' lang='lat' dir='ltr'><strong>rel</strong></span> <span class='ocrx_word' id='word_1_128' title='bbox 770 2474 908 2542; x_wconf 82' lang='grc' dir='ltr'><strong><em>γενναῖον</em></strong></span> <span class='ocrx_word' id='word_1_129' title='bbox 939 2466 1025 2543; x_wconf 86' lang='grc' dir='ltr'><strong><em>ἔργον</em></strong></span> <span class='ocrx_word' id='word_1_130' title='bbox 1048 2466 1272 2530; x_wconf 70' lang='grc' dir='ltr'><strong><em>ἀποδείκνυται.</em></strong></span> <span class='ocrx_word' id='word_1_131' title='bbox 1298 2466 1422 2530; x_wconf 84' lang='lat' dir='ltr'><strong>Poterit</strong></span> <span class='ocrx_word' id='word_1_132' title='bbox 1445 2466 1496 2530; x_wconf 86' lang='lat' dir='ltr'><strong>hic</strong></span> <span class='ocrx_word' id='word_1_133' title='bbox 1519 2468 1650 2530; x_wconf 84' lang='lat' dir='ltr'><strong>virtutis</strong></span> <span class='ocrx_word' id='word_1_134' title='bbox 1673 2486 1748 2531; x_wconf 83' lang='lat' dir='ltr'><strong>suae</strong></span> <span class='ocrx_word' id='word_1_135' title='bbox 1772 2473 1868 2530; x_wconf 85' lang='lat' dir='ltr'><strong>testes</strong></span> 
     </span>
     <span class='ocr_line' id='line_1_17' title="bbox 687 2570 1868 2657; baseline -0.003 -18"><span class='ocrx_word' id='word_1_136' title='bbox 687 2574 819 2650; x_wconf 88' lang='lat' dir='ltr'><strong>habere,</strong></span> <span class='ocrx_word' id='word_1_137' title='bbox 851 2572 905 2636; x_wconf 89' lang='lat' dir='ltr'><strong>sed</strong></span> <span class='ocrx_word' id='word_1_138' title='bbox 936 2575 1062 2636; x_wconf 87' lang='lat' dir='ltr'><strong>etiamsi</strong></span> <span class='ocrx_word' id='word_1_139' title='bbox 1092 2572 1177 2636; x_wconf 90' lang='lat' dir='ltr'><strong>solus</strong></span> <span class='ocrx_word' id='word_1_140' title='bbox 1201 2583 1282 2636; x_wconf 83' lang='lat' dir='ltr'><strong>esset</strong></span> <span class='ocrx_word' id='word_1_141' title='bbox 1305 2570 1434 2636; x_wconf 86' lang='lat' dir='ltr'><strong>relictus</strong></span> <span class='ocrx_word' id='word_1_142' title='bbox 1458 2570 1509 2635; x_wconf 85' lang='lat' dir='ltr'><strong>vel</strong></span> <span class='ocrx_word' id='word_1_143' title='bbox 1533 2593 1600 2635; x_wconf 89' lang='lat' dir='ltr'><strong>rem</strong></span> <span class='ocrx_word' id='word_1_144' title='bbox 1622 2576 1654 2635; x_wconf 89' lang='lat' dir='ltr'><strong>in</strong></span> <span class='ocrx_word' id='word_1_145' title='bbox 1679 2573 1792 2636; x_wconf 87' lang='lat' dir='ltr'><strong>umbra</strong></span> <span class='ocrx_word' id='word_1_146' title='bbox 1815 2593 1868 2657; x_wconf 83' lang='lat' dir='ltr'><strong>ge·</strong></span> 
     </span>
     <span class='ocr_line' id='line_1_18' title="bbox 685 2677 1865 2763; baseline -0.002 -19"><span class='ocrx_word' id='word_1_147' title='bbox 685 2686 787 2756; x_wconf 84' lang='lat' dir='ltr'><strong>reret,</strong></span> <span class='ocrx_word' id='word_1_148' title='bbox 822 2685 928 2743; x_wconf 86' lang='lat' dir='ltr'><strong>tamen</strong></span> <span class='ocrx_word' id='word_1_149' title='bbox 953 2680 1065 2763; x_wconf 89' lang='lat' dir='ltr'><strong>capitis</strong></span> <span class='ocrx_word' id='word_1_150' title='bbox 1089 2677 1266 2762; x_wconf 88' lang='lat' dir='ltr'><strong>periculum</strong></span> <span class='ocrx_word' id='word_1_151' title='bbox 1290 2700 1350 2742; x_wconf 90' lang='lat' dir='ltr'><strong>non</strong></span> <span class='ocrx_word' id='word_1_152' title='bbox 1375 2678 1578 2754; x_wconf 88' lang='lat' dir='ltr'><strong>detrectaret;</strong></span> <span class='ocrx_word' id='word_1_153' title='bbox 1604 2677 1758 2762; x_wconf 91' lang='lat' dir='ltr'><strong>quidquid</strong></span> <span class='ocrx_word' id='word_1_154' title='bbox 1782 2683 1865 2742; x_wconf 91' lang='lat' dir='ltr'><strong>enim</strong></span> 
     </span>
     <span class='ocr_line' id='line_1_19' title="bbox 686 2781 1866 2868; baseline -0.003 -17"><span class='ocrx_word' id='word_1_155' title='bbox 686 2788 779 2862; x_wconf 86' lang='lat' dir='ltr'><strong>facit,</strong></span> <span class='ocrx_word' id='word_1_156' title='bbox 812 2785 846 2849; x_wconf 90' lang='lat' dir='ltr'><strong>id</strong></span> <span class='ocrx_word' id='word_1_157' title='bbox 878 2786 953 2849; x_wconf 86' lang='lat' dir='ltr'><strong>facit</strong></span> <span class='ocrx_word' id='word_1_158' title='bbox 983 2787 1116 2849; x_wconf 89' lang='lat' dir='ltr'><strong>minime</strong></span> <span class='ocrx_word' id='word_1_159' title='bbox 1145 2782 1410 2862; x_wconf 74' lang='grc' dir='ltr'><strong><em>ἀλαζονευόμενος.</em></strong></span> <span class='ocrx_word' id='word_1_160' title='bbox 1443 2781 1560 2849; x_wconf 86' lang='lat' dir='ltr'><strong>Oontra</strong></span> <span class='ocrx_word' id='word_1_161' title='bbox 1584 2787 1637 2868; x_wconf 90' lang='lat' dir='ltr'><strong>qui</strong></span> <span class='ocrx_word' id='word_1_162' title='bbox 1661 2782 1782 2868; x_wconf 91' lang='lat' dir='ltr'><strong>aliquid</strong></span> <span class='ocrx_word' id='word_1_163' title='bbox 1806 2786 1866 2847; x_wconf 89' lang='grc' dir='ltr'><strong><em>ε’πι-</em></strong></span> 
     </span>
     <span class='ocr_line' id='line_1_20' title="bbox 686 2888 1865 2978; baseline -0.002 -21"><span class='ocrx_word' id='word_1_164' title='bbox 686 2893 839 2957; x_wconf 86' lang='grc' dir='ltr'><strong><em>δείκνυται</em></strong></span> <span class='ocrx_word' id='word_1_165' title='bbox 871 2893 948 2955; x_wconf 86' lang='lat' dir='ltr'><strong>artis</strong></span> <span class='ocrx_word' id='word_1_166' title='bbox 972 2911 1047 2955; x_wconf 90' lang='lat' dir='ltr'><strong>snae</strong></span> <span class='ocrx_word' id='word_1_167' title='bbox 1071 2893 1229 2974; x_wconf 91' lang='lat' dir='ltr'><strong>specimen</strong></span> <span class='ocrx_word' id='word_1_168' title='bbox 1254 2911 1359 2954; x_wconf 90' lang='lat' dir='ltr'><strong>coram</strong></span> <span class='ocrx_word' id='word_1_169' title='bbox 1383 2888 1499 2974; x_wconf 93' lang='lat' dir='ltr'><strong>populo</strong></span> <span class='ocrx_word' id='word_1_170' title='bbox 1524 2889 1652 2953; x_wconf 82' lang='lat' dir='ltr'><strong>exhibet</strong></span> <span class='ocrx_word' id='word_1_171' title='bbox 1675 2898 1711 2953; x_wconf 89' lang='lat' dir='ltr'><strong>ut</strong></span> <span class='ocrx_word' id='word_1_172' title='bbox 1734 2889 1865 2978; x_wconf 81' lang='lat' dir='ltr'><strong>placeat.</strong></span> 
     </span>
     <span class='ocr_line' id='line_1_21' title="bbox 686 2995 1865 3083; baseline -0.003 -21"><span class='ocrx_word' id='word_1_173' title='bbox 686 2998 803 3062; x_wconf 92' lang='lat' dir='ltr'><strong>Omnes</strong></span> <span class='ocrx_word' id='word_1_174' title='bbox 826 2995 957 3083; x_wconf 84' lang='lat' dir='ltr'><strong>gloriosi</strong></span> <span class='ocrx_word' id='word_1_175' title='bbox 980 2995 1099 3080; x_wconf 87' lang='lat' dir='ltr'><strong>aliquid</strong></span> <span class='ocrx_word' id='word_1_176' title='bbox 1122 2999 1256 3081; x_wconf 91' lang='lat' dir='ltr'><strong>cupiunt</strong></span> <span class='ocrx_word' id='word_1_177' title='bbox 1279 2996 1508 3059; x_wconf 74' lang='grc' dir='ltr'><strong><em>ἐπιδείκνυσθαι.</em></strong></span> <span class='ocrx_word' id='word_1_178' title='bbox 1536 2995 1620 3058; x_wconf 89' lang='lat' dir='ltr'><strong>Hinc</strong></span> <span class='ocrx_word' id='word_1_179' title='bbox 1643 3001 1680 3059; x_wconf 91' lang='lat' dir='ltr'><strong>ut</strong></span> <span class='ocrx_word' id='word_1_180' title='bbox 1702 2995 1761 3060; x_wconf 88' lang='lat' dir='ltr'><strong>hoc</strong></span> <span class='ocrx_word' id='word_1_181' title='bbox 1783 3004 1865 3073; x_wconf 84' lang='lat' dir='ltr'><strong>utar,</strong></span> 
     </span>
     <span class='ocr_line' id='line_1_22' title="bbox 684 3103 1865 3181; baseline -0.002 -11"><span class='ocrx_word' id='word_1_182' title='bbox 684 3106 907 3170; x_wconf 87' lang='lat' dir='ltr'><strong>mathematici</strong></span> <span class='ocrx_word' id='word_1_183' title='bbox 938 3104 1107 3181; x_wconf 79' lang='grc' dir='ltr'><strong><em>ἀποδείξεις</em></strong></span> <span class='ocrx_word' id='word_1_184' title='bbox 1142 3107 1296 3167; x_wconf 83' lang='grc' dir='ltr'><strong><em>ποιοῦνται</em></strong></span> <span class='ocrx_word' id='word_1_185' title='bbox 1329 3109 1361 3167; x_wconf 88' lang='lat' dir='ltr'><strong>et</strong></span> <span class='ocrx_word' id='word_1_186' title='bbox 1391 3105 1599 3179; x_wconf 80' lang='grc' dir='ltr'><strong><em>ἀοικοικιίιοιιί,</em></strong></span> <span class='ocrx_word' id='word_1_187' title='bbox 1625 3103 1764 3167; x_wconf 88' lang='lat' dir='ltr'><strong>rhetores</strong></span> <span class='ocrx_word' id='word_1_188' title='bbox 1788 3103 1865 3168; x_wconf 88' lang='lat' dir='ltr'><strong>dum</strong></span> 
     </span>
     <span class='ocr_line' id='line_1_23' title="bbox 684 3208 1866 3289; baseline -0.001 -13"><span class='ocrx_word' id='word_1_189' title='bbox 684 3211 892 3278; x_wconf 82' lang='lat' dir='ltr'><strong>declamitant</strong></span> <span class='ocrx_word' id='word_1_190' title='bbox 912 3209 1069 3285; x_wconf 77' lang='grc' dir='ltr'><strong><em>ἐπιδείξεις</em></strong></span> <span class='ocrx_word' id='word_1_191' title='bbox 1090 3213 1254 3273; x_wconf 81' lang='grc' dir='ltr'><strong><em>ποιοῦνται.</em></strong></span> <span class='ocrx_word' id='word_1_192' title='bbox 1275 3209 1337 3289; x_wconf 82' lang='lat' dir='ltr'><strong>Qui</strong></span> <span class='ocrx_word' id='word_1_193' title='bbox 1358 3209 1577 3288; x_wconf 85' lang='grc' dir='ltr'><strong><em>ἐπιδείκνυται,</em></strong></span> <span class='ocrx_word' id='word_1_194' title='bbox 1594 3208 1681 3274; x_wconf 87' lang='lat' dir='ltr'><strong>idem</strong></span> <span class='ocrx_word' id='word_1_195' title='bbox 1693 3214 1866 3275; x_wconf 84' lang='lat' dir='ltr'><strong>necessario</strong></span> 
     </span>
     <span class='ocr_line' id='line_1_24' title="bbox 684 3316 1866 3395; baseline -0.002 -12"><span class='ocrx_word' id='word_1_196' title='bbox 684 3322 782 3384; x_wconf 87' lang='lat' dir='ltr'><strong>etiam</strong></span> <span class='ocrx_word' id='word_1_197' title='bbox 814 3317 1050 3394; x_wconf 79' lang='grc' dir='ltr'><strong><em>ἀποδείκνυται,</em></strong></span> <span class='ocrx_word' id='word_1_198' title='bbox 1081 3338 1142 3380; x_wconf 92' lang='lat' dir='ltr'><strong>non</strong></span> <span class='ocrx_word' id='word_1_199' title='bbox 1166 3322 1290 3395; x_wconf 89' lang='lat' dir='ltr'><strong>contra;</strong></span> <span class='ocrx_word' id='word_1_200' title='bbox 1315 3316 1398 3381; x_wconf 92' lang='lat' dir='ltr'><strong>unde</strong></span> <span class='ocrx_word' id='word_1_201' title='bbox 1422 3318 1555 3381; x_wconf 89' lang='lat' dir='ltr'><strong>minime</strong></span> <span class='ocrx_word' id='word_1_202' title='bbox 1578 3318 1696 3380; x_wconf 86' lang='lat' dir='ltr'><strong>mirum</strong></span> <span class='ocrx_word' id='word_1_203' title='bbox 1721 3323 1769 3381; x_wconf 88' lang='lat' dir='ltr'><strong>est</strong></span> <span class='ocrx_word' id='word_1_204' title='bbox 1791 3319 1866 3381; x_wconf 89' lang='grc' dir='ltr'><strong><em>ἀπο-</em></strong></span> 
     </span>
     <span class='ocr_line' id='line_1_25' title="bbox 685 3422 1866 3509; baseline 0.001 -21"><span class='ocrx_word' id='word_1_205' title='bbox 685 3424 856 3489; x_wconf 76' lang='grc' dir='ltr'><strong><em>δείκνυσθαι</em></strong></span> <span class='ocrx_word' id='word_1_206' title='bbox 897 3422 992 3509; x_wconf 84' lang='lat' dir='ltr'><strong>longe</strong></span> <span class='ocrx_word' id='word_1_207' title='bbox 1034 3424 1231 3507; x_wconf 85' lang='lat' dir='ltr'><strong>frequentius</strong></span> <span class='ocrx_word' id='word_1_208' title='bbox 1272 3422 1339 3509; x_wconf 77' lang='lat' dir='ltr'><strong>legi</strong></span> <span class='ocrx_word' id='word_1_209' title='bbox 1383 3444 1478 3507; x_wconf 93' lang='lat' dir='ltr'><strong>quam</strong></span> <span class='ocrx_word' id='word_1_210' title='bbox 1513 3422 1744 3487; x_wconf 78' lang='grc' dir='ltr'><strong><em>ἐπιδείκνυσθαι.</em></strong></span> <span class='ocrx_word' id='word_1_211' title='bbox 1779 3422 1866 3488; x_wconf 88' lang='lat' dir='ltr'><strong>Dabo</strong></span> 
     </span>
     <span class='ocr_line' id='line_1_26' title="bbox 685 3527 1864 3615; baseline -0.002 -19"><span class='ocrx_word' id='word_1_212' title='bbox 685 3529 844 3615; x_wconf 82' lang='lat' dir='ltr'><strong>exempla.</strong></span> <span class='ocrx_word' id='word_1_213' title='bbox 877 3528 945 3594; x_wconf 92' lang='lat' dir='ltr'><strong>Iam</strong></span> <span class='ocrx_word' id='word_1_214' title='bbox 973 3532 1083 3593; x_wconf 88' lang='lat' dir='ltr'><strong>statim</strong></span> <span class='ocrx_word' id='word_1_215' title='bbox 1106 3532 1231 3605; x_wconf 89' lang='grc' dir='ltr'><strong><em>γνώμην</em></strong></span> <span class='ocrx_word' id='word_1_216' title='bbox 1254 3527 1474 3604; x_wconf 84' lang='grc' dir='ltr'><strong><em>ἀποδείξασίαι</em></strong></span> <span class='ocrx_word' id='word_1_217' title='bbox 1497 3531 1682 3614; x_wconf 88' lang='lat' dir='ltr'><strong>saepissime</strong></span> <span class='ocrx_word' id='word_1_218' title='bbox 1705 3531 1864 3607; x_wconf 85' lang='lat' dir='ltr'><strong>invenies,</strong></span> 
     </span>
     <span class='ocr_line' id='line_1_27' title="bbox 683 3634 1864 3721; baseline -0.001 -19"><span class='ocrx_word' id='word_1_219' title='bbox 683 3637 787 3703; x_wconf 86' lang='lat' dir='ltr'><strong>veluti</strong></span> <span class='ocrx_word' id='word_1_220' title='bbox 812 3637 839 3699; x_wconf 79' lang='lat' dir='ltr'><strong>V</strong></span> <span class='ocrx_word' id='word_1_221' title='bbox 863 3635 904 3701; x_wconf 91' lang='grc'><strong>57</strong></span> <span class='ocrx_word' id='word_1_222' title='bbox 929 3658 959 3721; x_wconf 93' lang='lat' dir='ltr'><strong>p.</strong></span> <span class='ocrx_word' id='word_1_223' title='bbox 985 3634 1067 3712; x_wconf 81' lang='lat'><strong>983;</strong></span> <span class='ocrx_word' id='word_1_224' title='bbox 1094 3634 1167 3700; x_wconf 87' lang='lat' dir='ltr'><strong>Vlll</strong></span> <span class='ocrx_word' id='word_1_225' title='bbox 1191 3636 1210 3699; x_wconf 80' lang='lat'>5</span> <span class='ocrx_word' id='word_1_226' title='bbox 1235 3658 1265 3721; x_wconf 88' lang='lat' dir='ltr'><strong>p.</strong></span> <span class='ocrx_word' id='word_1_227' title='bbox 1293 3635 1395 3711; x_wconf 89' lang='lat' dir='ltr'><strong>l5l3;</strong></span> <span class='ocrx_word' id='word_1_228' title='bbox 1420 3636 1494 3700; x_wconf 89' lang='lat' dir='ltr'><strong>Vlll</strong></span> <span class='ocrx_word' id='word_1_229' title='bbox 1520 3635 1562 3701; x_wconf 82' lang='lat'><strong>74</strong></span> <span class='ocrx_word' id='word_1_230' title='bbox 1585 3657 1615 3720; x_wconf 95' lang='lat' dir='ltr'><strong>p.</strong></span> <span class='ocrx_word' id='word_1_231' title='bbox 1643 3634 1745 3715; x_wconf 67' lang='lat'><strong>168&amp;</strong></span> <span class='ocrx_word' id='word_1_232' title='bbox 1771 3636 1864 3701; x_wconf 88' lang='grc' dir='ltr'><strong>Χ43</strong></span> 
     </span>
     <span class='ocr_line' id='line_1_28' title="bbox 683 3740 1864 3829; baseline 0 -22"><span class='ocrx_word' id='word_1_233' title='bbox 683 3767 716 3829; x_wconf 93' lang='lat' dir='ltr'><strong>p.</strong></span> <span class='ocrx_word' id='word_1_234' title='bbox 742 3742 831 3807; x_wconf 82' lang='lat'>2104</span> <span class='ocrx_word' id='word_1_235' title='bbox 863 3749 895 3807; x_wconf 86' lang='lat' dir='ltr'><strong>ot</strong></span> <span class='ocrx_word' id='word_1_236' title='bbox 926 3741 974 3805; x_wconf 83' lang='lat' dir='ltr'><strong>XI</strong></span> <span class='ocrx_word' id='word_1_237' title='bbox 1008 3740 1047 3804; x_wconf 79' lang='lat'><strong>15</strong></span> <span class='ocrx_word' id='word_1_238' title='bbox 1080 3763 1109 3825; x_wconf 97' lang='lat' dir='ltr'><strong>p.</strong></span> <span class='ocrx_word' id='word_1_239' title='bbox 1135 3740 1240 3805; x_wconf 82' lang='lat'>2191:</span> <span class='ocrx_word' id='word_1_240' title='bbox 1265 3763 1328 3805; x_wconf 92' lang='lat' dir='ltr'><strong>non</strong></span> <span class='ocrx_word' id='word_1_241' title='bbox 1352 3762 1430 3827; x_wconf 90' lang='lat' dir='ltr'><strong>opus</strong></span> <span class='ocrx_word' id='word_1_242' title='bbox 1453 3747 1500 3806; x_wconf 92' lang='lat' dir='ltr'><strong>est</strong></span> <span class='ocrx_word' id='word_1_243' title='bbox 1522 3744 1706 3819; x_wconf 87' lang='lat' dir='ltr'><strong>immorari,</strong></span> <span class='ocrx_word' id='word_1_244' title='bbox 1729 3763 1804 3807; x_wconf 88' lang='lat' dir='ltr'><strong>nam</strong></span> <span class='ocrx_word' id='word_1_245' title='bbox 1827 3742 1864 3807; x_wconf 89' lang='lat' dir='ltr'><strong>de</strong></span> 
     </span>
     <span class='ocr_line' id='line_1_29' title="bbox 683 3845 1865 3933; baseline -0.002 -18"><span class='ocrx_word' id='word_1_246' title='bbox 683 3872 721 3915; x_wconf 90' lang='lat' dir='ltr'><strong>ea</strong></span> <span class='ocrx_word' id='word_1_247' title='bbox 744 3849 905 3914; x_wconf 87' lang='lat' dir='ltr'><strong>locutione</strong></span> <span class='ocrx_word' id='word_1_248' title='bbox 929 3845 1017 3911; x_wconf 89' lang='lat' dir='ltr'><strong>nulla</strong></span> <span class='ocrx_word' id='word_1_249' title='bbox 1040 3867 1193 3931; x_wconf 85' lang='lat' dir='ltr'><strong>umquam</strong></span> <span class='ocrx_word' id='word_1_250' title='bbox 1218 3846 1375 3911; x_wconf 89' lang='lat' dir='ltr'><strong>dubitatio</strong></span> <span class='ocrx_word' id='word_1_251' title='bbox 1399 3848 1469 3911; x_wconf 86' lang='lat' dir='ltr'><strong>fuit.</strong></span> <span class='ocrx_word' id='word_1_252' title='bbox 1501 3845 1562 3912; x_wconf 80' lang='lat' dir='ltr'><strong>Sed</strong></span> <span class='ocrx_word' id='word_1_253' title='bbox 1586 3848 1601 3911; x_wconf 93' lang='lat' dir='ltr'>I</span> <span class='ocrx_word' id='word_1_254' title='bbox 1625 3847 1644 3910; x_wconf 83' lang='lat'>5</span> <span class='ocrx_word' id='word_1_255' title='bbox 1669 3870 1699 3933; x_wconf 94' lang='lat' dir='ltr'><strong>p.</strong></span> <span class='ocrx_word' id='word_1_256' title='bbox 1727 3848 1767 3911; x_wconf 83' lang='lat'><strong>15</strong></span> <span class='ocrx_word' id='word_1_257' title='bbox 1792 3848 1865 3913; x_wconf 93' lang='lat' dir='ltr'><strong>Dio-</strong></span> 
     </span>
     <span class='ocr_line' id='line_1_30' title="bbox 682 3949 1864 4042; baseline -0.002 -22"><span class='ocrx_word' id='word_1_258' title='bbox 682 3958 799 4042; x_wconf 85' lang='lat' dir='ltr'><strong>nysius</strong></span> <span class='ocrx_word' id='word_1_259' title='bbox 823 3954 965 4018; x_wconf 86' lang='lat' dir='ltr'><strong>dicturus</strong></span> <span class='ocrx_word' id='word_1_260' title='bbox 987 3959 1034 4017; x_wconf 89' lang='lat' dir='ltr'><strong>est</strong></span> <span class='ocrx_word' id='word_1_261' title='bbox 1059 3953 1123 4031; x_wconf 83' lang='grc' dir='ltr'><strong><em>περί</em></strong></span> <span class='ocrx_word' id='word_1_262' title='bbox 1147 3960 1205 4017; x_wconf 84' lang='grc' dir='ltr'><strong>τών</strong></span> <span class='ocrx_word' id='word_1_263' title='bbox 1228 3952 1365 4030; x_wconf 84' lang='grc' dir='ltr'><strong><em>προίξειου</em></strong></span> <span class='ocrx_word' id='word_1_264' title='bbox 1388 3949 1425 4024; x_wconf 81' lang='grc' dir='ltr'><strong><em>ἀς</em></strong></span> <span class='ocrx_word' id='word_1_265' title='bbox 1451 3952 1535 4025; x_wconf 72' lang='grc' dir='ltr'><strong><em>εὐθὺς</em></strong></span> <span class='ocrx_word' id='word_1_266' title='bbox 1555 3954 1639 4027; x_wconf 87' lang='grc' dir='ltr'><strong><em>μετίι</em></strong></span> <span class='ocrx_word' id='word_1_267' title='bbox 1659 3953 1709 4016; x_wconf 81' lang='grc' dir='ltr'><strong>τὸν</strong></span> <span class='ocrx_word' id='word_1_268' title='bbox 1730 3954 1864 4027; x_wconf 77' lang='grc' dir='ltr'><strong><em>οἰκισμὸν</em></strong></span> 
     </span>
     <span class='ocr_line' id='line_1_31' title="bbox 683 4058 1864 4144; baseline -0.001 -19"><span class='ocrx_word' id='word_1_269' title='bbox 683 4058 887 4136; x_wconf 80' lang='grc' dir='ltr'><strong><em>ἀπεδείξαντο</em></strong></span> <span class='ocrx_word' id='word_1_270' title='bbox 919 4062 944 4123; x_wconf 89' lang='lat' dir='ltr'><strong>ii</strong></span> <span class='ocrx_word' id='word_1_271' title='bbox 975 4062 1031 4144; x_wconf 90' lang='lat' dir='ltr'><strong>qui</strong></span> <span class='ocrx_word' id='word_1_272' title='bbox 1061 4059 1196 4123; x_wconf 89' lang='lat' dir='ltr'><strong>Romam</strong></span> <span class='ocrx_word' id='word_1_273' title='bbox 1222 4059 1438 4124; x_wconf 88' lang='lat' dir='ltr'><strong>condiderunt.</strong></span> <span class='ocrx_word' id='word_1_274' title='bbox 1463 4059 1612 4124; x_wconf 87' lang='lat' dir='ltr'><strong>Narrabit</strong></span> <span class='ocrx_word' id='word_1_275' title='bbox 1633 4058 1676 4122; x_wconf 90' lang='lat' dir='ltr'><strong>IV</strong></span> <span class='ocrx_word' id='word_1_276' title='bbox 1702 4058 1718 4122; x_wconf 94' lang='grc'><strong>1</strong></span> <span class='ocrx_word' id='word_1_277' title='bbox 1744 4081 1774 4143; x_wconf 87' lang='lat' dir='ltr'><strong>p.</strong></span> <span class='ocrx_word' id='word_1_278' title='bbox 1799 4059 1864 4124; x_wconf 83' lang='lat'><strong>634</strong></span> 
     </span>
     <span class='ocr_line' id='line_1_32' title="bbox 682 4164 1865 4246; baseline 0 -15"><span class='ocrx_word' id='word_1_279' title='bbox 682 4169 771 4239; x_wconf 83' lang='grc' dir='ltr'><strong><em>τίνας</em></strong></span> <span class='ocrx_word' id='word_1_280' title='bbox 791 4168 974 4244; x_wconf 80' lang='grc' dir='ltr'><strong><em>ἀπεδείξατο</em></strong></span> <span class='ocrx_word' id='word_1_281' title='bbox 995 4164 1119 4246; x_wconf 78' lang='grc' dir='ltr'><strong><em>προέξεις</em></strong></span> <span class='ocrx_word' id='word_1_282' title='bbox 1144 4166 1274 4231; x_wconf 79' lang='lat' dir='ltr'><strong>Servius</strong></span> <span class='ocrx_word' id='word_1_283' title='bbox 1296 4164 1422 4230; x_wconf 77' lang='lat' dir='ltr'><strong>&#39;Pullius</strong></span> <span class='ocrx_word' id='word_1_284' title='bbox 1443 4166 1560 4237; x_wconf 79' lang='grc' dir='ltr'><strong><em>ίδιώτης</em></strong></span> <span class='ocrx_word' id='word_1_285' title='bbox 1580 4166 1618 4229; x_wconf 88' lang='grc' dir='ltr'><strong>ών</strong></span> <span class='ocrx_word' id='word_1_286' title='bbox 1634 4164 1688 4230; x_wconf 83' lang='grc' dir='ltr'><strong><em>ίτι.</em></strong></span> <span class='ocrx_word' id='word_1_287' title='bbox 1710 4165 1865 4231; x_wconf 89' lang='lat' dir='ltr'><strong>Omnibus</strong></span> 
     </span>
     <span class='ocr_line' id='line_1_33' title="bbox 683 4271 1862 4359; baseline -0.004 -21"><span class='ocrx_word' id='word_1_288' title='bbox 683 4277 813 4359; x_wconf 75' lang='lat' dir='ltr'><strong>magnis</strong></span> <span class='ocrx_word' id='word_1_289' title='bbox 844 4276 939 4351; x_wconf 85' lang='lat' dir='ltr'><strong>viris,</strong></span> <span class='ocrx_word' id='word_1_290' title='bbox 970 4273 996 4337; x_wconf 90' lang='lat' dir='ltr'>V</span> <span class='ocrx_word' id='word_1_291' title='bbox 1022 4272 1062 4339; x_wconf 84' lang='lat'><strong>17</strong></span> <span class='ocrx_word' id='word_1_292' title='bbox 1094 4295 1124 4357; x_wconf 94' lang='lat' dir='ltr'><strong>p.</strong></span> <span class='ocrx_word' id='word_1_293' title='bbox 1149 4271 1226 4350; x_wconf 84' lang='lat'>887,</span> <span class='ocrx_word' id='word_1_294' title='bbox 1257 4274 1310 4336; x_wconf 86' lang='grc' dir='ltr'><strong><em>εὀὶν</em></strong></span> <span class='ocrx_word' id='word_1_295' title='bbox 1343 4272 1467 4350; x_wconf 83' lang='grc' dir='ltr'><strong><em>πράξειι</em></strong></span> <span class='ocrx_word' id='word_1_296' title='bbox 1499 4271 1717 4349; x_wconf 82' lang='grc' dir='ltr'><strong><em>ἀποδείξωνται</em></strong></span> <span class='ocrx_word' id='word_1_297' title='bbox 1743 4276 1862 4351; x_wconf 79' lang='grc' dir='ltr'><strong><em>καλάο,</em></strong></span> 
     </span>
     <span class='ocr_line' id='line_1_34' title="bbox 684 4376 1865 4465; baseline -0.004 -19"><span class='ocrx_word' id='word_1_298' title='bbox 684 4382 822 4446; x_wconf 88' lang='lat' dir='ltr'><strong>Romani</strong></span> <span class='ocrx_word' id='word_1_299' title='bbox 852 4380 912 4444; x_wconf 90' lang='lat' dir='ltr'><strong>hoc</strong></span> <span class='ocrx_word' id='word_1_300' title='bbox 947 4384 1164 4445; x_wconf 88' lang='lat' dir='ltr'><strong>concesserunt</strong></span> <span class='ocrx_word' id='word_1_301' title='bbox 1187 4385 1224 4442; x_wconf 89' lang='lat' dir='ltr'><strong>ut</strong></span> <span class='ocrx_word' id='word_1_302' title='bbox 1247 4402 1303 4465; x_wconf 93' lang='lat' dir='ltr'><strong>pro</strong></span> <span class='ocrx_word' id='word_1_303' title='bbox 1327 4382 1436 4445; x_wconf 85' lang='lat' dir='ltr'><strong>rostris</strong></span> <span class='ocrx_word' id='word_1_304' title='bbox 1460 4378 1672 4443; x_wconf 85' lang='lat' dir='ltr'><strong>laudarentur.</strong></span> <span class='ocrx_word' id='word_1_305' title='bbox 1697 4377 1731 4441; x_wconf 93' lang='lat' dir='ltr'><strong>In</strong></span> <span class='ocrx_word' id='word_1_306' title='bbox 1754 4376 1865 4463; x_wconf 89' lang='lat' dir='ltr'><strong>populi</strong></span> 
     </span>
     <span class='ocr_line' id='line_1_35' title="bbox 687 4482 1863 4570; baseline -0.002 -18"><span class='ocrx_word' id='word_1_307' title='bbox 687 4491 848 4564; x_wconf 88' lang='lat' dir='ltr'><strong>contione,</strong></span> <span class='ocrx_word' id='word_1_308' title='bbox 872 4486 904 4549; x_wconf 89' lang='lat' dir='ltr'>X</span> <span class='ocrx_word' id='word_1_309' title='bbox 929 4485 970 4551; x_wconf 89' lang='grc'><strong>36</strong></span> <span class='ocrx_word' id='word_1_310' title='bbox 995 4508 1025 4570; x_wconf 94' lang='lat' dir='ltr'><strong>p.</strong></span> <span class='ocrx_word' id='word_1_311' title='bbox 1049 4484 1148 4562; x_wconf 80' lang='lat'>2085,</span> <span class='ocrx_word' id='word_1_312' title='bbox 1173 4485 1270 4550; x_wconf 92' lang='lat' dir='ltr'><strong>multi</strong></span> <span class='ocrx_word' id='word_1_313' title='bbox 1294 4485 1492 4565; x_wconf 76' lang='grc' dir='ltr'><strong><em>προφέρονται</em></strong></span> <span class='ocrx_word' id='word_1_314' title='bbox 1516 4487 1573 4556; x_wconf 84' lang='grc' dir='ltr'><strong>τάς</strong></span> <span class='ocrx_word' id='word_1_315' title='bbox 1599 4486 1712 4549; x_wconf 79' lang='grc' dir='ltr'><strong><em>ἑαυτῶν</em></strong></span> <span class='ocrx_word' id='word_1_316' title='bbox 1737 4482 1863 4566; x_wconf 83' lang='grc' dir='ltr'><strong><em>προίξειι</em></strong></span> 
     </span>
     <span class='ocr_line' id='line_1_36' title="bbox 685 4586 1865 4678; baseline -0.001 -21"><span class='ocrx_word' id='word_1_317' title='bbox 685 4586 724 4664; x_wconf 81' lang='grc' dir='ltr'><strong><em>ἀς</em></strong></span> <span class='ocrx_word' id='word_1_318' title='bbox 748 4594 778 4655; x_wconf 83' lang='grc' dir='ltr'><strong>ἔν</strong></span> <span class='ocrx_word' id='word_1_319' title='bbox 802 4601 863 4665; x_wconf 78' lang='grc' dir='ltr'><strong><em>τοῖς</em></strong></span> <span class='ocrx_word' id='word_1_320' title='bbox 888 4592 1033 4667; x_wconf 76' lang='grc' dir='ltr'><strong><em>πολέμοιο</em></strong></span> <span class='ocrx_word' id='word_1_321' title='bbox 1057 4590 1268 4668; x_wconf 86' lang='grc' dir='ltr'><strong><em>ἀπεδείξαντο.</em></strong></span> <span class='ocrx_word' id='word_1_322' title='bbox 1301 4591 1417 4657; x_wconf 81' lang='lat' dir='ltr'><strong>Scribit</strong></span> <span class='ocrx_word' id='word_1_323' title='bbox 1439 4591 1583 4678; x_wconf 82' lang='lat' dir='ltr'><strong>Pyrrhus</strong></span> <span class='ocrx_word' id='word_1_324' title='bbox 1602 4612 1658 4655; x_wconf 79' lang='lat' dir='ltr'><strong>rex</strong></span> <span class='ocrx_word' id='word_1_325' title='bbox 1675 4592 1708 4655; x_wconf 89' lang='lat' dir='ltr'><strong>in</strong></span> <span class='ocrx_word' id='word_1_326' title='bbox 1728 4590 1865 4676; x_wconf 80' lang='lat' dir='ltr'><strong>epistula</strong></span> 
     </span>
     <span class='ocr_line' id='line_1_37' title="bbox 684 4697 1862 4784; baseline -0.002 -20"><span class='ocrx_word' id='word_1_327' title='bbox 684 4700 763 4764; x_wconf 83' lang='lat' dir='ltr'><strong>XIX</strong></span> <span class='ocrx_word' id='word_1_328' title='bbox 795 4721 825 4784; x_wconf 87' lang='lat' dir='ltr'><strong>p.</strong></span> <span class='ocrx_word' id='word_1_329' title='bbox 850 4698 957 4764; x_wconf 67' lang='lat' dir='ltr'><strong>atel</strong></span> <span class='ocrx_word' id='word_1_330' title='bbox 984 4698 1066 4775; x_wconf 84' lang='lat' dir='ltr'><strong>Kel,</strong></span> <span class='ocrx_word' id='word_1_331' title='bbox 1090 4719 1152 4763; x_wconf 93' lang='lat' dir='ltr'><strong>non</strong></span> <span class='ocrx_word' id='word_1_332' title='bbox 1178 4701 1323 4784; x_wconf 82' lang='lat' dir='ltr'><strong>ignorare</strong></span> <span class='ocrx_word' id='word_1_333' title='bbox 1348 4698 1508 4763; x_wconf 87' lang='lat' dir='ltr'><strong>Romanos</strong></span> <span class='ocrx_word' id='word_1_334' title='bbox 1532 4700 1616 4770; x_wconf 78' lang='grc' dir='ltr'><strong><em>τίνας</em></strong></span> <span class='ocrx_word' id='word_1_335' title='bbox 1641 4697 1862 4775; x_wconf 77' lang='grc' dir='ltr'><strong><em>ἀποδίδοιγμαι</em></strong></span> 
     </span>
     <span class='ocr_line' id='line_1_38' title="bbox 683 4803 1864 4891; baseline -0.002 -21"><span class='ocrx_word' id='word_1_336' title='bbox 683 4808 819 4886; x_wconf 78' lang='grc' dir='ltr'><strong><em>πράξειρ.</em></strong></span> <span class='ocrx_word' id='word_1_337' title='bbox 844 4806 929 4870; x_wconf 90' lang='lat' dir='ltr'><strong>Hinc</strong></span> <span class='ocrx_word' id='word_1_338' title='bbox 950 4804 1135 4891; x_wconf 82' lang='lat' dir='ltr'><strong>colligimus</strong></span> <span class='ocrx_word' id='word_1_339' title='bbox 1155 4812 1238 4871; x_wconf 86' lang='lat' dir='ltr'><strong>recte</strong></span> <span class='ocrx_word' id='word_1_340' title='bbox 1257 4806 1309 4869; x_wconf 87' lang='lat' dir='ltr'><strong>edi</strong></span> <span class='ocrx_word' id='word_1_341' title='bbox 1327 4805 1342 4869; x_wconf 93' lang='lat' dir='ltr'>I</span> <span class='ocrx_word' id='word_1_342' title='bbox 1362 4804 1382 4870; x_wconf 79' lang='lat'><strong>2</strong></span> <span class='ocrx_word' id='word_1_343' title='bbox 1401 4827 1431 4890; x_wconf 92' lang='lat' dir='ltr'><strong>p.</strong></span> <span class='ocrx_word' id='word_1_344' title='bbox 1446 4803 1476 4883; x_wconf 86' lang='lat'><strong>5,</strong></span> <span class='ocrx_word' id='word_1_345' title='bbox 1497 4806 1552 4870; x_wconf 90' lang='lat' dir='ltr'><strong>ubi</strong></span> <span class='ocrx_word' id='word_1_346' title='bbox 1572 4808 1734 4890; x_wconf 90' lang='lat' dir='ltr'><strong>quaeritur</strong></span> <span class='ocrx_word' id='word_1_347' title='bbox 1745 4804 1864 4889; x_wconf 89' lang='lat' dir='ltr'><strong>ecquod</strong></span> 
     </span>
     <span class='ocr_line' id='line_1_39' title="bbox 683 4909 1863 4998; baseline -0.003 -20"><span class='ocrx_word' id='word_1_348' title='bbox 683 4916 856 4998; x_wconf 91' lang='lat' dir='ltr'><strong>imperium</strong></span> <span class='ocrx_word' id='word_1_349' title='bbox 897 4913 996 4993; x_wconf 83' lang='grc' dir='ltr'><strong><em>ἀρχιίν</em></strong></span> <span class='ocrx_word' id='word_1_350' title='bbox 1027 4935 1061 4975; x_wconf 86' lang='grc' dir='ltr'><strong>τε</strong></span> <span class='ocrx_word' id='word_1_351' title='bbox 1091 4913 1224 4989; x_wconf 83' lang='grc' dir='ltr'><strong><em>μεγίςηι</em></strong></span> <span class='ocrx_word' id='word_1_352' title='bbox 1255 4913 1406 4986; x_wconf 75' lang='grc' dir='ltr'><strong><em>ἐκτήσατο</em></strong></span> <span class='ocrx_word' id='word_1_353' title='bbox 1438 4912 1489 4975; x_wconf 89' lang='grc' dir='ltr'><strong>καί</strong></span> <span class='ocrx_word' id='word_1_354' title='bbox 1522 4910 1645 4991; x_wconf 81' lang='grc' dir='ltr'><strong><em>πράξεις</em></strong></span> <span class='ocrx_word' id='word_1_355' title='bbox 1678 4909 1863 4987; x_wconf 85' lang='grc' dir='ltr'><strong><em>ἀπεδείξατο</em></strong></span> 
     </span>
    </p>
   </div>
   <div class='ocr_carea' id='block_1_3' title="bbox 0 0 2568 6150">
    <p class='ocr_par' dir='ltr' id='par_1_3' title="bbox 0 0 2568 6150">
     <span class='ocr_line' id='line_1_40' title="bbox 0 0 2568 6150; baseline 0 4"><span class='ocrx_word' id='word_1_356' title='bbox 0 0 2568 6150; x_wconf 95' lang='lat' dir='ltr'><strong> </strong></span> 
     </span>
    </p>
   </div>
  </div>
 </body>
</html>
