5125 6150
735 889 738 893 ,
794 816 857 881 154
1127 833 1296 883 meursius
1318 833 1639 882 usurosnunssanffls.

834 996 941 1062 7151
974 1020 1004 1083 p.
1032 996 1128 1065 1157.
1159 997 1318 1063 Describit
1341 998 1510 1064 Menenius
1532 1001 1687 1063 miserum
1711 1002 1745 1063 in
1768 1000 1847 1065 urbe
1870 1021 1979 1064 rerum

789 1110 911 1170 statum
941 1110 974 1169 et
1002 1107 1036 1169 in
1068 1125 1104 1169 aa
1136 1104 1346 1190 descriptione
1377 1106 1453 1171 haec
1484 1127 1609 1191 quoque
1632 1108 1740 1191 ponit:
1766 1102 1917 1184 „inaura
1942 1107 1980 1184 δ’,

789 1213 912 1296 inquit,
946 1210 1140 1291 ὑπερβάλλει
1164 1212 1214 1276 τά
1239 1210 1354 1277 δεινά
1379 1212 1495 1290 γύναια
1520 1218 1577 1277 τῶν
1602 1213 1767 1281 άποεατῶν
1791 1212 1843 1278 καὶ
1867 1212 1981 1278 sardic

790 1318 884 1390 νιὶπια
916 1315 967 1381 καὶ
1000 1317 1119 1397 γηραιοὶ
1152 1324 1249 1393 γονεῖς
1282 1317 1312 1381 ἕν
1344 1317 1463 1391 ε’σθιῑσιν
1494 1318 1638 1390 ἐλεειναῖς
1664 1318 1716 1383 καὶ
1742 1319 1888 1399 σχήμασι
1912 1342 1983 1383 πεν-

790 1424 887 1497 θίμοις
923 1421 1189 1503 περιφθειρόμενοι.
1225 1423 1286 1502 Qui
1316 1423 1392 1489 haec
1423 1426 1567 1509 primum
1598 1423 1686 1512 leget
1718 1425 1842 1506 εὑδούσρ
1872 1425 1980 1506 φρενό,

741 1517 747 1532 ’
789 1532 933 1616 primum
956 1533 1070 1617 iunget
1094 1531 1136 1596 τά
1158 1530 1242 1596 δεινά
1265 1530 1397 1608 γύναια·
1423 1530 1535 1596 deinde
1555 1535 1705 1616 quoniam
1725 1531 1785 1598 hoc
1805 1532 1981 1597 absurdum

728 1685 732 1692 .
790 1643 855 1716 est,
886 1658 962 1702 mox
991 1635 1156 1724 intelliget
1186 1633 1316 1702 άπαντα
1348 1638 1411 1702 dici
1441 1638 1483 1702 τά
1507 1637 1600 1704 δεινά.
1626 1638 1723 1703 Recte
1747 1638 1807 1703 hoc
1830 1638 1980 1724 quidem,

791 1742 845 1808 sed
877 1745 974 1808 sicuti
1005 1743 1116 1809 παιθθα
1147 1742 1298 1809 dicuntur
1329 1744 1421 1817 νήπια
1446 1749 1478 1809 et
1501 1752 1601 1821 γονεῖς
1625 1746 1746 1821 ρνραιοό
1765 1749 1855 1822 sunt,
1879 1746 1981 1810 etiam

791 1848 912 1921 όσθιῑτες
937 1854 970 1913 et
992 1850 1149 1929 σχήματα
1173 1849 1324 1935 epithetis
1347 1855 1509 1927 ornentur,
1530 1871 1633 1915 nonne
1653 1849 1766 1914 itidem
1785 1869 1912 1914 necesse
1932 1856 1982 1915 est

791 1952 996 2019 mulierculas
1018 1976 1081 2020 non
1104 1957 1150 2020 sic
1173 1953 1363 2040 simpliciter
1386 1955 1502 2034 ρθνιιια
1526 1956 1606 2033 dici,
1631 1955 1685 2021 sad
1708 1957 1831 2019 αι’σοτοο
1850 1954 1981 2021 mulier-

791 2058 898 2125 cules?
932 2061 1027 2126 Levis
1058 2067 1106 2127 est
1138 2063 1307 2127 correctio:
1339 2059 1468 2128 ἅπαντα
1499 2061 1527 2127 θ’
1562 2062 1754 2142 ὑπερβάλλει
1786 2064 1829 2127 τά
1860 2061 1978 2127 δειλά

791 2168 926 2245 γύναια,
952 2166 1006 2233 vel
1028 2168 1161 2233 fortasse
1184 2169 1226 2233 πά
1249 2167 1419 2235 δεθλαια
1442 2170 1573 2248 γύναια,
1597 2170 1637 2235 cf.
1662 2168 1704 2235 VI
1731 2169 1772 2236 79
1795 2191 1825 2255 p.
1853 2168 1952 2235 1222.

837 2384 880 2452 Vl
905 2386 947 2452 59
970 2408 1002 2473 p.
1029 2358 1133 2454 1175:
1158 2387 1212 2452 καὶ
1237 2389 1270 2452 ιθ
1293 2387 1377 2467 λόγον
1402 2391 1508 2455 ταῦτα
1531 2391 1708 2470 κατηγορῶν
1810 2390 1899 2454 άλλά
1919 2389 1979 2462 τάς

791 2496 863 2558 κατ’
894 2495 1029 2570 ἐμαυτοῦ
1060 2493 1211 2571 διαβολάς
1243 2496 1431 2573 άπολθομοιι.
1465 2496 1611 2561 Iacobius
1635 2497 1688 2562 hic
1712 2498 1802 2582 sequi
1827 2496 1980 2562 debuerat

790 2597 1024 2687 Kiesslingium
1047 2602 1214 2666 verissime
1237 2606 1467 2690 corrigentem:
1492 2604 1785 2681 ἀπολυόμενοι.

835 2819 945 2887 V160
974 2844 1006 2907 p.
1033 2818 1137 2887 1176:
1170 2821 1221 2886 διά
1253 2828 1311 2887 τῶν
1333 2821 1465 2890 ιιοιιιόςονν
1490 2828 1630 2900 πολιτῶν,
1655 2818 1703 2893 οὓς
1728 2821 1901 2902 θεραπεύων
1924 2819 1980 2888 οὗ·

791 2952 856 3000 πος
888 2928 1094 2994 θιατετόλειιε.
1126 2929 1281 3013 Requiro:
1315 2930 1485 3008 θεραπεύων
1516 2930 1672 3006 οὑποσθ,
1704 2928 1976 3013 quemadmodum

788 3036 823 3101 in
846 3038 887 3102 iis
910 3057 988 3121 quae
1011 3037 1163 3102 continuo
1182 3043 1360 3122 sequuntur
1379 3033 1518 3103 Oobetus
1537 3037 1690 3101 correxit:
1713 3034 1770 3099 ὑπὸ
1791 3039 1843 3100 τοῦ
1864 3041 1977 3112 σεμνοῦ

789 3143 840 3206 καὶ
861 3141 1057 3223 φιλοπόλιδος
1078 3145 1249 3207 τουτονί.
1270 3141 1512 3208 Eliminandum
1531 3148 1640 3208 autem
1659 3144 1824 3228 proprium
1844 3142 1977 3209 Servilii

790 3270 905 3315 nomen
929 3248 972 3314 VI
998 3247 1039 3315 77
1064 3270 1094 3333 p.
1121 3247 1226 3315 1215:
1251 3249 1265 3313 θ
1289 3248 1434 3326 βέλτιεοι
1459 3248 1557 3313 οὑτοσὶ
1584 3248 1828 3328 Σεροοόλιιι.

835 3449 877 3516 vl
906 3451 946 3517 61
979 3473 1010 3537 p.
1037 3450 1140 3515 1180:
1173 3457 1236 3523 πῶς
1269 3451 1385 3517 δοκεῖτε
1419 3450 1548 3523 οιθόαθες
1581 3449 1649 3520 ἔςοιι
1681 3452 1730 3517 καὶ
1765 3452 1974 3532 ὑπερθφοινον;

789 3555 853 3624 Hic
874 3558 962 3625 locus
985 3558 1119 3624 addetur
1142 3557 1303 3645 Blaydeeii
1327 3560 1425 3644 copiis
1448 3558 1488 3623 ad
1512 3559 1609 3623 Arist.
1635 3558 1771 3624 Acheru.
1798 3557 1851 3623 12.

835 3775 878 3842 Vl
901 3777 944 3842 62
967 3800 997 3862 p.
1023 3776 1126 3842 1180:
1151 3776 1334 3854 σοβαρῶς
1360 3778 1547 3853 ἐπιθήσεται.
1572 3776 1728 3842 Notabilis
1749 3781 1797 3841 est
1816 3779 1976 3862 scriptura

792 3884 917 3953 Codicis
946 3884 1110 3949 Urbinatis
1140 3881 1335 3963 σοβαρός,
1367 3883 1406 3948 cf.
1440 3883 1487 3949 XI
1512 3883 1554 3948 22
1578 3905 1609 3968 p.
1634 3882 1740 3948 2209:
1773 3881 1896 3960 σοβαροὶ
1921 3884 1975 3948 καὶ

792 3991 910 4068 θρασεῖς
930 3991 1101 4069 περιῄεσαν.
1121 3988 1172 4054 Sic
1192 4011 1283 4075 saepe
1303 3990 1441 4066 άσμένιος
1462 3990 1612 4056 scribitur
1624 3991 1680 4053 ubi
1691 3986 1822 4065 άσμενος
1835 3996 1977 4073 praestat

792 4107 824 4164 at
854 4102 929 4161 sunt
958 4094 1120 4180 complura
1143 4096 1204 4160 alia
1228 4097 1478 4175 eiusdemmodi,
1505 4096 1543 4162 de
1566 4099 1682 4181 quibus
1704 4095 1860 4181 quaedam
1886 4096 1981 4162 adno-

792 4210 902 4269 tarunt
924 4200 1079 4269 (lemarus
1101 4224 1133 4289 p.
1156 4200 1199 4268 27
1224 4209 1256 4268 ct
1275 4203 1452 4269 Reudlerus
1477 4225 1507 4288 p.
1534 4202 1564 4269 6.

839 4412 882 4479 VI
902 4412 944 4478 64
964 4435 994 4498 p.
1016 4411 1112 4478 1187.
1135 4410 1234 4477 Verba
1251 4419 1326 4477 sunt
1345 4414 1444 4498 Appii
1465 4409 1608 4478 Claudii:
1630 4414 1663 4476 ci
1676 4412 1733 4488 μὲν
1745 4416 1978 4493 πολυοχλοῦσαι

793 4520 937 4599 δυνάμεις
960 4516 1033 4585 όταν
1058 4518 1197 4596 λάβωσιν
1222 4515 1377 4595 ἡγεμόνας
1400 4520 1453 4584 otc
1476 4519 1598 4590 εἰδότας
1622 4518 1740 4597 άρχειν,
1765 4520 1979 4597 άσχιρμονοῖισι

795 4628 844 4690 καὶ
877 4626 942 4707 περὶ
978 4627 1088 4698 αὑταῖς
1124 4624 1322 4705 σφάλλονται
1358 4626 1399 4689 τά
1434 4633 1569 4703 πλιῖςοι,
1607 4625 1657 4689 καὶ
1691 4625 1822 4703 τοσοότιρ
1855 4629 1980 4699 μάλλον

796 4736 1017 4798 κακοπαθοῦσιν
1040 4730 1154 4814 θ’σιρπερ
1176 4732 1214 4797 άν
1234 4729 1358 4812 μείζονα
1379 4729 1473 4812 ἔχωσι
1498 4730 1547 4796 πό
1554 4754 1624 4812 ρον.
1650 4731 1740 4810 Quod
1759 4734 1981 4818 unusquisque

795 4837 900 4914 videt,
932 4839 1085 4904 ultimum
1108 4837 1301 4905 vocabulum
1324 4838 1399 4903 ferri
1422 4841 1552 4923 nequit,
1577 4850 1771 4924 quapropter
1795 4836 1981 4904 Hertlinius

795 4941 884 5022 όγιιον
919 4947 1068 5021 coniecit,
1109 4942 1245 5010 Smitius
1280 4943 1384 5026 ὄχλον,
1420 4943 1564 5009 Iacobius
1600 4952 1708 5009 autem
1744 4942 1844 5008 edidit
1879 4946 1979 5011 πόνον.
