5125 6150
686 807 753 891 232
1165 824 1235 882 oms
1257 804 1381 872 166661

688 989 867 1067 ,fabulam,
888 991 996 1055 6116.
1020 989 1115 1066 1401,
1140 989 1225 1054 1446
1246 990 1318 1054 Pac.
1343 988 1406 1054 129
1427 992 1487 1055 dv.
1507 987 1695 1068 4116511
1716 988 1869 1054 Dadurch

687 1099 751 1173 „ist
781 1095 940 1160 natiirlich
971 1095 1025 1160 161
1048 1095 1143 1161 16661
1166 1117 1199 1161 66
1220 1095 1302 1182 klug
1326 1099 1386 1160 wie
1409 1117 1516 1172 curor,
1540 1095 1606 1160 und
1624 1095 1715 1181 jeder
1735 1115 1873 1159 unserer

688 1201 936 1281 „Seminaristeu
967 1203 1074 1267 wiirde
1104 1225 1164 1267 666
1194 1223 1308 1289 sagen,
1338 1203 1426 1267 nicht
1451 1204 1591 1267 Αἰσώπου
1615 1226 1645 1265 τι
1669 1200 1787 1279 γέλοιον
1809 1203 1873 1279 161,

688 1330 773 1387 „was
796 1308 851 1374 der
874 1307 1058 1394 Erkliirung
1080 1308 1197 1385 beders,
1222 1308 1354 1374 6661616
1378 1309 1522 1383 rotdrudi

730 1415 800 1479 Hoc
831 1417 934 1500 igitur
964 1421 1012 1479 est
1043 1414 1127 1500 quod
1157 1414 1260 1480 dicere
1285 1415 1471 1480 debueram:
1497 1416 1615 1480 nescire
1639 1435 1690 1478 me
1712 1433 1873 1498 quasnam

684 1520 808 1587 fabulas
838 1520 1005 1605 aliquando
1036 1519 1233 1586 Philocleoni
1264 1524 1461 1587 narraverint
1483 1523 1539 1587 rei.
1570 1520 1661 1586 Hanc
1684 1527 1792 1585 tamen
1817 1540 1874 1584 ne-

685 1627 883 1714 glegentiam
903 1631 1085 1692 etiamnunc
1104 1631 1260 1714 corrigere
1273 1628 1404 1693 fortasse
1415 1627 1533 1693 licebit.
1555 1626 1751 1712 Quapropter
1762 1624 1875 1711 palam

685 1737 752 1800 iam
774 1737 955 1819 apertisque
979 1734 1085 1800 verbis
1107 1733 1277 1820 proloquor
1301 1755 1352 1799 me
1374 1734 1409 1799 id
1432 1737 1560 1800 nescire.
1584 1732 1646 1798 Sed
1669 1734 1812 1817 suspicor
1834 1754 1877 1798 ne

686 1843 795 1927 ipsum
817 1841 946 1926 quidem
969 1840 1161 1906 Roemerum
1185 1863 1241 1927 pro
1260 1848 1345 1907 certo
1365 1841 1466 1907 dicere
1485 1861 1577 1927 posse
1596 1839 1777 1906 cuiusmodi
1794 1837 1876 1904 illae

686 1947 805 2012 fuerint
828 1946 1092 2013 narratiunculae.
1828 1945 1834 1956 '

732 2158 843 2225 Unum
872 2159 980 2225 locum
1010 2159 1135 2226 addam.
1165 2160 1289 2245 Aptum
1317 2181 1446 2225 sensum
1468 2181 1531 2225 non
1554 2160 1701 2246 praebere
1725 2157 1876 2223 Nubium

689 2288 819 2333 versum
845 2265 927 2332 559:

824 2374 884 2446 colo
907 2372 1004 2444 εἰκοὺς
1027 2379 1086 2438 τῶν
1109 2371 1265 2453 ἐγχέλεων
1290 2374 1348 2445 τὰς
1374 2374 1453 2448 ἐμὰς
1477 2371 1676 2451 μιμούμενοι,

689 2481 808 2546 frustra
839 2482 925 2545 enim
955 2481 989 2544 in
1013 2479 1143 2559 scholiis
1165 2479 1267 2545 afferri
1292 2479 1448 2565 Equitum
1471 2479 1595 2556 locum,
1620 2479 1675 2544 ubi
1700 2478 1878 2564 demagogi

688 2585 917 2652 assimulantur
947 2585 1156 2671 piscatoribus
1186 2588 1221 2650 in
1244 2586 1371 2650 turbida
1394 2587 1599 2672 potissimum
1622 2606 1704 2670 aqua
1726 2587 1880 2670 piscanti-

690 2694 766 2770 bus,
798 2696 832 2757 in
863 2692 1002 2758 editione
1025 2713 1096 2757 mse
1119 2693 1303 2769 observavi,
1328 2713 1429 2778 neque
1452 2691 1547 2757 aliter
1568 2713 1652 2757 nnnc
1675 2693 1786 2756 sentio.
1812 2690 1877 2756 Sed

689 2799 773 2886 quod
797 2805 873 2864 tunc
899 2835 941 2846 -
966 2797 1067 2863 veluti
1090 2798 1130 2863 ad
1152 2801 1265 2864 incitas
1288 2799 1433 2864 redactus
1458 2836 1499 2848 —
1524 2799 1715 2884 suspicabar,
1739 2798 1879 2880 61611166

689 2927 756 2972 6666
788 2905 883 2971 illum
914 2926 1060 2983 versum,
1091 2905 1124 2970 id
1154 2927 1237 2971 nunc
1259 2909 1307 2972 ita
1329 2905 1428 2973 velim
1451 2908 1661 2971 immutatum
1686 2904 1784 2970 6116
1809 2903 1880 2970 sola

691 3034 767 3080 voce
798 3017 855 3078 τῶν
886 3011 1044 3093 ἐγχέλεων
1073 3011 1187 3078 valeat.
1219 3013 1302 3079 Nam
1331 3014 1474 3095 imcqioes
1497 3035 1567 3077 ecoe
1590 3012 1629 3078 ab
1652 3009 1787 3078 aemulis
1814 3011 1879 3077 sibi

691 3123 826 3206 surripi,
856 3120 890 3185 id
923 3120 1025 3186 dicere
1058 3124 1198 3186 comicus
1228 3124 1336 3207 potuit
1366 3123 1546 3207 aptissime,
1577 3126 1610 3185 61
1640 3124 1712 3185 tum
1741 3118 1880 3183 demum

690 3227 826 3292 absurda
848 3227 924 3291 haec
949 3226 1029 3291 fiunt
1053 3248 1127 3291 cum
1150 3228 1278 3292 additur
1299 3226 1381 3292 illud
1401 3227 1614 3309 onycillcrom.
1638 3225 1749 3310 ltaque
1769 3224 1879 3291 161616

690 3332 883 3418 glossemate
917 3339 974 3397 τῶν
1005 3333 1171 3412 ἐγχέλεων,
1209 3334 1292 3419 quod
1327 3333 1439 3399 lectori
1474 3332 1602 3397 videtur
1637 3326 1743 3396 deberi
1776 3330 1881 3396 illum

691 3439 848 3523 Equitum
879 3439 986 3503 locum
1017 3460 1099 3503 nunc
1129 3442 1242 3525 respici
1273 3443 1417 3525 putanti,
1450 3459 1639 3524 quaeramus
1667 3436 1789 3522 aliquid
1815 3460 1881 3523 quo

689 3544 803 3609 lacuna
833 3545 1044 3630 probabiliter
1068 3544 1187 3631 expleri
1219 3549 1328 3631 possit.
1361 3545 1422 3610 Res
1438 3551 1555 3611 autem
1578 3544 1689 3622 dubia,
1714 3543 1768 3608 sed
1793 3545 1883 3611 nibil

691 3651 774 3737 quod
798 3654 912 3715 merito
935 3654 1035 3738 possit
1058 3655 1233 3737 vituperari
1256 3652 1308 3717 hic
1331 3652 1427 3717 habet
1449 3670 1576 3717 versus:

828 3755 886 3827 calc
911 3757 1005 3828 εἰκοὺς
1030 3757 1121 3840 <nol
1146 3757 1220 3829 τὰς
1245 3757 1281 3822 11
1290 3757 1383 3834 ἕως)
1406 3757 1463 3830 τὰς
1489 3758 1568 3834 ἐμὰς
1591 3756 1784 3833 μιμούμενοι.

739 3863 990 3946 1161616696-
1015 3869 1108 3948 poeta
1132 3863 1254 3929 dixerat
1278 3901 1320 3912 -

918 3970 966 4035 ἀεὶ
993 3972 1099 4042 κωωιὶς
1124 3968 1206 4042 ἰδέας
1230 3969 1376 4051 εἷσφέρων
1399 3968 1581 4050 σοφίζομαι,

691 4097 776 4142 nunc
797 4079 886 4141 -61
910 4098 1023 4142 verum
1046 4098 1119 4141 sum
1142 4084 1304 4142 assecutus
1327 4115 1369 4126 -
1389 4076 1492 4142 addit:
1518 4083 1550 4139 ct
1574 4076 1627 4140 1611
1650 4076 1886 4157 66161166ρί666

694 4190 754 4247 tom
776 4184 898 4246 inventa
919 4206 995 4267 quoe
1015 4183 1096 4247 cobis
1118 4184 1247 4268 offerrmt
1270 4183 1395 4248 aliunde
1417 4186 1575 4248 docerent.

738 4288 877 4353 Facilius
912 4295 996 4353 certe
1029 4292 1073 4353 sic
1107 4287 1296 4374 intellegam
1331 4289 1456 4366 locum,
1492 4309 1589 4374 quam
1622 4289 1649 4352 si
1683 4287 1887 4354 Roemernm

692 4404 735 4482 (p.
760 4395 817 4475 22)
840 4402 968 4460 secutus
990 4396 1024 4458 in
1047 4394 1166 4460 scholio
1187 4396 1341 4460 scribam:
1364 4396 1453 4473 ,11111
1473 4401 1525 4460 τοῦ
1547 4400 1604 4459 τῶν
1625 4393 1755 4458 Ἱππέων
1775 4396 1886 4474 (61611

694 4500 816 4582 λέξεων)
846 4501 944 4566 εἰπεῖν
969 4500 1126 4581 ἐγχέλεων
1150 4500 1233 4581 ἕΦη”
1258 4507 1291 4566 61
1312 4504 1382 4587 ipsa
1403 4504 1517 4566 comici
1540 4502 1635 4567 verba
1658 4503 1702 4565 sic
1726 4500 1883 4567 reddam:

694 4607 780 4684 ,116
798 4611 831 4673 in
852 4610 980 4673 melnen
999 4607 1125 4674 Rittern
1146 4606 1373 4693 vcrgsstellten
1394 4608 1587 4674 Muster’'.
1608 4607 1697 4688 Quod
1718 4608 1883 4692 quomodo

693 4734 710 4777 e
733 4714 837 4779 verbis
861 4713 987 4780 traditis
1009 4713 1141 4793 efficiat,
1166 4714 1314 4780 videatur
1336 4714 1421 4800 apud
1444 4717 1561 4800 ipsum.

738 4923 821 4990 Nam
840 4924 911 4990 finis
930 4931 979 4992 est
996 4927 1172 5008 faciendus,
1194 4951 1232 4994 ue
1251 4928 1407 4995 molestus
1427 4929 1502 4994 fiam
1520 4928 1702 4995 lectoribus.
1722 4926 1782 4993 Vel
1802 4929 1885 4997 baec
