5125 6150
1126 819 1296 866 ceremon.
1738 801 1802 866 143

602 988 635 1048 et
674 985 724 1047 rei
757 984 888 1068 egregie
925 983 1072 1046 convenit
1105 989 1138 1047 et
1170 981 1335 1047 stabilitur
1364 982 1434 1047 loco
1464 986 1571 1049 vicino
1608 1007 1638 1069 p.
1673 983 1725 1050 72.
1740 984 1800 1049 32:

601 1097 746 1165 γυναῖκα
777 1091 831 1160 τίρν
862 1087 1031 1152 συνειδυῖαν
1062 1097 1124 1158 τοῖς
1149 1087 1431 1162 τετολμνμίνονρ”;
1457 1089 1534 1155 baec
1558 1093 1696 1174 suspicio
1719 1112 1802 1155 nuno

602 1194 816 1259 confirmatur
839 1197 1028 1258 auctoritate
1054 1194 1228 1278 fragmenti
1252 1192 1455 1271 Caranitani,
1478 1200 1516 1258 ut
1540 1195 1659 1259 stultus
1682 1199 1725 1260 sit
1747 1199 1803 1280 qui

603 1300 644 1364 de
678 1303 816 1364 veritate
839 1299 973 1363 dubitet.
1005 1300 1065 1384 Pg.
1093 1297 1220 1364 73.10:
1247 1301 1260 1362 ὁ
1285 1299 1459 1377 κατάρατος
1485 1298 1704 1378 ἄνθρωπος,
1729 1301 1803 1365 ulti·

605 1425 702 1469 mum
730 1402 924 1468 vocabulum
955 1404 1052 1469 deest.
1085 1404 1146 1489 Pg.
1174 1403 1300 1469 73.16:
1332 1405 1469 1481 μοίςνρερ
1501 1410 1626 1488 ᾐτοῦντο
1658 1406 1709 1471 καί
1742 1411 1802 1487 τῦρ

605 1510 798 1586 ίωίρετο,
820 1531 941 1574 novum
963 1510 1199 1595 fragmentum,
1220 1516 1258 1573 nt
1277 1510 1416 1588 videtur,
1438 1511 1535 1576 habet
1559 1512 1800 1592 ἐπεφέρετο,

604 1615 691 1700 quod
726 1617 865 1699 speciem
901 1615 1007 1679 habet.
1043 1614 1093 1678 Ad
1124 1635 1179 1700 pg.
1206 1612 1259 1679 73.
1274 1614 1336 1679 21:
1373 1616 1425 1679 καί
1463 1617 1570 1695 dauza
1603 1640 1671 1680 τινα
1704 1614 1802 1692 ἔδοξεν

604 1723 784 1794 ὁμωνυμίαν
820 1719 905 1799 ἔχειν
939 1720 1035 1797 ἐκείνρ
1070 1727 1225 1797 γυναῖκα,
1257 1720 1424 1785 adnotavit
1456 1719 1594 1787 Cobetus
1624 1721 1676 1789 li:
1709 1723 1801 1800 „Non

602 1828 797 1891 inseruisset
815 1825 996 1890 Herchsrus
1018 1824 1192 1889 articulum
1212 1827 1245 1888 in
1265 1825 1390 1889 verbis:
1410 1826 1586 1902 ὁμωνυμίαν
1606 1826 1689 1908 ἔχειν
1706 1828 1801 1907 ἐκείνῃ

604 1934 688 2011 (τίον)
708 1939 864 2007 γυναῖκα,
885 1932 913 1994 si
934 1930 1067 1994 vidisset
1086 1932 1192 2009 οίτυχνῑ
1212 1953 1282 1995 τινα
1303 1937 1441 2007 γυναῖκα
1461 1933 1680 2018 coniungenda
1700 1935 1800 1999 esse”.

604 2036 700 2101 Nunc
729 2042 839 2101 autem
870 2035 1035 2099 sciendum
1068 2042 1116 2100 est
1146 2038 1179 2099 in
1209 2056 1332 2121 papyro
1357 2043 1498 2101 exstare:
1523 2037 1574 2100 καί
1599 2043 1705 2118 οίτυχνῑ
1729 2062 1800 2102 τινα

603 2141 705 2215 ἔδοξεν
736 2142 911 2216 ὁμωνυμίαν
943 2146 1001 2204 τῶν
1032 2147 1196 2217 γυναικῶν,
1229 2161 1327 2225 quam
1358 2142 1506 2225 equidem
1536 2142 1705 2208 lectionem
1737 2165 1800 2208 non

606 2245 794 2331 amplecter.
818 2245 963 2329 Denique
986 2248 1018 2309 in
1044 2248 1139 2310 tertia
1161 2245 1311 2311 columna
1335 2267 1416 2330 quae
1440 2251 1577 2332 pessime
1600 2248 1710 2313 habita
1732 2255 1799 2328 est,

607 2375 637 2438 p.
666 2351 721 2418 ¹74.
735 2351 797 2416 26:
828 2351 879 2416 διὰ
903 2359 1040 2427 γυναῖκα
1065 2355 1253 2432 Καλλιρρόην
1276 2351 1412 2426 τοῦνομα
1436 2344 1468 2425 ἣν
1494 2351 1614 2429 δόξας
1638 2357 1800 2428 decreden-

605 2458 691 2522 κίναν
724 2455 821 2535 ideae
855 2463 1049 2533 πολυτελῶς,
1083 2478 1165 2522 nova
1196 2477 1264 2521 sese
1294 2457 1384 2522 offert
1405 2456 1501 2522 lectio
1526 2456 1715 2532 δόξασαν.
1738 2459 1800 2524 Sed

604 2584 707 2649 pauca
730 2563 807 2627 haec
830 2568 923 2639 sunt,
948 2565 997 2625 uti
1021 2562 1128 2639 vides,
1155 2569 1187 2626 et
1208 2565 1303 2646 pretii
1326 2566 1504 2649 perexigui.

648 2668 769 2734 Verum
799 2667 897 2732 eliam
929 2688 1057 2732 causam
1088 2668 1187 2733 habui
1209 2689 1267 2732 cur
1289 2690 1410 2733 novum
1434 2672 1604 2734 inventum
1625 2669 1799 2735 lectoribus

606 2775 830 2841 commendare
853 2773 1024 2838 voluerim.
1053 2772 1183 2852 Quando
1207 2776 1292 2838 vixit
1315 2771 1488 2839 Chariton?
1512 2774 1693 2860 Respondet
1715 2775 1800 2840 loon-

604 2880 673 2966 ples
702 2881 865 2964 imprimis
896 2885 1006 2943 auctor
1035 2879 1196 2942 Erwinius
1228 2879 1349 2956 Rohde,
1380 2880 1445 2942 Der
1472 2880 1661 2944 Grieciieelre
1683 2883 1798 2944 Rornae

603 3008 634 3071 p.
661 2984 738 3060 489,
772 2981 996 3060 Charitonem,
1029 2987 1056 3047 si
1082 2987 1232 3048 imitatus
1255 2984 1354 3047 fuerIt
1376 2983 1538 3049 Achillem
1562 2985 1710 3063 Tatium,
1734 3007 1797 3050 non

603 3095 724 3156 vixisse
754 3097 828 3155 ante
857 3093 989 3154 initium
1021 3092 1105 3154 sexti
1131 3088 1251 3154 saeculi
1275 3089 1329 3154 vel
1354 3095 1497 3155 extremo
1522 3091 1649 3156 saeculo
1673 3096 1795 3176 quinto.

601 3197 724 3262 Verum
758 3198 885 3259 etiamsi
916 3198 1089 3260 mittamus
1123 3195 1285 3260 Achillem
1320 3195 1469 3271 Tatium,
1507 3217 1609 3281 quum
1645 3195 1796 3263 Chariton

599 3299 833 3376 Iamblichum,
865 3299 1076 3365 Heliodorum
1108 3307 1141 3365 ct
1163 3303 1326 3384 imprimis
1351 3301 1595 3385 Xenophontem
1619 3302 1797 3387 Ephesium

599 3411 758 3493 perpetuo
783 3407 940 3482 imitetur,
965 3408 1171 3490 consequitur
1194 3427 1269 3470 eum
1293 3426 1355 3470 non
1380 3408 1542 3490 scripsisse
1565 3415 1639 3472 ante
1662 3412 1795 3473 tertium

598 3510 768 3578 eaeculum
787 3510 1018 3595 propemodum
1040 3517 1198 3575 exactum.
1223 3510 1273 3574 Ad
1294 3511 1374 3574 hanc
1394 3513 1594 3594 opinionem,
1615 3516 1663 3577 uti
1685 3514 1795 3591 credo,

598 3616 747 3682 Rohdius
777 3618 883 3701 magis
914 3615 1074 3680 ferebatur
1104 3617 1137 3677 in
1173 3616 1279 3677 Museo
1312 3616 1458 3678 Bheaaao
1491 3616 1626 3681 XLVIII
1658 3640 1688 3703 p.
1720 3616 1794 3695 139,

596 3724 656 3787 nbi
687 3720 826 3785 ostendit
857 3718 1040 3786 Charitonis
1071 3726 1104 3783 et
1129 3719 1351 3805 Athenagorae
1375 3724 1508 3785 oratoris
1531 3726 1661 3787 nomina
1682 3723 1795 3787 itidem

595 3828 740 3892 inueniri
770 3828 805 3889 in
836 3824 1101 3910 inscriptionibus
1133 3824 1451 3908 Aphrodisiensihus;
1485 3835 1560 3891 sunt
1588 3836 1697 3893 autem
1720 3829 1796 3894 illae

595 3934 825 4015 inscriptiones
860 3933 971 4015 quinto
1007 3936 1139 3995 sextove
1174 3929 1301 3995 saeculo
1335 3939 1419 3995 certe
1450 3931 1536 3997 haud
1570 3955 1683 4018 parum
1718 3938 1796 3998 anti·
1915 3955 1917 3960 ’

597 4041 727 4123 quiores
758 4037 934 4120 eodemque
964 4036 1078 4100 itidem
1112 4035 1201 4100 ducit
1224 4034 1355 4119 plenum
1381 4058 1495 4101 nomen
1522 4039 1708 4102 Οὐλτίου
1735 4046 1796 4100 Xa-

597 4144 719 4220 ρίτωνυς
752 4139 788 4208 (ὁ.
818 4142 843 4207 Ι.
876 4139 932 4207 Gr.
963 4164 994 4206 n.
1029 4140 1128 4206 2846.
1162 4138 1280 4206 Contra
1311 4149 1440 4206 exortus
1470 4149 1518 4206 eet
1548 4142 1732 4206 Schmidius
1762 4144 1794 4205 in

598 4248 844 4330 Euryclcpoedia
873 4246 1182 4331 Pauly-Viscorum,
1216 4249 1272 4331 qui
1295 4268 1396 4330 quum
1420 4253 1526 4312 totum
1549 4248 1609 4312 hoc
1632 4248 1669 4311 de
1692 4247 1797 4310 Eroti-

597 4374 712 4418 corum
753 4349 953 4437 Scriptorum
988 4352 1224 4416 imitationibus
1259 4355 1418 4416 incertum
1454 4373 1521 4417 esee
1555 4353 1794 4437 pronunciaret,

599 4460 783 4541 suspicatus
814 4462 863 4521 eet
893 4454 1100 4523 Charitonem
1131 4457 1276 4521 floruisse
1307 4460 1374 4521 sive
1406 4456 1530 4522 saeculo
1562 4456 1697 4521 secundo
1726 4459 1795 4521 sive

598 4563 659 4627 enh
690 4564 800 4646 ipsum
830 4563 963 4626 initium
995 4561 1114 4626 saeculi
1146 4565 1244 4627 tertii.
1280 4563 1368 4626 Adeo
1392 4565 1424 4625 in
1448 4561 1578 4625 illorum
1602 4563 1795 4646 scriptorum

596 4668 799 4752 temporibus
822 4666 1008 4732 definiendis
1033 4670 1140 4733 omnia
1163 4688 1246 4753 vaga
1269 4674 1302 4731 et
1324 4670 1445 4731 incerta
1468 4672 1551 4732 sunt.

644 4773 729 4853 Quid
766 4781 874 4838 antem
908 4774 1045 4838 editores
1080 4771 1249 4838 Britanni?
1285 4772 1435 4837 Fidentes
1466 4772 1625 4838 affirmant
1655 4794 1692 4837 ex
1723 4776 1793 4858 ipso

597 4883 776 4965 scripturae
808 4900 925 4965 genere
960 4879 1041 4944 effici
1074 4901 1191 4945 novam
1228 4900 1388 4966 papyrum
1424 4878 1618 4944 referendam
1654 4899 1720 4943 esse
1754 4877 1794 4943 ed
