5125 6150
817 795 882 859 106
1312 814 1495 863 nooarrms.

971 976 1119 1042 inbecilla
1142 977 1241 1055 foras,
1265 981 1298 1042 in
1322 983 1448 1063 aperto,
1473 980 1614 1064 tegmina
1638 978 1784 1063 dempto,

884 1081 948 1147 605
972 1106 1033 1148 non
1057 1084 1150 1148 modo
1174 1105 1234 1148 non
1258 1106 1384 1150 omnem
1408 1088 1508 1170 possit
1530 1085 1642 1149 durare
1664 1106 1720 1169 per
1741 1103 1870 1158 aevom,

931 1236 935 1243 -
971 1189 1026 1254 sed
1048 1193 1221 1254 minimum
1244 1190 1378 1275 quodvis
1401 1200 1535 1277 nequeat
1557 1194 1725 1256 consistere
1748 1184 1896 1274 tompus?

972 1318 1026 1360 nec
1050 1297 1111 1361 sibi
1134 1299 1219 1361 euim
1243 1300 1411 1382 quisquam
1436 1300 1573 1362 moriens
1595 1300 1711 1362 sentire
1735 1296 1862 1360 videtur

970 1405 1017 1466 ire
1040 1402 1122 1467 foras
1135 1405 1286 1467 animam
1307 1402 1501 1469 ineolumem
1526 1403 1711 1489 decerpere
1735 1409 1820 1479 toto,

970 1530 1026 1573 nec
1049 1512 1137 1595 prius
1160 1508 1199 1575 ad
1221 1508 1374 1596 iugulum
1397 1518 1428 1574 et
1452 1531 1565 1595 supera
1587 1509 1752 1574 succedere
1775 1509 1900 1584 fauces,

882 1615 947 1680 610
971 1637 1084 1680 verum
1106 1615 1236 1681 deficere
1257 1619 1291 1679 in
1316 1623 1400 1681 certa
1424 1620 1554 1702 regione
1577 1616 1731 1693 locatam3

970 1731 1007 1787 ut
1030 1744 1139 1788 sensus
1162 1723 1241 1787 alios
1263 1726 1298 1786 in
1322 1726 1405 1807 parti
1429 1744 1586 1808 quemque
1610 1745 1667 1788 sua
1690 1725 1750 1787 soit

969 1828 1112 1893 dissolui.
1137 1829 1221 1913 quod
1244 1832 1270 1893 si
1293 1829 1472 1893 inmortalis
1495 1838 1601 1894 nostra
1625 1830 1706 1893 foret
1728 1850 1833 1904 mens,

970 1957 1031 1999 non
1057 1941 1123 1998 tam
1147 1956 1179 1998 se
1202 1938 1340 1999 moriens
1363 1934 1494 1999 dissolvi
1516 1943 1768 2020 conquereretur,

969 2039 1023 2105 sed
1044 2044 1149 2126 magis
1172 2044 1218 2105 ire
1242 2042 1325 2105 foras
1350 2049 1533 2127 vestemque
1558 2042 1746 2127 relinquere,
1772 2047 1806 2104 ut
1831 2044 1956 2127 anguis.

857 2145 1031 2213 Contentus
1054 2151 1158 2232 coegit
1181 2169 1232 2211 me
1255 2154 1362 2212 totum
1385 2148 1492 2213 locum
1515 2150 1699 2213 exscribere.

857 2251 974 2329 Christ,
1005 2252 1131 2333 Quaest.
1164 2252 1290 2318 Lucret.
1315 2276 1345 2339 p.
1372 2253 1423 2331 19,
1448 2256 1621 2319 arbitratur
1644 2276 1705 2319 νεε.
1731 2252 1994 2318 592-606001·

810 2357 956 2423 locandos
980 2380 1047 2423 esse
1070 2367 1140 2443 post
1162 2382 1209 2424 νε.
1223 2358 1316 2438 ·579;
1342 2360 1459 2425 Munro
1483 2361 1608 2426 eosdem
1632 2364 1740 2447 posuit-
1763 2369 1834 2446 post
1854 2382 1900 2424 νε.
1915 2359 1991 2437 575,

811 2463 942 2550 Brieger
972 2464 1116 2540 seclusit,
1148 2465 1266 2529 Heinze
1297 2487 1349 2530 eos
1379 2474 1485 2531 servat
1515 2487 1572 2531 suo
1595 2466 1681 2543 loce,
1706 2469 1892 2531 existimans
1914 2466 1991 2529 enim

811 2591 857 2634 νε.
882 2569 946 2635 607
977 2593 1038 2635 non
1070 2574 1225 2656 pertinere
1256 2572 1295 2637 ad
1320 2594 1356 2637 ea
1379 2594 1458 2658 quae
1480 2577 1625 2657 proxime
1648 2572 1847 2648 antecedunt,
1873 2573 1927 2636 sed
1950 2571 1989 2636 ad

810 2685 910 2741 totam
941 2677 1043 2742 thesin
1073 2677 1271 2764 generalem
1303 2677 1453 2744 Giussani
1476 2686 1549 2764 post
1573 2701 1619 2743 νε.
1646 2678 1709 2743 591
1736 2677 1902 2743 collocavit
1926 2700 1987 2742 vss.

811 2781 999 2860 607-614,
1023 2791 1094 2848 tum
1116 2805 1178 2849 νεε.
1205 2782 1279 2862 798,
1305 2783 1380 2849 799.

853 2888 915 2969 Qui
945 2893 1007 2954 viri
1037 2889 1121 2956 docti
1151 2891 1209 2955 hac
1240 2894 1274 2954 in
1297 2912 1331 2956 re
1355 2891 1435 2954 mihi
1458 2890 1607 2955 videntur
1629 2911 1731 2955 errare
1753 2911 1879 2968 omnes,
1905 2891 1988 2974 quod

808 3002 921 3084 putant
944 3018 1007 3061 νεε.
1032 2995 1209 3061 603-606
1233 2996 1410 3061 referendos
1432 3018 1499 3061 esse
1519 2997 1558 3061 ad
1575 3018 1685 3061 versus
1706 3000 1761 3082 qui
1781 2996 1986 3071 antecedunt,

806 3125 872 3168 esse
902 3103 1134 3168 conclusionem
1165 3106 1358 3189 argumenti.
1390 3103 1470 3168 Rem
1499 3112 1607 3169 autem
1631 3107 1677 3168 ita
1699 3125 1732 3168 se
1754 3104 1868 3169 habere
1892 3125 1984 3189 nego.

806 3210 936 3276 Poterat
953 3213 999 3275 ita
1018 3232 1101 3288 esse,
1126 3214 1153 3275 si
1170 3211 1367 3275 antecederet
1386 3214 1540 3276 sententia
1559 3210 1790 3275 condicionalis.
1814 3210 1873 3274 Ex.
1893 3232 1943 3295 gr.
1958 3209 1987 3273 ll

807 3317 848 3383 47
872 3318 1007 3403 legitur:
1035 3320 1133 3403 „quod
1153 3318 1181 3381 ei
1205 3318 1337 3380 ridiculo
1359 3319 1431 3380 hoec
1455 3318 1644 3402 ludibriaque
1666 3340 1726 3381 esec
1749 3318 1880 3380 videmus
1900 3325 1985 3392 cett,

805 3429 877 3488 tum
908 3427 1052 3509 sequitur
1082 3425 1226 3508 apodosis
1260 3445 1303 3487 νε.
1337 3423 1396 3487 53:
1430 3424 1504 3508 quid
1533 3425 1652 3486 debitae
1682 3424 1754 3508 quin
1774 3430 1847 3487 cett,
1878 3421 1987 3488 Simili

805 3530 897 3594 modo
926 3529 1060 3595 111580
1091 3529 1247 3594 antecedit
1272 3531 1428 3594 sententia
1451 3528 1603 3594 causalis:
1635 3529 1772 3613 Denique
1794 3552 1857 3591 cunc
1880 3550 1985 3610 corpus

803 3643 927 3720 nequeat
946 3639 1088 3720 perfora
1110 3636 1223 3699 animai
1245 3636 1405 3699 ‹lieeidr'um
1429 3643 1513 3713 cett,
1535 3639 1678 3721 sequitur
1701 3644 1810 3700 autem
1831 3658 1877 3700 vs.
1899 3634 1983 3699 582:

803 3744 878 3828 qaid
907 3744 1026 3805 dubitor
1055 3744 1127 3828 quin
1158 3750 1231 3808 cett.
1263 3743 1333 3807 Hoc
1364 3765 1439 3808 vero
1470 3742 1555 3818 loco,
1581 3743 1618 3808 de
1643 3764 1704 3829 quo
1728 3765 1811 3807 nunc
1835 3745 1982 3827 agimuS,

802 3849 957 3914 eiusmodi
991 3852 1147 3914 sententia
1180 3849 1402 3915 condicionalis
1436 3849 1486 3914 vel
1516 3849 1650 3914 causalis
1681 3850 1784 3925 abest,
1820 3870 1915 3934 quam
1945 3848 1983 3912 ob

802 3977 869 4019 rem
901 3959 1048 4020 existimo
1079 3963 1161 4020 recte
1186 3955 1483 4021 Boclremuellerum
1508 3977 1555 4021 νε.
1580 3954 1757 4020 693-606
1781 3957 1980 4020 coniunxisse

801 4083 874 4127 eum
897 4065 937 4126 iis
962 4066 1016 4147 qui
1039 4071 1215 4148 sequuntur
1238 4084 1286 4126 νε.
1312 4063 1394 4128 607:
1417 4087 1469 4126 nec
1490 4062 1549 4125 eidi
1571 4063 1649 4125 enim
1671 4063 1824 4147 qnisquam
1848 4069 1921 4126 cett.

845 4170 943 4233 Poeta
973 4168 1046 4232 iude
1077 4189 1165 4233 ονε.
1191 4167 1255 4233 603
1280 4172 1324 4233 sic
1346 4173 1568 4234 ratiocinatur:
1594 4168 1692 4233 Nullo
1717 4169 1810 4233 modo
1836 4169 1980 4233 dubitan-

800 4277 878 4340 dum
902 4289 950 4340 est
974 4279 1051 4360 quin
1073 4278 1179 4340 anima
1202 4282 1291 4339 extra
1313 4297 1426 4361 corpus
1449 4276 1572 4361 prodita
1595 4297 1633 4340 ua
1656 4278 1827 4339 minimum
1851 4275 1979 4360 quidem

799 4391 955 4467 punctum
985 4384 1138 4467 temporis
1168 4385 1269 4466 possit
1300 4382 1420 4447 durare.
1456 4382 1525 4447 Hoc
1548 4386 1633 4447 enim
1657 4386 1685 4446 si
1708 4385 1822 4467 possit,
1848 4382 1980 4446 debebat

799 4496 882 4551 certe
905 4491 1029 4572 integra
1052 4494 1084 4553 et
1107 4487 1193 4552 salva
1217 4509 1330 4572 corpus
1355 4487 1542 4574 relinquere.
1565 4488 1626 4552 Sed
1649 4510 1688 4552 ne
1707 4489 1765 4552 hoc
1786 4488 1915 4573 quidem
1934 4492 1980 4551 ita

799 4592 852 4667 fit,
875 4614 949 4657 narn
973 4615 1064 4659 uemo
1087 4597 1224 4659 moriens
1248 4593 1376 4658 videtur
1399 4598 1514 4659 sentire
1537 4598 1677 4660 animam
1701 4617 1793 4659 suam
1815 4617 1831 4659 ε
1850 4615 1979 4680 corpore

798 4701 884 4763 exire
913 4702 1089 4784 integram,
1121 4700 1174 4765 sed
1205 4721 1314 4764 seusus
1346 4703 1380 4763 in
1411 4721 1468 4764 sua
1498 4703 1633 4785 quisque
1666 4708 1754 4785 parte
1777 4707 1977 4765 evanescunt.

799 4803 832 4867 Si
855 4812 1099 4889 autemcorpus
1123 4809 1247 4892 integra
1270 4827 1332 4871 non
1355 4805 1508 4890 relinquit
1530 4810 1650 4876 anima.
1677 4829 1738 4892 quo
1762 4807 1856 4872 modo
1880 4809 1980 4891 possit

797 4911 921 4994 integra
955 4913 1123 4975 consistere
1154 4927 1243 4976 extra
1273 4933 1403 4999 corpus,
1434 4916 1468 4977 in
1498 4918 1585 4989 aire,
1617 4913 1707 4978 nulla
1737 4935 1771 4978 re
1801 4911 1906 4979 tecta?
1929 4911 1977 4979 Of.
