5125 6150
1236 811 1303 858 vlll

684 983 927 1055 Luchtmansi
954 983 1131 1054 meritum
1160 982 1204 1054 de
1230 982 1355 1068 nobie,
1380 1004 1525 1055 summe
1550 984 1740 1069 virorum,

734 1111 791 1183 Sit
816 1120 1001 1204 quantum
1029 1115 1158 1204 gratus
1184 1131 1476 1182 commemorare
1500 1111 1612 1182 soles:

685 1238 782 1310 Illud
808 1261 876 1333 ego
902 1242 1080 1331 expertus
1106 1237 1247 1314 dudum
1274 1242 1313 1309 te
1339 1260 1412 1310 non
1439 1238 1563 1309 minus
1588 1239 1687 1332 ipsc,

733 1366 901 1460 Denique
929 1387 1028 1437 nunc
1054 1388 1140 1438 vere
1165 1365 1333 1437 conscius
1358 1387 1442 1437 ecce
1468 1365 1616 1457 loquor!

682 1494 979 1588 Bibliopolarum
1006 1516 1103 1587 quae
1129 1498 1218 1564 sunt
1244 1493 1467 1565 commercia
1492 1494 1588 1565 mira

734 1664 777 1673 —
805 1620 936 1693 Totius
963 1619 1053 1692 haec
1080 1619 1209 1690 mundi
1235 1642 1300 1712 per
1325 1619 1400 1690 tria
1425 1642 1540 1712 regna
1564 1621 1693 1692 valent
1722 1663 1764 1672 -

685 1750 788 1822 Haec
813 1747 919 1819 nobis
946 1746 1084 1819 servire
1110 1746 1232 1819 iubet:
1261 1747 1313 1818 sic
1338 1746 1518 1840 quidquid
1545 1748 1683 1842 ubique

735 1876 918 1949 Scribitur
942 1875 982 1944 in
1008 1877 1155 1945 nostras
1182 1875 1353 1966 pervenit
1378 1896 1489 1947 omne
1516 1898 1667 1963 manuS,

686 2004 823 2077 Ordine
849 2007 930 2074 tarn
956 2005 1058 2074 certo
1084 2023 1303 2094 superorum
1329 2005 1501 2094 tempora
1525 2007 1570 2074 ut
1594 2003 1674 2096 ipsa

732 2131 788 2204 De
813 2130 919 2203 nobis
944 2129 1066 2223 quivis
1091 2129 1167 2200 iarn
1193 2152 1391 2201 numerare
1417 2136 1542 2222 queat.

684 2260 943 2352 Mnemosyncs
970 2257 1062 2328 mihi
1088 2257 1139 2328 sic
1163 2255 1280 2328 allato
1307 2280 1417 2329 mane
1443 2259 1582 2330 recenti

734 2385 942 2473 FascicuIO,
968 2385 1104 2456 titulus
1126 2385 1188 2456 vix
1214 2384 1305 2455 mihi
1333 2386 1434 2457 visus
1460 2387 1544 2475 ubi,

687 2514 884 2587 Exclamo:
913 2513 970 2585 bis
996 2512 1161 2606 quinque
1185 2513 1303 2605 igitur
1328 2519 1418 2585 sunt
1438 2514 1560 2585 lustra
1588 2520 1761 2607 peracta,

736 2642 898 2715 Strenua
923 2639 1131 2712 coniunctis
1158 2639 1298 2711 viribus
1323 2640 1388 2711 illa
1413 2641 1507 2712 trias

688 2772 742 2843 Ex
768 2791 842 2863 quo
869 2766 1033 2840 decrevit
1059 2767 1238 2838 iuvenum
1264 2768 1488 2841 contendere
1513 2770 1638 2843 avitae

738 2899 788 2970 Ut
815 2897 899 2968 laus
924 2895 1114 2968 doctrinae
1141 2901 1321 2968 cresceret
1346 2918 1464 2989 usque
1491 2902 1652 2971 reeens.''

684 3029 755 3102 Hic
782 3048 867 3122 ego:
901 3025 1108 3111 „laetitiam
1134 3027 1284 3096 tantam
1310 3026 1472 3119 novique
1497 3027 1699 3120 proboque:

736 3156 895 3229 Hercule
922 3178 1001 3227 rem
1028 3176 1204 3247 magnam
1229 3153 1366 3247 gaudia
1392 3178 1529 3248 magna
1553 3155 1704 3227 decent!

685 3286 834 3358 Perstat
861 3285 959 3357 enirn
986 3281 1145 3353 solidum
1173 3281 1306 3353 titulos
1332 3288 1519 3376 augetque
1541 3283 1728 3355 But-avum

733 3415 855 3486 Ardor
881 3413 979 3506 quod
1008 3410 1096 3483 felix
1122 3410 1335 3482 aedificavit
1360 3434 1462 3504 opus.

687 3543 793 3627 Quod
819 3544 972 3614 iuvenes
998 3563 1153 3635 posuere
1180 3544 1310 3612 manet
1334 3541 1633 3635 documentaque
1658 3565 1796 3635 magna

735 3670 841 3740 Illius
867 3669 1014 3761 antiqui
1039 3690 1148 3760 saepe
1173 3667 1239 3737 dat
1264 3667 1426 3761 ingenii,

685 3798 741 3871 Tu
770 3821 844 3890 quo
870 3795 1106 3889 splendebas:
1134 3795 1205 3866 tibi
1232 3793 1295 3866 sed
1319 3795 1408 3888 quid
1436 3796 1628 3870 blandiori
1653 3821 1701 3868 an
1728 3819 1802 3868 non

733 3925 784 3996 'Pe
810 3924 945 3996 faciam
970 3923 1103 4015 quanti
1130 3922 1304 4016 colligere
1329 3924 1407 4017 ipse
1433 3926 1559 4017 potest

687 4053 756 4126 Sed
784 4051 876 4122 mihi
900 4050 958 4122 dic
984 4073 1117 4120 unuin:
1144 4050 1247 4121 cuius
1273 4074 1374 4123 nunc
1400 4075 1535 4124 nornen
1562 4054 1600 4125 in
1628 4055 1709 4147 ipsa

736 4181 874 4252 Fronte
900 4179 981 4273 lego
1006 4178 1114 4266 libri,
1141 4179 1237 4250 tilius
1263 4203 1361 4252 anne
1387 4202 1500 4273 nepos

685 4306 827 4380 Naberi
853 4307 954 4377 illius
980 4311 1056 4394 est,
1082 4306 1180 4378 socio
1207 4329 1280 4399 quo
1307 4307 1477 4379 Kiehlius
1503 4308 1565 4380 ille

735 4434 992 4527 Mehlerusque
1017 4433 1105 4505 olim
1133 4437 1282 4505 tantam
1308 4436 1424 4508 iniere
1452 4436 1597 4507 viaml”
1641 4487 1650 4502 .

687 4560 860 4635 Suaviter
885 4562 945 4634 hic
969 4561 1051 4633 risit
1077 4561 1239 4635 Cobetus
1264 4568 1304 4635 et
1333 4587 1375 4648 „o
1401 4564 1518 4637 bone''
1546 4565 1702 4655 clamat,

735 4690 819 4783 lpse
848 4690 925 4763 est!
953 4713 974 4763 o
1000 4691 1142 4784 pridem
1168 4714 1281 4785 quarn
1311 4692 1402 4762 mihi
1428 4714 1535 4764 carus
1560 4692 1685 4765 erat!''

690 4824 816 4915 ,Δεινός
846 4823 951 4929 οἷνῆρ”
981 4853 1047 4924 ego
1073 4836 1157 4902 turn
1187 4834 1393 4925 „quantum
1420 4833 1683 4926 complectitur
1709 4834 1802 4906 artis
