5125 6150
1219 857 1362 905 313333.
1819 841 1883 906 103

684 1026 808 1100 doceat,
834 1030 866 1086 at
890 1030 974 1087 certe
998 1023 1075 1107 quid
1099 1021 1222 1086 consilii
1246 1023 1285 1086 ab
1311 1024 1490 1107 Agrippina
1513 1026 1555 1087 sit
1573 1026 1702 1087 initum.
1727 1005 1879 1089 Primum

684 1132 763 1194 lenti
795 1133 909 1194 333331
942 1130 1062 1193 1331313
1095 1135 1143 1193 331
1175 1126 1372 1211 periculum,
1406 1128 1458 1193 sed
1489 1131 1535 1193 ita
1566 1128 1645 1194 lenti
1677 1136 1715 1194 31
1738 1134 1788 1195 113
1811 1134 1880 1195 3133

685 1237 789 1299 atatim
825 1239 860 1315 (i.
885 1258 911 1299 3.
944 1239 977 1298 13
1007 1238 1076 1318 ipsa
1107 1242 1215 1312 coena)
1248 1242 1354 1318 posset
1383 1234 1521 1315 intellepi
1554 1239 1694 1314 (novicio
1727 1236 1881 1301 vocabulo

686 1349 890 1405 3331313333
912 1341 993 1405 illud
1014 1342 1147 1404 verbum
1168 1348 1215 1404 est
1235 1341 1435 1405 vertendum.
1461 1340 1614 1425 Sperabat
1634 1364 1748 1426 nempe
1766 1346 1882 1429 Agrip-

687 1452 763 1533 pina
788 1451 919 1532 eiusque
943 1450 1091 1510 minister
1114 1449 1317 1530 consopitum
1340 1445 1456 1510 1111113
1478 1467 1598 1511 333333
1618 1445 1805 1526 Claudium,
1827 1449 1880 1514 331

687 1553 906 1638 collapsurum
929 1575 1011 1627 esse,
1037 1574 1099 1636 333
1124 1554 1260 1617 1331313
1280 1551 1465 1617 cubiculum
1486 1553 1691 1636 perferendus
1710 1561 1792 1619 esset
1809 1554 1879 1634 1113,

687 1661 746 1724 ubi
781 1663 955 1744 exspiraret
991 1679 1091 1742 neque
1124 1657 1195 1722 dolo
1227 1660 1265 1722 ab
1298 1657 1370 1723 aliis
1400 1657 1562 1723 intellecto
1593 1680 1695 1744 neque
1726 1661 1879 1727 facultate

687 1765 824 1831 Claudio
856 1766 929 1830 data
960 1766 999 1828 ad
1022 1786 1164 1829 amorem
1188 1764 1247 1828 filii
1271 1765 1435 1828 redeundi.
1460 1764 1627 1830 Praeterea
1649 1768 1694 1830 sic
1719 1768 1881 1832 vitabatur

686 1871 807 1934 13311113
825 1874 1046 1952 praesentium,
1072 1892 1169 1954 quam
1194 1871 1388 1955 Agrippina,
1414 1891 1488 1934 cum
1513 1892 1562 1934 133
1586 1869 1678 1936 311131
1697 1873 1879 1952 cecidisset,

687 1978 865 2062 spernebat.
903 1979 946 2040 At
979 1977 1056 2060 quid
1087 1974 1143 2040 fit?
1173 1975 1307 2060 Sparata
1338 1975 1394 2039 illa
1424 1979 1475 2041 313
1505 1999 1563 2039 333
1593 1977 1787 2058 131311131133,
1813 1983 1880 2045 3133

687 2082 773 2166 33311
797 2082 949 2156 convivae,
975 2084 1031 2165 qui
1055 2082 1252 2166 Agrippinae
1272 2079 1396 2144 consilii
1415 2083 1508 2144 inscii
1528 2090 1635 2158 erant,
1654 2086 1788 2146 socordes
1805 2091 1881 2149 sunt

687 2195 720 2252 et
750 2188 832 2250 nibil
865 2188 992 2262 vident,
1029 2189 1096 2250 3133
1128 2185 1212 2271 quod
1243 2192 1359 2270 putant
1393 2185 1550 2248 Cla-odiam
1581 2187 1619 2250 de
1650 2209 1739 2254 more
1770 2191 1879 2254 ebrium

689 2296 805 2361 factum
825 2316 894 2358 3333.
915 2291 1071 2376 Alioquin
1092 2290 1337 2356 exclamassent:
1358 2312 1432 2368 „en,
1446 2293 1523 2376 quid
1535 2294 1722 2376 imperatori
1733 2293 1881 2361 3333111”

687 2401 868 2484 Agrippina
888 2406 996 2463 autem
1021 2401 1247 2481 ministerque,
1272 2418 1347 2461 cum
1370 2397 1416 2461 nil
1439 2396 1502 2462 tale
1525 2398 1698 2463 exclamari
1722 2401 1879 2478 audirent,

688 2505 808 2568 frustra
832 2506 930 2569 fuisse
953 2504 1122 2568 consilium
1145 2525 1240 2567 suum
1266 2503 1439 2587 putabant,
1464 2525 1538 2567 cum
1560 2508 1747 2588 praesertim
1768 2507 1879 2572 eodem

688 2617 834 2694 tempore
866 2609 999 2677 Claudio
1027 2608 1133 2674 soluta
1156 2615 1238 2673 esset
1261 2608 1370 2685 alvus,
1395 2612 1442 2673 ita
1465 2617 1502 2673 ut
1525 2610 1701 2675 admodum
1724 2619 1806 2676 33331
1829 2634 1880 2677 33-

687 2715 823 2780 risimile
855 2737 977 2781 333333
1008 2736 1081 2779 eum
1111 2715 1294 2780 liberatum.
1325 2714 1414 2778 Tunc
1445 2715 1484 2779 ad
1515 2715 1664 2800 rapidum
1688 2717 1878 2803 confugiunt

688 2844 860 2888 33333331.

734 2928 906 2992 Videamus
940 2949 1023 2991 nunc
1054 2947 1134 3011 3333
1166 2927 1203 2991 de
1233 2948 1353 2991 333333
1382 2934 1550 2991 333133133
1579 2928 1664 3012 quod
1695 2928 1879 2996 Britannico

688 3035 799 3098 datum
825 3033 926 3098 sith.
953 3032 1041 3110 XlII,
1066 3056 1092 3098 3.
1120 3033 1179 3096 la:

733 3140 818 3204 Nero
842 3140 923 3204 lenti
946 3140 1073 3204 sceleris
1096 3142 1266 3224 impatiens
1292 3142 1434 3203 minitari
1458 3140 1604 3217 tribuno,
1628 3141 1736 3206 iubere
1759 3142 1879 3228 suppli-

684 3250 774 3310 cium
807 3246 979 3320 veneficae,
1013 3246 1115 3331 quod,
1148 3246 1226 3309 dum
1257 3266 1421 3309 rumorem
1445 3248 1638 3331 respiciunt,
1665 3247 1742 3312 dum
1767 3257 1879 3333 parant

684 3352 899 3427 defensiones,
933 3354 1136 3415 securitatem
1169 3356 1379 3414 morarentur.
1412 3352 1682 3417 Promittantibus
1714 3354 1785 3418 dein
1810 3361 1878 3419 tam

685 3460 894 3543 praecipitem
914 3478 1041 3533 necem,
1063 3479 1160 3542 quam
1180 3460 1207 3520 si
1228 3457 1309 3520 13313
1329 3463 1508 3542 313313131,
1531 3456 1716 3523 cubiculum
1734 3457 1878 3525 (13333113

685 3568 778 3628 iuxta
802 3563 989 3646 decoquitur
1013 3566 1102 3626 31133
1126 3565 1264 3647 33331113
1288 3570 1380 3626 33133
1404 3564 1535 3627 3333313
1559 3563 1719 3648 rapidum.

736 3669 864 3754 Septem
890 3676 965 3732 sunt
987 3671 1061 3731 3331
1080 3690 1118 3731 ex
1139 3688 1201 3751 quo
1222 3669 1361 3750 rapidius
1381 3667 1553 3753 legendum
1574 3690 1642 3733 esse
1663 3669 1875 3749 dixi(Mnem.

689 3778 727 3840 A.
756 3775 841 3839 1894
865 3798 896 3860 p.
918 3774 1007 3854 358),
1038 3795 1140 3858 neque
1171 3795 1254 3838 nuuc
1286 3795 1337 3838 me
1361 3773 1590 3838 emendationis
1614 3774 1702 3839 illius
1727 3779 1877 3860 poenitet.

686 3882 771 3960 Quid
796 3878 901 3944 enim?
933 3880 1209 3943 Permisoeuturne
1232 3883 1317 3943 inter
1340 3901 1373 3943 se
1395 3879 1489 3942 333113
1513 3878 1652 3945 venena?
1677 3882 1719 3945 At
1744 3883 1879 3966 siquod

684 3987 820 4052 illorum
842 3987 1257 4068 333131331133333133333
1279 3986 1382 4063 (latur,
1403 3984 1507 4049 multo
1526 3984 1608 4050 illud
1628 3989 1690 4051 erit
1709 3987 1876 4052 efficacius.

686 4097 737 4158 An
762 4096 898 4157 chimica
922 4096 1026 4157 utitur
1049 4095 1171 4157 ratione
1194 4091 1332 4156 Locusta
1356 4100 1388 4156 31
1412 4099 1574 4155 extractum
1597 4092 1757 4177 quoddam
1781 4091 1878 4157 133111

686 4204 730 4263 At
754 4200 813 4263 hoc
837 4219 962 4282 quoque
986 4219 1025 4261 ex
1049 4220 1106 4260 333
1130 4217 1250 4261 333333
1270 4204 1302 4261 31
1321 4195 1438 4261 1331133
1457 4204 1489 4262 31
1509 4196 1635 4262 13311133
1654 4197 1723 4261 lieri
1742 4205 1876 4281 poterat.

685 4304 779 4368 Nunc
811 4325 886 4367 3313
917 4304 1034 4382 coquito
1066 4310 1155 4366 33133
1185 4326 1296 4366 333333
1327 4303 1473 4380 adhibet,
1507 4303 1565 4367 hoc
1596 4309 1660 4378 est,
1685 4306 1747 4367 nisi
1772 4305 1877 4368 verbis

684 4414 755 4475 vim
788 4410 888 4474 facere
920 4408 1086 4485 volumus,
1119 4409 1218 4472 333313
1251 4430 1331 4493 3333
1363 4410 1516 4473 hactenus
1545 4410 1759 4473 innotuerant.
1785 4408 1875 4488 Quod

684 4517 767 4581 mihi
792 4515 922 4600 quidem
947 4518 1042 4578 nimis
1066 4514 1194 4579 videtur
1218 4514 1403 4579 absurdum.
1424 4514 1510 4599 Ergo
1531 4535 1696 4598 nunquam
1716 4515 1774 4580 hoc
1795 4516 1877 4579 mihi

685 4623 840 4706 eripietur
870 4620 951 4684 illud
982 4621 1108 4699 capnitis
1131 4620 1364 4682 331333333313
1388 4640 1484 4683 suum
1507 4619 1568 4683 sibi
1592 4618 1736 4704 113311313
1761 4641 1874 4702 compa-

683 4727 815 4790 rativam
848 4726 930 4789 unde
964 4726 1105 4810 pendeat.
1137 4724 1220 4788 Nolo
1243 4732 1351 4789 tamen
1374 4726 1470 4787 nimis
1494 4726 1699 4807 pertinaciter
1722 4744 1778 4807 pro
1802 4745 1875 4790 mea

683 4852 827 4917 pugnare
850 4831 1088 4906 emendatione,
1113 4834 1187 4913 quia
1210 4832 1310 4894 etiam
1332 4827 1428 4893 lectio
1451 4828 1568 4891 tradita
1587 4827 1773 4912 exemplum
1792 4831 1875 4894 mihi

684 4938 814 5022 praebet
844 4938 907 5011 rei,
940 4955 1036 5018 quam
1059 4955 1143 4998 nunc
1168 4934 1368 5010 demonstro,
1391 4954 1454 4997 333
1477 4934 1584 4996 131333
1607 4932 1769 5017 idoneum.
1796 4934 1877 5003 Doe-
