5125 6150
988 1361 1182 1452 sunnin
1209 1362 1561 1456 LUCRETIANA.

1208 1588 1331 1629 scelests

1121 1753 1150 1819 J.
1182 1753 1433 1822 WOL'PJER.

916 1907 1152 1984 (Continentur
1176 1932 1209 1972 ea
1240 1910 1304 1973 Vol.
1330 1910 1462 1973 XXVII
1472 1933 1546 1992 pap.
1574 1909 1638 1992 72).

1201 2188 1343 2216 -eoooe—

682 2420 728 2486 Ill
753 2421 821 2488 580
845 2421 988 2509 Denique
1011 2444 1085 2488 oum
1108 2445 1220 2510 corpus
1241 2432 1376 2510 nequeat
1399 2429 1535 2512 perferre
1558 2432 1675 2496 animai

844 2529 1022 2610 discidium,
1047 2533 1124 2617 quin
1147 2533 1181 2594 in
1204 2538 1306 2598 taetro
1328 2535 1469 2600 tabescat
1491 2535 1595 2613 odore,

842 2636 919 2722 quid
944 2637 1070 2703 dubitas
1093 2640 1169 2723 quin
1192 2659 1229 2704 ex
1255 2642 1320 2704 imo
1343 2644 1532 2728 penitusque
1557 2649 1661 2709 coorta

842 2746 999 2809 emanarit
1021 2747 1070 2809 uti
1093 2744 1202 2809 fumus
1224 2745 1336 2812 diffusa
1359 2749 1482 2814 animae
1505 2751 1571 2827 uis,

841 2857 937 2934 atque
958 2849 1029 2915 ideo
1051 2856 1140 2916 tanta
1163 2857 1326 2917 mutatum
1348 2859 1441 2938 putre
1463 2857 1557 2920 ruina

750 2953 817 3020 585
841 2956 1011 3021 conciderit
1033 2977 1162 3041 corpus,
1187 2961 1315 3042 penitus
1338 2962 1412 3044 quia
1435 2966 1523 3027 mota
1544 2960 1613 3026 looo
1637 2969 1711 3026 sunt

841 3063 1063 3142 fundamenta,
1088 3065 1170 3129 foras
1192 3072 1341 3131 manante
1363 3069 1468 3133 anima
1490 3090 1591 3154 usque
1614 3091 1670 3155 per
1693 3076 1781 3136 artus

840 3193 958 3257 perque
980 3174 1108 3237 viarum
1131 3174 1234 3237 omnis
1255 3172 1374 3251 flexus,
1398 3177 1431 3239 in
1454 3196 1583 3261 corpore
1605 3179 1660 3262 qui
1684 3184 1775 3256 sunt,

840 3284 934 3363 atque
958 3275 1132 3343 foramina?
1155 3278 1356 3345 multimodis
1380 3286 1416 3344 nt
1439 3302 1564 3347 nosoere
1587 3286 1689 3367 possis

840 3385 1040 3470 dispertitam
1063 3386 1186 3449 animae
1209 3391 1357 3450 naturam
1380 3389 1480 3451 exisse
1503 3408 1559 3473 per
1581 3393 1685 3467 artus,

751 3490 818 3555 590
841 3499 872 3557 et
896 3494 984 3578 prins
1006 3513 1073 3557 esse
1097 3492 1157 3557 sibi
1180 3490 1364 3557 distractam
1388 3514 1517 3579 corpore
1539 3496 1571 3558 iu
1595 3497 1681 3579 ipso,

840 3619 935 3683 quam
959 3598 1103 3684 prolapsa
1125 3598 1210 3662 foras
1232 3605 1340 3664 enaret
1361 3602 1395 3662 in
1418 3601 1498 3664 airis
1522 3619 1624 3665 auras.

840 3707 916 3790 quin
939 3707 1037 3770 etiam
1060 3704 1132 3768 finis
1155 3703 1233 3768 dum
1256 3708 1341 3770 vitae
1364 3707 1501 3769 vertitur
1523 3707 1624 3784 intra,

840 3832 930 3896 saepe
953 3810 1060 3896 aliqua
1084 3816 1190 3875 tamen
1213 3832 1230 3874 e
1253 3831 1347 3875 causa
1369 3809 1521 3876 labefacta
1541 3811 1668 3877 videtur

837 3919 884 3982 ire
908 3920 1014 3982 anima
1036 3938 1071 3982 ao
1093 3922 1160 3981 toto
1183 3915 1267 3980 solui
1291 3915 1328 3981 de
1352 3937 1479 4001 corpore
1502 3915 1585 3983 velle

748 4020 813 4085 595
838 4030 870 4088 et
893 4026 983 4109 quasi
1005 4043 1153 4108 supremo
1176 4021 1380 4108 languescere
1403 4028 1544 4108 tempore
1568 4024 1692 4101 voltus,

838 4128 1010 4215 molliaque
1034 4131 1189 4215 exsangui
1212 4134 1324 4193 trunco
1347 4128 1456 4194 eadere
1480 4132 1587 4193 omnia
1610 4129 1763 4194 membra.

838 4236 921 4321 quod
944 4256 1046 4322 genus
1070 4241 1131 4313 est,
1156 4237 1261 4300 animo
1286 4233 1513 4299 malefactum
1537 4255 1611 4299 oum
1633 4234 1817 4319 perhibetur

836 4347 892 4406 aut
915 4344 1056 4406 animam
1077 4340 1225 4426 liquiese;
1250 4340 1306 4405 ubi
1328 4342 1393 4404 iam
1416 4340 1592 4424 trepidatur
1615 4346 1647 4403 et
1670 4359 1778 4404 omnes

836 4454 1016 4512 extremum
1038 4449 1173 4533 cupiunt
1194 4448 1280 4512 vitae
1304 4444 1548 4530 repraehendere
1572 4444 1732 4509 vinclum:

745 4551 813 4618 600
835 4560 1063 4638 conquassatur
1086 4556 1171 4618 enim
1196 4557 1267 4617 tum
1291 4573 1379 4616 mens
1402 4555 1587 4636 animaeque
1612 4556 1749 4636 potestas

837 4662 957 4737 omnis,
982 4665 1014 4725 et
1036 4660 1113 4726 haec
1136 4661 1205 4744 ipso
1228 4679 1302 4723 cum
1325 4678 1452 4743 corpore
1476 4656 1604 4722 conlabe
1626 4657 1723 4735 fiunt;

835 4770 873 4829 ut
894 4768 1024 4853 gravior
1045 4764 1140 4851 paulo
1164 4767 1265 4850 possit
1288 4763 1460 4829 dissoluere
1483 4783 1588 4827 causa.

834 4871 912 4956 quid
935 4870 1060 4938 dubitas
1083 4870 1212 4936 tandem
1235 4871 1312 4954 quin
1336 4876 1423 4935 extra
1446 4868 1570 4952 prodita
1594 4888 1707 4953 corpus

1700 4988 1715 5032 a
