5125 6150
986 816 1030 866 AI)
1053 818 1285 868 amaveramus
1309 820 1398 869 MS.

959 983 1009 1046 τδν
1033 980 1207 1061 αλαδρίμον
1232 981 1390 1059 οίλοίμενος

958 1084 1016 1164 ἅμ’
1041 1086 1161 1162 οίνίμονν
1184 1095 1308 1151 πνοαῖσι
1332 1089 1437 1166 βαίην.

589 1197 636 1260 At
667 1194 749 1258 nihil
781 1202 829 1258 est
852 1194 1037 1272 οὶλαδρίμον,
1060 1196 1169 1277 itaque
1191 1194 1286 1259 hodie
1308 1197 1342 1258 iu
1366 1194 1560 1260 editionibus
1582 1203 1697 1284 regnat
1717 1199 1783 1263 fera

590 1299 765 1367 Godofredi
796 1300 976 1364 Hermanni
1007 1301 1175 1364 eorrectio:
1207 1301 1257 1364 τὸν
1289 1298 1418 1365 ι’ίλαδε
1450 1300 1566 1380 δρόμον,
1591 1324 1687 1388 quam
1711 1323 1784 1389 sug-

587 1414 759 1494 gesserunt
789 1407 887 1471 verba
919 1404 1048 1470 scholii:
1082 1405 1155 1482 „etv
1185 1407 1227 1477 εἰς
1259 1403 1326 1470 ιίλα
1360 1406 1496 1483 δαίμον’.
1528 1407 1566 1472 In
1590 1430 1652 1493 qua
1676 1416 1783 1474 tamen

590 1534 707 1599 parum
730 1512 834 1597 placet
858 1533 919 1576 vox
944 1509 1051 1589 δρόμος
1074 1514 1181 1576 ieiune
1204 1514 1281 1576 satis
1305 1511 1465 1596 adhibita,
1490 1512 1580 1578 nullo
1605 1513 1713 1580 addito
1736 1518 1782 1579 in·

588 1619 673 1683 dicio
708 1618 792 1682 unde
827 1623 978 1702 appareat
1011 1616 1049 1680 do
1085 1637 1222 1701 quanam
1254 1620 1307 1682 via
1339 1638 1441 1702 quove
1472 1621 1554 1683 mori
1584 1621 1628 1683 sit
1657 1640 1778 1699 sermo;

586 1727 719 1812 egregie
753 1731 863 1788 autem
898 1721 1047 1808 displicet
1077 1725 1186 1808 ipsum
1219 1722 1303 1788 illud
1338 1727 1436 1788 maris
1467 1724 1590 1790 visendi
1621 1726 1778 1791 studium.

586 1828 837 1915 Desperantium
870 1828 903 1893 id
938 1850 1007 1893 esse
1042 1828 1138 1907 solet,
1174 1835 1212 1893 ut
1247 1828 1395 1914 procellis
1429 1830 1532 1915 abripi
1566 1829 1780 1917 fluctibusque

587 1936 683 2000 obrui
716 1938 863 2020 cupiant:
896 1941 992 2020 poeta
1022 1935 1074 1999 hio
1105 1956 1162 1999 our
1192 1933 1286 1999 littus
1317 1941 1511 2020 appetat-
1536 1957 1599 2000 non
1629 1939 1717 2001 enim
1741 1937 1779 2003 de

586 2049 710 2105 αοοίνοο
743 2041 854 2106 aetatis
885 2041 993 2125 aliquo
1024 2045 1096 2107 vate
1126 2039 1229 2126 lyrico
1259 2061 1364 2104 sermo
1395 2047 1444 2105 est
1469 2078 1511 2089 —
1535 2039 1625 2106 nulla
1647 2049 1781 2128 apparet

585 2167 692 2212 causa.
723 2146 771 2211 Ea
801 2154 911 2211 autem
942 2148 996 2211 via
1024 2167 1122 2231 quam
1144 2147 1288 2209 instituit
1312 2145 1351 2210 ad
1374 2166 1463 2211 mare
1486 2149 1620 2212 minime
1643 2153 1692 2212 est
1714 2170 1782 2235 per-

584 2259 761 2328 venturus,
793 2273 896 2337 neque
922 2273 1037 2336 euporo
1061 2274 1093 2317 se
1116 2251 1195 2316 illua
1219 2254 1385 2337 pervenire
1409 2253 1548 2318 ostendit
1571 2256 1677 2321 verbis
1701 2277 1781 2341 quae

585 2361 700 2423 statim
724 2358 830 2424 addit:

861 2465 930 2529 τοτὲ
954 2465 1011 2539 μὲν
1035 2464 1135 2528 νοτίαν
1159 2463 1292 2543 στείχων
1315 2463 1387 2542 πρὸς
1412 2463 1486 2543 tito,

861 2570 931 2634 τοτὲ
956 2569 982 2633 δ’
1002 2566 1042 2635 αὖ
1065 2568 1160 2653 βορέα
1182 2575 1274 2645 σῶμα
1299 2568 1452 2647 νιιλοίζον,

860 2675 1006 2750 οίλίμενον
1030 2677 1188 2754 αίίέρος
1211 2673 1377 2739 αὔλακα
1401 2675 1565 2754 τίμνονν,

586 2803 726 2866 moxque
757 2782 864 2846 abiens
897 2783 952 2858 „od
982 2781 1165 2857 νιαιίοομαι”
1189 2784 1235 2845 ait
1259 2781 1349 2860 ,μιρίν
1373 2780 1410 2846 ίον
1436 2781 1595 2862 πτερωθείς
1621 2784 1778 2863 διαδράμω
1829 2850 1834 2860 ,

586 2886 654 2950 οδν
685 2886 817 2967 stips.
849 2887 891 2952 Et
920 2887 954 2951 id
977 2887 1107 2971 quidem
1132 2889 1315 2972 aptissime,
1338 2890 1490 2972 quoniam
1513 2911 1778 2976 eareamsemper

583 2992 689 3057 tendit
719 3000 887 3079 poetarum
919 2995 1045 3056 animus
1076 2995 1202 3078 inquies
1231 2998 1262 3057 et
1286 2991 1439 3057 sublimia
1459 2997 1591 3080 quaevis
1615 3003 1777 3081 appetens.

584 3098 734 3183 Aquites,
770 3121 832 3164 non
867 3121 994 3185 mergos
1026 3098 1230 3163 aemulantur
1261 3106 1367 3178 vates,·
1406 3099 1486 3165 caeli
1522 3122 1678 3178 eonvesa,
1714 3124 1777 3167 non

583 3213 711 3269 aestum
741 3207 840 3269 maris
871 3208 976 3270 visere
1007 3207 1159 3289 cupiunt;
1184 3203 1292 3268 Ioarus
1315 3204 1354 3268 ad
1377 3204 1479 3269 solem
1502 3209 1777 3292 appropinquans,

582 3334 647 3375 nou
678 3310 788 3375 Icarus
819 3313 852 3373 iu
883 3312 1002 3375 fretum
1036 3309 1183 3394 delapsus
1214 3312 1254 3374 iis
1278 3316 1327 3374 est
1351 3310 1507 3396 exemplo.
1532 3311 1644 3396 Itaque
1667 3321 1774 3377 nostro

581 3419 707 3482 homini
731 3416 763 3479 id
786 3420 819 3480 in
844 3420 927 3482 votis
951 3424 999 3481 est
1023 3416 1107 3501 quod
1126 3417 1221 3480 ohoro
1240 3415 1414 3502 Euripideo
1434 3416 1516 3502 (Iph.
1535 3416 1571 3483 Τ.
1594 3415 1681 3483 1137
1695 3425 1771 3503 sq.):

858 3522 1002 3601 λαμπρδν
1025 3521 1209 3599 ίιινιίδοομον
1231 3522 1327 3597 βαίην

856 3624 913 3690 ἔνθ’
938 3628 1059 3693 εὔοίλιον
1083 3626 1210 3708 ἔρχεται
1234 3632 1304 3706 πῦρ.

579 3734 645 3799 Per
672 3734 746 3797 solie
775 3734 921 3797 tranitem
952 3734 1102 3797 festinare
1125 3754 1227 3797 novus
1248 3734 1302 3798 hio
1325 3732 1491 3798 Phaethon
1515 3736 1625 3820 gestit.
1650 3735 1773 3802 Aristo

579 3841 701 3924 phanes
724 3840 868 3905 dederat:

856 3944 907 4009 τὸν
930 3944 1049 4009 αλίον
1073 3944 1215 4024 δρόμον
1239 3942 1397 4020 οίλοίμινος

856 4049 914 4126 ἅμ’
939 4050 1059 4126 ἆνίμοιν
1082 4057 1206 4114 ανοαῑοι
1229 4049 1336 4125 βαίην.

628 4159 712 4227 Cum
730 4163 909 4225 oeteraiam
921 4162 1001 4226 bone
1013 4160 1252 4246 quadrantium
1265 4160 1444 4244 parachesis
1457 4144 1545 4225 ἑλίον
1560 4196 1601 4208 -
1612 4142 1770 4236 {aduenae

576 4288 641 4332 non
664 4267 765 4332 oeulis
789 4273 917 4331 tantum
941 4267 996 4331 sed
1020 4269 1119 4331 etiam
1142 4267 1273 4330 auribus
1297 4268 1483 4351 percipitur.

625 4478 726 4544 Tertii
749 4481 804 4562 qui
828 4479 943 4542 urbem
965 4499 1072 4543 reeens
1095 4477 1256 4547 conditam
1279 4484 1410 4544 cantans
1432 4480 1533 4542 intrat
1555 4479 1769 4566 sycophantas

577 4588 686 4671 prima
709 4584 805 4648 verba
828 4590 904 4647 sunt
927 4589 987 4662 (vs.
1013 4582 1191 4668 llesq.):

759 4688 866 4767 ίρνιίες
890 4688 968 4760 τίνες
994 4685 1051 4753 οίδ’
1073 4689 1156 4753 οὐδὲν
1179 4686 1307 4767 ἔχοντες
1331 4686 1555 4765 πτεροποίκιλοι
1563 4710 1572 4767 ;

762 4794 965 4865 favonienses
990 4793 1117 4856 ποικίλα
1139 4792 1282 4872 χελιδοῖ]

575 4900 664 4980 Quae
688 4907 812 4964 vertare
835 4900 954 4964 frustra
977 4902 1111 4962 conetur
1132 4899 1310 4982 quispiam,
1333 4899 1462 4964 —sive
1484 4896 1630 4966 enclitioe
1650 4901 1768 4967 scribat
