5125 6150
802 842 869 910 278
1310 863 1477 912 inomaus.

800 1032 931 1096 Λυκῖνος
963 1024 1087 1094 κοίκιςος
1117 1024 1155 1088 ὢν
1179 1032 1280 1097 καλῶς
1305 1026 1480 1106 κατέτρεψε
1503 1026 1554 1090 τθν
1577 1025 1645 1103 βίον
1668 1023 1725 1094 ίίςε
1750 1026 1820 1097 τοὺς
1844 1025 1992 1096 πλείςους

800 1131 921 1202 εἰκότως
946 1128 1094 1212 θνειδιζειν
1118 1141 1156 1212 τῇ
1181 1131 1265 1213 τύχη
1288 1131 1362 1196 διθτι
1386 1135 1421 1196 τδ
1446 1138 1503 1196 τῶν
1528 1131 1653 1209 οίναθῶν
1676 1131 1786 1211 οίνδρῶν
1810 1125 1912 1209 οίθλον,
1935 1133 1992 1205 τίον

800 1235 1001 1301 εὐθαναοί
1010 1261 1072 1316 αν,
1103 1244 1165 1309 τοῖς
1197 1237 1342 1318 χιιρίςοις
1373 1239 1466 1303 ἐνίοτε
1491 1239 1690 1317 περιτίθησιν·
1723 1238 1831 1302 Maius
1854 1236 1991 1303 absurde

799 1340 941 1407 ediderat
970 1344 1025 1415 τὴν
1057 1343 1238 1421 ἀθανασίαν,
1270 1344 1310 1408 cf.
1342 1341 1482 1410 (lobetus
1509 1345 1620 1408 Μονονο.
1647 1343 1734 1408 1862
1759 1367 1789 1428 p.
1816 1342 1869 1407 34.
1899 1342 1991 1408 Idem

799 1443 939 1512 Cobotes
969 1448 999 1511 έν
1030 1447 1072 1527 τῷ
1104 1451 1201 1528 Ἐρμῆ
1230 1450 1335 1529 Λογίῳ
1359 1471 1390 1535 p.
1416 1448 1482 1513 226
1504 1449 1661 1515 indicavit
1682 1449 1790 1515 locum
1814 1448 1991 1516 Clementis

799 1553 1020 1618 Alexandrini:
1047 1556 1143 1633 ανρία
1165 1549 1223 1619 ίοα
1248 1553 1412 1634 δεδώρηται
1434 1557 1506 1631 ἡμῖν
1527 1555 1540 1619 θ
1561 1554 1624 1625 θιδς
1647 1551 1685 1619 ὧν
1705 1557 1798 1627 αὐτὸς
1820 1555 1990 1635 ἀμέτοχος,

798 1660 918 1737 γένεσιν
948 1661 1005 1736 μὲν
1038 1659 1187 1737 οίγένητος
1219 1661 1266 1738 ὤν,
1300 1663 1413 1741 τροφίην
1447 1661 1478 1725 δέ
1502 1662 1641 1734 οίνενδείις
1667 1660 1705 1724 θον
1729 1661 1781 1725 καί
1806 1659 1935 1736 αὔξησιν
1961 1661 1991 1723 έν

798 1765 917 1839 ίοθτητι
948 1766 996 1843 ὤν,
1028 1766 1173 1845 εὐγηρίαν
1204 1790 1239 1830 τε
1262 1767 1315 1831 καί
1342 1767 1574 1832 οίθαναοίαν
1598 1767 1752 1839 οίθοίνατθς
1776 1767 1886 1830 τεκαὶ
1912 1766 1994 1842 clyti-

797 1895 852 1951 ριος
877 1870 1034 1950 ὑποίρχων,
1059 1871 1117 1935 ubi
1139 1870 1191 1936 vel
1217 1892 1328 1936 caecus
1353 1873 1475 1937 videbit
1498 1873 1750 1937 εὐθαναοίαν
1775 1872 1992 1936 necessarium

797 1999 875 2044 esse.
907 1977 997 2042 Addo
1029 1980 1251 2042 testimonium
1282 1977 1491 2063 Imperatoris
1521 1976 1666 2065 Augusti
1690 1977 1774 2064 apud
1796 1976 1991 2042 Suetonium

798 2106 823 2149 c.
845 2083 903 2148 99:
928 2083 1060 2163 Quoties
1084 2084 1224 2148 audisset
1247 2087 1311 2149 cito
1335 2105 1371 2150 ao
1392 2084 1482 2150 nullo
1506 2089 1650 2150 cruciatu
1674 2084 1860 2149 defunctum
1881 2103 1994 2168 quem-

797 2193 902 2274 piam,
935 2189 995 2253 sibi
1019 2195 1051 2254 et
1074 2191 1142 2252 suis
1165 2189 1364 2255 εὐθαναοί
1372 2214 1417 2252 αν
1441 2188 1601 2267 similem,
1626 2191 1685 2255 hoe
1709 2192 1794 2254 enim
1819 2188 1915 2253 verbo
1940 2189 1992 2250 uti

797 2293 936 2372 solebat,
968 2295 1166 2379 precabatur.
1191 2333 1234 2342 —
1257 2294 1367 2360 Iltiam
1398 2294 1478 2360 alios
1500 2295 1586 2361 locos
1611 2296 1724 2360 addere
1748 2293 1900 2381 perfacile
1923 2297 1990 2358 est:

797 2399 871 2464 vide
901 2421 932 2464 v.
958 2421 984 2463 c.
1016 2399 1188 2464 discrimen
1212 2399 1306 2465 Deor.
1331 2398 1452 2466 Concil.
1480 2400 1518 2465 6:
1544 2404 1697 2479 Ἡρακλῆς
1723 2401 1776 2464 οὐκ
1799 2399 1911 2477 ὀλίγον
1936 2397 1991 2462 πθ-

797 2530 850 2570 νιον
876 2505 1002 2586 έπρίατο
1026 2506 1081 2577 τίνν
1106 2507 1289 2571 οίθανατίαν.

1224 2659 1355 2722 Deorum
1385 2659 1557 2724 Οοαοίίίιιιιο.

841 2808 917 2894 §dt
949 2809 1037 2873 οίλλίι
1070 2810 1120 2874 καί
1154 2808 1256 2874 α’ίλλο
1287 2834 1316 2874 τι
1349 2811 1415 2891 περὶ
1449 2816 1501 2875 τοῦ
1527 2812 1665 2888 λέγουσι.
1691 2811 1796 2895 Lege:
1821 2809 1908 2874 οίλλοὶ
1934 2807 1987 2873 καί

795 2914 948 2980 ι’ίλλοτε
979 2914 1058 2980 οίλλο
1089 2940 1129 2980 τι.
1162 2914 1210 2982 Of.
1243 2917 1344 2982 infra:
1374 2918 1403 2980 έν
1428 2915 1544 2983 οίλλοτε
1568 2915 1656 2997 οίλλιρ
1680 2919 1826 2996 σχήματι
1851 2922 1884 2980 et
1908 2916 1927 2999 ᾗ
1949 2915 1986 2980 3;

795 3023 833 3094 θος
858 3022 991 3095 πολλοὺς
1017 3021 1148 3105 οίκοίζειν
1172 3023 1224 3087 καί
1250 3023 1436 3105 έΦαρςιθζειν
1460 3024 1576 3090 ἄλλοτε
1597 3021 1693 3089 ἄλλον
1712 3030 1775 3095 τοῖς
1796 3022 1986 3100 λεγομένοις.

840 3243 857 3326 ξ
875 3240 905 3306 7.
934 3242 1064 3307 Momus
1083 3242 1244 3327 loquitur:
1266 3244 1341 3306 αλλ’
1362 3241 1569 3317 ἐμπέπληκάς
1590 3267 1629 3320 γε
1650 3243 1700 3307 τδν
1721 3243 1843 3324 οὐρανδν
1860 3246 1988 3319 ἡμιθέων

793 3346 924 3409 τούτων·
957 3349 990 3411 οὐ
1020 3347 1082 3426 γὰρ
1106 3348 1143 3411 ἂν
1169 3346 1274 3421 ἄλλοις
1299 3346 1424 3424 είποιμι.
1449 3346 1640 3414 Convicium
1665 3371 1727 3414 non
1751 3356 1799 3415 est
1822 3350 1894 3421 τοὺς
1918 3353 1988 3426 ἧμι-

794 3450 874 3522 θέοος
899 3452 1034 3527 ἡμιθέους
1055 3452 1215 3539 appellare
1235 3460 1267 3519 et
1287 3456 1419 3520 coniicio
1439 3454 1613 3539 legendum
1633 3476 1714 3520 esse:
1736 3461 1794 3519 τῶν
1816 3455 1986 3531 ημιθνιον

793 3556 917 3621 τοιίτιον.
943 3558 995 3622 Sic
1020 3559 1151 3624 demum
1175 3566 1258 3625 recte
1283 3563 1445 3646 sequitur:
1471 3562 1503 3624 οὐ
1527 3561 1590 3642 γὰρ
1614 3560 1652 3625 ίον
1676 3560 1780 3631 ἄλλοις
1803 3560 1930 3639 είποιμι.

837 3776 936 3859 §141
966 3776 1148 3841 έπιλέποιπε
1173 3779 1204 3843 δὲ
1229 3780 1245 3851 ἡ
1270 3780 1429 3857 οίροβροοία
1454 3780 1504 3842 καί
1529 3780 1564 3843 τδ
1589 3778 1716 3858 νέκταρ,
1740 3776 1797 3847 dee
1821 3782 1903 3855 ανοῖς
1929 3779 1983 3854 ἤδη

792 3883 847 3955 την
878 3882 1008 3953 κοτύλην
1029 3877 1116 3947 είναι.
1142 3882 1230 3948 Haec
1253 3891 1353 3962 recte;
1378 3884 1432 3949 sed
1456 3905 1622 3968 perperam
1647 3906 1664 3949 e
1688 3887 1833 3970 margine
1858 3886 1890 3948 in
1916 3891 1984 3949 tex-

791 3992 861 4050 tum
887 3986 1017 4052 illatum
1041 3988 1121 4052 fuit:
1146 3989 1196 4052 διὰ
1220 3992 1254 4053 τί
1280 3993 1394 4062 πλῆθος
1419 3997 1477 4054 τῶν
1500 3990 1652 4054 πινθντιον.

1316 4159 1451 4241 Οριιίοιιι.

835 4306 934 4391 §13:
971 4308 985 4371 ί
1021 4307 1051 4370 δέ
1089 4306 1208 4380 Θησεὺς
1244 4310 1277 4373 οὐ
1309 4307 1463 4384 βασιλεὺς
1494 4305 1527 4382 ἦν
1558 4310 1719 4374 ποίντιον
1751 4311 1979 4384 Ἀθηναίων.

793 4411 955 4479 Praesero:
979 4413 1281 4486 Παναθηναίων.

1255 4581 1514 4664 Ριοιιιίοιορίίιίο.

831 4712 900 4796 §a
932 4712 1066 4778 Luciani
1098 4715 1195 4780 verba
1226 4722 1319 4780 eunt:
1351 4716 1389 4780 σὺ
1419 4719 1445 4783 δ’
1469 4719 1527 4782 ὑπὸ
1551 4727 1606 4793 τῆς
1632 4718 1718 4798 ἄγαν
1742 4719 1884 4793 παιδείας
1911 4721 1983 4786 διέ-

787 4818 959 4898 Φθορας,
980 4816 1037 4887 ὅτε
1058 4820 1130 4895 μηδ’
1151 4822 1228 4885 αὐτὸ
1249 4827 1339 4887 τοῦτο
1360 4822 1567 4905 σολοικίζοντα
1580 4834 1780 4899 κατανοῆσαι.
1803 4826 1981 4894 Soloecista

786 4943 847 4986 non
878 4923 1036 5012 iutelligit
1060 4928 1137 5010 quid
1160 4931 1315 5013 peccarit,
1340 4951 1455 5015 nempe
1478 4931 1636 5012 διέφθορας
1661 4954 1717 5017 pro
1740 4934 1922 5014 διέφθαρται
1948 4942 1982 4999 et
