5125 6150
995 811 1037 856 sn
1063 809 1291 857 emererearus
1314 811 1449 857 enorum.
1743 795 1809 860 213

626 971 692 1036 fore
716 993 826 1055 perse
850 974 1060 1060 intellegitur,
1092 975 1146 1039 sed
1170 977 1268 1039 etiarn
1287 976 1357 1059 pios
1374 977 1540 1060 probosque
1563 997 1616 1041 eos
1640 998 1807 1055 evasuros,

626 1078 683 1142 boc
707 1080 861 1163 estquod
885 1080 1137 1146 demonstratum
1162 1082 1224 1145 ivit
1247 1078 1450 1167 (lhremylus.

669 1182 838 1262 Videmus,
870 1208 930 1250 nou
962 1207 1027 1252 esse
1058 1190 1091 1251 in
1122 1192 1229 1252 mente
1255 1184 1422 1274 Obremyli
1447 1225 1488 1235 —
1513 1186 1590 1253 licet
1612 1190 1680 1253 eius
1704 1190 1808 1255 verbis

623 1293 725 1354 inesse
760 1292 862 1357 videri
897 1296 997 1379 possit
1021 1332 1063 1342 -
1087 1292 1292 1358 consiliorum
1328 1314 1398 1359 eam
1434 1313 1529 1378 quam
1565 1296 1628 1359 viri
1662 1292 1745 1360 docti
1779 1298 1809 1361 ei

624 1399 827 1481 imputarunt
860 1401 1147 1484 perturbationem,
1181 1406 1218 1463 ut
1253 1400 1349 1465 modo
1383 1399 1466 1465 solos
1501 1400 1614 1485 probos
1646 1400 1807 1480 homines,

625 1503 719 1568 modo
739 1525 847 1569 omnes
868 1506 957 1570 beare
979 1505 1075 1584 velit;
1096 1506 1273 1591 meliusque
1296 1509 1361 1570 iam
1384 1504 1605 1592 intellegimus
1623 1509 1693 1572 eius
1712 1508 1809 1574 verba

625 1609 663 1675 ad
687 1611 910 1695 Paupertatem
935 1618 995 1693 (vs.
1021 1610 1177 1696 teoeqm

1086 1720 1117 1783 τί
1141 1716 1206 1798 οὗο;
1231 1719 1393 1795 οὶδοκοῦμεν
1417 1718 1507 1783 τοῦτο
1529 1742 1583 1798 οε,

896 1827 920 1889 el
946 1829 1041 1891 moion
1064 1825 1257 1900 interimerem
1280 1822 1474 1906 ἐκπορίζομεν

896 1932 1031 2012 almaton

627 2044 743 2099 ennetoe
766 2038 904 2101 mortales
926 2039 1028 2116 beare,
1053 2039 1172 2102 hoccine
1196 2046 1239 2101 eet
1261 2038 1378 2100 o'no'oro’o
1401 2045 1430 2100 te
1453 2037 1594 2120 officere?

668 2142 765 2227 Spem
797 2150 905 2209 autem
937 2167 998 2209 non
1030 2143 1180 2209 fefellisse
1213 2142 1443 2230 Obremylum,
1469 2179 1505 2191 -
1533 2142 1615 2228 quod
1640 2143 1725 2209 haud
1747 2145 1806 2208 im-

623 2252 738 2314 merito
769 2253 903 2314 miretur
932 2254 1003 2335 quis
1036 2248 1210 2335 culpaeque
1233 2256 1338 2314 vertat
1360 2251 1495 2333 comico,
1521 2251 1673 2334 quoniam
1696 2249 1806 2313 insono

622 2352 716 2419 illum
753 2364 899 2441 appetere
934 2355 1112 2420 luculenter
1149 2355 1421 2421 demonstraverat
1454 2356 1646 2439 Paupertas,
1678 2393 1720 2404 —
1752 2355 1806 2421 sed

623 2482 713 2546 spem
745 2483 819 2526 eum
851 2484 912 2526 non
936 2460 1086 2526 fefellisse
1110 2462 1168 2526 sub
1192 2461 1286 2525 finem
1310 2460 1436 2526 fabulae
1459 2466 1562 2545 patet,
1587 2461 1642 2524 ubi
1668 2459 1805 2537 „adorsa

623 2569 680 2632 eloi
706 2569 887 2633 ntodoror!”
912 2568 1045 2653 querula
1067 2590 1144 2633 voce
1168 2567 1325 2633 exclamat
1348 2569 1434 2633 lovis
1457 2565 1805 2649 sacerdos(vs.1178).

623 2672 740 2739 Omnes
763 2674 844 2739 dites
867 2678 931 2739 iam
955 2680 1030 2738 sunt
1049 2674 1143 2751 facti,
1164 2694 1273 2739 omnes
1293 2677 1377 2739 enim
1398 2677 1500 2759 primo
1520 2695 1644 2759 quoque
1661 2681 1805 2759 tempore

623 2801 751 2866 operam
784 2780 938 2846 dederunt
967 2787 1004 2844 ut
1034 2781 1123 2865 probi
1154 2779 1280 2858 fierent;
1313 2802 1397 2844 nunc
1425 2786 1533 2845 autem
1556 2801 1649 2845 nemo
1673 2783 1806 2865 requirit

623 2887 815 2972 quidquam,
846 2907 940 2951 nemo
970 2887 1057 2950 subit
1087 2884 1284 2971 periculum,
1315 2908 1408 2951 nemo
1438 2885 1572 2971 supplex
1595 2887 1662 2951 adit
1684 2885 1805 2972 templa

624 2993 772 3070 deorum,
796 3014 889 3056 nemo
913 2995 981 3057 voti
1004 3013 1132 3079 compos
1156 2992 1257 3056 factus
1279 2999 1386 3079 grates
1408 2995 1448 3057 iis
1471 2991 1578 3058 solvit.

667 3101 714 3164 Ne
745 3098 903 3165 aniculam
936 3099 1084 3184 quidam,
1115 3102 1167 3163 cui
1190 3098 1250 3164 soli
1273 3102 1306 3163 in
1331 3105 1506 3164 ceterorum
1530 3099 1717 3166 mortalium
1739 3100 1806 3165 feli-

621 3210 718 3271 citate
741 3228 852 3291 parum
872 3206 1034 3290 profuerat
1057 3204 1191 3282 Plutus,
1216 3205 1339 3270 deficiet
1361 3204 1430 3283 ille;
1456 3228 1529 3270 nam
1551 3209 1678 3272 iuvenis
1699 3227 1806 3272 reeens

622 3312 741 3377 ditatus
765 3313 802 3376 ad
826 3313 963 3377 officium
989 3333 1085 3376 suum
1108 3312 1224 3377 redibit
1247 3332 1324 3376 mox
1348 3319 1407 3391 (ve.
1428 3312 1554 3393 (1201),
1577 3347 1616 3362 -
1636 3315 1670 3377 ni
1689 3314 1806 3379 rediret

623 3420 787 3503 improbus
811 3425 892 3483 esset
915 3424 947 3483 et
970 3418 1041 3483 Irus
1066 3418 1153 3483 deret
1176 3418 1288 3482 denuo.

667 3648 753 3727 Quae
776 3649 1009 3712 observationes
1032 3647 1128 3712 utiles
1152 3654 1226 3712 eunt
1250 3647 1289 3712 ad
1309 3647 1425 3713 melius
1444 3647 1674 3735 intellegendos
1694 3674 1805 3718 versus

622 3754 785 3839 955sqq.;
811 3756 866 3818 ubi
890 3754 928 3819 de
949 3755 1163 3841 sycophanta,
1187 3773 1284 3838 quem
1310 3754 1349 3818 ad
1372 3753 1524 3820 balneum
1546 3756 1711 3843 publicum
1736 3780 1805 3824 con-

621 3863 732 3947 fugere
754 3864 848 3925 iuesit
872 3860 980 3924 Iustus
1003 3862 1063 3936 vir,
1089 3859 1193 3924 ridens
1217 3857 1326 3926 Cario:

801 3968 874 4030 ἀλλ’
900 3968 913 4031 ὃ
936 3967 1095 4044 βαλανεὺς
1119 3964 1200 4043 ἕλξει
1224 3967 1327 4048 θύραζ’
1351 3966 1442 4032 αὐτὸν
1466 3969 1573 4046 λαβὼν

802 4080 860 4137 τῶν
885 4073 1066 4153 ὀρχιπέδων·
1090 4073 1157 4140 ἰδὼν
1179 4074 1243 4154 γὰρ
1267 4072 1534 4153 aestumatum

801 4176 846 4244 ὅτι
870 4178 934 4244 ἔστ’
959 4181 1071 4245 ἐκείνου
1096 4184 1149 4244 τοῦ
1174 4187 1298 4258 πονηροῦ
1323 4181 1505 4260 κόμματος,

620 4289 721 4351 statim
745 4290 914 4369 adspectum
937 4311 1000 4351 eom
1023 4288 1176 4351 dementer
1188 4290 1287 4375 sorae
1301 4288 1510 4372 proturbabit,
1526 4311 1594 4352 mom
1612 4311 1647 4352 eo
1666 4290 1806 4373 inprobis

620 4394 859 4458 homuncionitae
881 4417 970 4456 onom
993 4416 1054 4457 esee
1075 4396 1192 4459 sentiet.
1217 4394 1314 4460 Probi
1335 4398 1397 4460 viri
1421 4397 1568 4481 quoniam
1588 4397 1673 4461 beati
1694 4397 1805 4462 exinde

621 4506 695 4564 sunt
725 4500 845 4574 futuri,
877 4500 1040 4564 hominem
1072 4504 1127 4586 qui
1159 4500 1365 4566 discalceatus
1388 4501 1551 4586 laceroque
1574 4500 1737 4587 palliastro
1759 4506 1805 4567 in.

620 4605 749 4671 volutus
773 4606 811 4670 ad
835 4627 867 4670 se
892 4608 1016 4682 veniat,
1043 4626 1179 4692 nequam
1199 4607 1391 4673 nebulonem
1411 4628 1478 4672 esse
1498 4610 1608 4672 statim
1625 4607 1802 4694 intelleget.

663 4711 710 4778 De
744 4734 805 4797 quo
836 4711 947 4777 rabula
979 4713 1096 4777 forensi
1125 4716 1275 4798 quoniam
1299 4733 1395 4797 supra
1416 4718 1475 4790 (vs.
1500 4710 1580 4793 862)
1602 4713 1714 4779 iisdem
1739 4714 1804 4780 fere

618 4820 726 4884 verbis
749 4818 870 4884 dictum
895 4819 999 4882 fuerat

799 4924 875 4992 ἔοικε
903 4925 928 4989 δ’
954 4921 1030 4990 εἶναι
1053 4929 1106 4990 τοῦ
1130 4928 1254 5005 πονηροῦ
1278 4923 1459 5006 κόμματος,
