<?xml version="1.0" encoding="UTF-8"?>
<!DOCTYPE html PUBLIC "-//W3C//DTD XHTML 1.0 Transitional//EN"
    "http://www.w3.org/TR/xhtml1/DTD/xhtml1-transitional.dtd">
<html xmlns="http://www.w3.org/1999/xhtml" xml:lang="en" lang="en">
 <head>
  <title>
</title>
<meta http-equiv="Content-Type" content="text/html;charset=utf-8" />
  <meta name='ocr-system' content='tesseract 3.04.00' />
  <meta name='ocr-capabilities' content='ocr_page ocr_carea ocr_par ocr_line ocrx_word'/>
</head>
<body>
  <div class='ocr_page' id='page_1' title='image "./mnemosyne04verdgoog_0780.png"; bbox 0 0 5125 6150; ppageno 0'>
   <div class='ocr_carea' id='block_1_1' title="bbox 1089 792 1820 862">
    <p class='ocr_par' dir='ltr' id='par_1_1' title="bbox 1089 792 1820 862">
     <span class='ocr_line' id='line_1_1' title="bbox 1089 792 1820 862; baseline -0.004 -1"><span class='ocrx_word' id='word_1_1' title='bbox 1089 814 1360 862; x_wconf 76' lang='lat' dir='ltr'>nuncnunnoauu.</span> <span class='ocrx_word' id='word_1_2' title='bbox 1754 792 1820 859; x_wconf 80' lang='lat'>295</span> 
     </span>
    </p>
   </div>
   <div class='ocr_carea' id='block_1_2' title="bbox 626 978 1821 1705">
    <p class='ocr_par' dir='ltr' id='par_1_2' title="bbox 626 978 1821 1705">
     <span class='ocr_line' id='line_1_2' title="bbox 628 978 1819 1065; baseline -0.003 -20"><span class='ocrx_word' id='word_1_3' title='bbox 628 982 765 1046; x_wconf 82' lang='lat' dir='ltr'>formam</span> <span class='ocrx_word' id='word_1_4' title='bbox 800 983 966 1064; x_wconf 90' lang='lat' dir='ltr'>antiquam</span> <span class='ocrx_word' id='word_1_5' title='bbox 1002 982 1227 1065; x_wconf 81' lang='lat' dir='ltr'>propriamque</span> <span class='ocrx_word' id='word_1_6' title='bbox 1260 978 1366 1044; x_wconf 91' lang='lat' dir='ltr'>multo</span> <span class='ocrx_word' id='word_1_7' title='bbox 1401 978 1528 1044; x_wconf 91' lang='lat' dir='ltr'>fidelius</span> <span class='ocrx_word' id='word_1_8' title='bbox 1561 999 1691 1043; x_wconf 84' lang='lat' dir='ltr'>servans</span> <span class='ocrx_word' id='word_1_9' title='bbox 1723 998 1819 1063; x_wconf 90' lang='lat' dir='ltr'>quam</span> 
     </span>
     <span class='ocr_line' id='line_1_3' title="bbox 627 1083 1821 1173; baseline -0.003 -22"><span class='ocrx_word' id='word_1_10' title='bbox 627 1086 801 1173; x_wconf 79' lang='lat' dir='ltr'>Vergilius.</span> <span class='ocrx_word' id='word_1_11' title='bbox 822 1085 885 1150; x_wconf 90' lang='lat' dir='ltr'>Hic</span> <span class='ocrx_word' id='word_1_12' title='bbox 903 1087 990 1150; x_wconf 92' lang='lat' dir='ltr'>enim</span> <span class='ocrx_word' id='word_1_13' title='bbox 1011 1085 1049 1149; x_wconf 93' lang='lat' dir='ltr'>de</span> <span class='ocrx_word' id='word_1_14' title='bbox 1069 1085 1156 1149; x_wconf 84' lang='lat' dir='ltr'>Iovis</span> <span class='ocrx_word' id='word_1_15' title='bbox 1172 1085 1296 1171; x_wconf 77' lang='lat' dir='ltr'><strong>Optimi</strong></span> <span class='ocrx_word' id='word_1_16' title='bbox 1311 1085 1449 1150; x_wconf 80' lang='lat' dir='ltr'>Maximi</span> <span class='ocrx_word' id='word_1_17' title='bbox 1464 1088 1650 1167; x_wconf 79' lang='lat' dir='ltr'>Aeneaeque</span> <span class='ocrx_word' id='word_1_18' title='bbox 1663 1083 1821 1170; x_wconf 82' lang='lat' dir='ltr'>dignitate</span> 
     </span>
     <span class='ocr_line' id='line_1_4' title="bbox 627 1190 1821 1278; baseline -0.005 -19"><span class='ocrx_word' id='word_1_19' title='bbox 627 1193 803 1270; x_wconf 79' lang='lat' dir='ltr'>sollicitae,</span> <span class='ocrx_word' id='word_1_20' title='bbox 823 1194 981 1278; x_wconf 85' lang='lat' dir='ltr'>corrigere</span> <span class='ocrx_word' id='word_1_21' title='bbox 1001 1191 1142 1257; x_wconf 89' lang='lat' dir='ltr'>fabulam</span> <span class='ocrx_word' id='word_1_22' title='bbox 1159 1191 1302 1270; x_wconf 81' lang='lat' dir='ltr'>volabat,</span> <span class='ocrx_word' id='word_1_23' title='bbox 1320 1192 1532 1277; x_wconf 79' lang='lat' dir='ltr'>Saturnioque</span> <span class='ocrx_word' id='word_1_24' title='bbox 1547 1193 1644 1255; x_wconf 92' lang='lat' dir='ltr'>nimis</span> <span class='ocrx_word' id='word_1_25' title='bbox 1657 1190 1821 1255; x_wconf 82' lang='lat' dir='ltr'>subtiliter</span> 
     </span>
     <span class='ocr_line' id='line_1_5' title="bbox 626 1298 1820 1383; baseline -0.004 -18"><span class='ocrx_word' id='word_1_26' title='bbox 626 1299 849 1379; x_wconf 76' lang='grc' dir='ltr'>θεολογουμὲνῳ</span> <span class='ocrx_word' id='word_1_27' title='bbox 875 1337 917 1348; x_wconf 94' lang='grc'>-</span> <span class='ocrx_word' id='word_1_28' title='bbox 942 1298 1060 1363; x_wconf 81' lang='lat' dir='ltr'>relutsi</span> <span class='ocrx_word' id='word_1_29' title='bbox 1086 1300 1251 1364; x_wconf 89' lang='lat' dir='ltr'>damnaret</span> <span class='ocrx_word' id='word_1_30' title='bbox 1274 1298 1451 1383; x_wconf 89' lang='lat' dir='ltr'>falsamque</span> <span class='ocrx_word' id='word_1_31' title='bbox 1474 1300 1694 1383; x_wconf 89' lang='lat' dir='ltr'>pronuntiaret</span> <span class='ocrx_word' id='word_1_32' title='bbox 1717 1316 1820 1361; x_wconf 88' lang='lat' dir='ltr'>narra-</span> 
     </span>
     <span class='ocr_line' id='line_1_6' title="bbox 628 1403 1819 1491; baseline -0.005 -20"><span class='ocrx_word' id='word_1_33' title='bbox 628 1411 746 1471; x_wconf 89' lang='lat' dir='ltr'>tionem</span> <span class='ocrx_word' id='word_1_34' title='bbox 779 1426 875 1491; x_wconf 85' lang='lat' dir='ltr'>quam</span> <span class='ocrx_word' id='word_1_35' title='bbox 905 1412 1000 1489; x_wconf 89' lang='lat' dir='ltr'>poeta</span> <span class='ocrx_word' id='word_1_36' title='bbox 1030 1426 1108 1470; x_wconf 89' lang='lat' dir='ltr'>suus</span> <span class='ocrx_word' id='word_1_37' title='bbox 1139 1408 1300 1470; x_wconf 90' lang='lat' dir='ltr'>reiecisset</span> <span class='ocrx_word' id='word_1_38' title='bbox 1329 1443 1372 1452; x_wconf 91' lang='lat'>—</span> <span class='ocrx_word' id='word_1_39' title='bbox 1404 1424 1456 1469; x_wconf 88' lang='lat' dir='ltr'>eas</span> <span class='ocrx_word' id='word_1_40' title='bbox 1486 1403 1574 1469; x_wconf 89' lang='lat' dir='ltr'>dedit</span> <span class='ocrx_word' id='word_1_41' title='bbox 1605 1407 1709 1487; x_wconf 89' lang='lat' dir='ltr'>partes</span> <span class='ocrx_word' id='word_1_42' title='bbox 1739 1421 1819 1486; x_wconf 89' lang='lat' dir='ltr'>quae</span> 
     </span>
     <span class='ocr_line' id='line_1_7' title="bbox 628 1509 1819 1598; baseline -0.006 -20"><span class='ocrx_word' id='word_1_43' title='bbox 628 1510 768 1598; x_wconf 82' lang='lat' dir='ltr'>Cybelae</span> <span class='ocrx_word' id='word_1_44' title='bbox 792 1514 937 1596; x_wconf 91' lang='lat' dir='ltr'>propriae</span> <span class='ocrx_word' id='word_1_45' title='bbox 960 1516 1059 1577; x_wconf 90' lang='lat' dir='ltr'>erant.</span> <span class='ocrx_word' id='word_1_46' title='bbox 1085 1510 1200 1577; x_wconf 77' lang='lat' dir='ltr'>Ouidio</span> <span class='ocrx_word' id='word_1_47' title='bbox 1224 1517 1333 1576; x_wconf 89' lang='lat' dir='ltr'>contra</span> <span class='ocrx_word' id='word_1_48' title='bbox 1350 1510 1440 1575; x_wconf 90' lang='lat' dir='ltr'>nulla</span> <span class='ocrx_word' id='word_1_49' title='bbox 1460 1509 1606 1574; x_wconf 91' lang='lat' dir='ltr'>mutandi</span> <span class='ocrx_word' id='word_1_50' title='bbox 1624 1528 1719 1573; x_wconf 90' lang='lat' dir='ltr'>causa</span> <span class='ocrx_word' id='word_1_51' title='bbox 1734 1513 1819 1583; x_wconf 89' lang='lat' dir='ltr'>erat,</span> 
     </span>
     <span class='ocr_line' id='line_1_8' title="bbox 626 1614 1819 1705; baseline -0.004 -22"><span class='ocrx_word' id='word_1_52' title='bbox 626 1622 654 1683; x_wconf 90' lang='lat' dir='ltr'>is</span> <span class='ocrx_word' id='word_1_53' title='bbox 679 1640 755 1705; x_wconf 89' lang='lat' dir='ltr'>ergo</span> <span class='ocrx_word' id='word_1_54' title='bbox 779 1639 860 1703; x_wconf 88' lang='lat' dir='ltr'>quae</span> <span class='ocrx_word' id='word_1_55' title='bbox 883 1620 917 1681; x_wconf 92' lang='lat' dir='ltr'>in</span> <span class='ocrx_word' id='word_1_56' title='bbox 940 1618 1047 1683; x_wconf 90' lang='lat' dir='ltr'>fabula</span> <span class='ocrx_word' id='word_1_57' title='bbox 1070 1616 1207 1703; x_wconf 82' lang='lat' dir='ltr'>Cybeles</span> <span class='ocrx_word' id='word_1_58' title='bbox 1230 1623 1421 1702; x_wconf 88' lang='lat' dir='ltr'>potestatem</span> <span class='ocrx_word' id='word_1_59' title='bbox 1445 1618 1537 1681; x_wconf 88' lang='lat' dir='ltr'>unice</span> <span class='ocrx_word' id='word_1_60' title='bbox 1560 1614 1711 1680; x_wconf 86' lang='lat' dir='ltr'>laudante</span> <span class='ocrx_word' id='word_1_61' title='bbox 1733 1616 1819 1679; x_wconf 85' lang='lat' dir='ltr'>inve-</span> 
     </span>
    </p>
   </div>
   <div class='ocr_carea' id='block_1_3' title="bbox 616 1719 1818 5001">
    <p class='ocr_par' dir='ltr' id='par_1_3' title="bbox 625 1719 1818 2126">
     <span class='ocr_line' id='line_1_9' title="bbox 626 1719 1818 1809; baseline -0.003 -21"><span class='ocrx_word' id='word_1_62' title='bbox 626 1729 717 1789; x_wconf 88' lang='lat' dir='ltr'>nerat</span> <span class='ocrx_word' id='word_1_63' title='bbox 748 1724 874 1789; x_wconf 91' lang='lat' dir='ltr'>fidelius</span> <span class='ocrx_word' id='word_1_64' title='bbox 904 1727 1066 1809; x_wconf 85' lang='lat' dir='ltr'>sequitur;</span> <span class='ocrx_word' id='word_1_65' title='bbox 1092 1722 1174 1788; x_wconf 92' lang='lat' dir='ltr'>nihil</span> <span class='ocrx_word' id='word_1_66' title='bbox 1198 1722 1236 1788; x_wconf 94' lang='lat' dir='ltr'>de</span> <span class='ocrx_word' id='word_1_67' title='bbox 1260 1723 1308 1787; x_wconf 92' lang='lat' dir='ltr'>dis</span> <span class='ocrx_word' id='word_1_68' title='bbox 1331 1721 1649 1808; x_wconf 88' lang='lat' dir='ltr'>philosophantibus,</span> <span class='ocrx_word' id='word_1_69' title='bbox 1674 1719 1756 1784; x_wconf 90' lang='lat' dir='ltr'>nihil</span> <span class='ocrx_word' id='word_1_70' title='bbox 1780 1719 1818 1784; x_wconf 89' lang='lat' dir='ltr'>de</span> 
     </span>
     <span class='ocr_line' id='line_1_10' title="bbox 626 1825 1818 1915; baseline -0.004 -22"><span class='ocrx_word' id='word_1_71' title='bbox 626 1830 702 1895; x_wconf 84' lang='lat' dir='ltr'>love</span> <span class='ocrx_word' id='word_1_72' title='bbox 722 1829 902 1894; x_wconf 86' lang='lat' dir='ltr'>fabulatur:</span> <span class='ocrx_word' id='word_1_73' title='bbox 929 1827 1050 1915; x_wconf 81' lang='lat' dir='ltr'>Cybele</span> <span class='ocrx_word' id='word_1_74' title='bbox 1070 1834 1132 1905; x_wconf 87' lang='lat' dir='ltr'>est,</span> <span class='ocrx_word' id='word_1_75' title='bbox 1154 1849 1234 1913; x_wconf 91' lang='lat' dir='ltr'>quae</span> <span class='ocrx_word' id='word_1_76' title='bbox 1255 1849 1273 1892; x_wconf 89' lang='lat' dir='ltr'>a</span> <span class='ocrx_word' id='word_1_77' title='bbox 1293 1827 1489 1892; x_wconf 86' lang='lat' dir='ltr'>Rutulorum</span> <span class='ocrx_word' id='word_1_78' title='bbox 1509 1827 1631 1892; x_wconf 87' lang='lat' dir='ltr'>facibus</span> <span class='ocrx_word' id='word_1_79' title='bbox 1649 1846 1747 1891; x_wconf 83' lang='lat' dir='ltr'>nares</span> <span class='ocrx_word' id='word_1_80' title='bbox 1767 1825 1818 1889; x_wconf 93' lang='lat' dir='ltr'>de-</span> 
     </span>
     <span class='ocr_line' id='line_1_11' title="bbox 625 1931 1818 2021; baseline -0.003 -22"><span class='ocrx_word' id='word_1_81' title='bbox 625 1936 740 2012; x_wconf 82' lang='lat' dir='ltr'>fendit,</span> <span class='ocrx_word' id='word_1_82' title='bbox 763 1934 884 2021; x_wconf 82' lang='lat' dir='ltr'>Cybele</span> <span class='ocrx_word' id='word_1_83' title='bbox 902 1935 992 2000; x_wconf 85' lang='lat' dir='ltr'>affert</span> <span class='ocrx_word' id='word_1_84' title='bbox 1009 1956 1117 2019; x_wconf 88' lang='lat' dir='ltr'>opem,</span> <span class='ocrx_word' id='word_1_85' title='bbox 1131 1956 1194 1999; x_wconf 90' lang='lat' dir='ltr'>non</span> <span class='ocrx_word' id='word_1_86' title='bbox 1205 1933 1395 2019; x_wconf 82' lang='lat' dir='ltr'>suppliciter</span> <span class='ocrx_word' id='word_1_87' title='bbox 1406 1934 1444 1999; x_wconf 95' lang='lat' dir='ltr'>de</span> <span class='ocrx_word' id='word_1_88' title='bbox 1457 1933 1532 1999; x_wconf 84' lang='lat' dir='ltr'>love</span> <span class='ocrx_word' id='word_1_89' title='bbox 1543 1935 1750 2017; x_wconf 89' lang='lat' dir='ltr'>impetratam</span> <span class='ocrx_word' id='word_1_90' title='bbox 1763 1931 1818 1997; x_wconf 90' lang='lat' dir='ltr'>sed</span> 
     </span>
     <span class='ocr_line' id='line_1_12' title="bbox 626 2037 1814 2126; baseline -0.002 -22"><span class='ocrx_word' id='word_1_91' title='bbox 626 2040 830 2106; x_wconf 82' lang='lat' dir='ltr'>Naviealviae</span> <span class='ocrx_word' id='word_1_92' title='bbox 853 2044 915 2126; x_wconf 92' lang='lat' dir='ltr'>ipsi</span> <span class='ocrx_word' id='word_1_93' title='bbox 939 2040 1089 2106; x_wconf 87' lang='lat' dir='ltr'>debitam.</span> <span class='ocrx_word' id='word_1_94' title='bbox 1114 2039 1183 2104; x_wconf 90' lang='lat' dir='ltr'>Iam</span> <span class='ocrx_word' id='word_1_95' title='bbox 1207 2046 1345 2105; x_wconf 89' lang='lat' dir='ltr'>transtra</span> <span class='ocrx_word' id='word_1_96' title='bbox 1365 2040 1491 2104; x_wconf 90' lang='lat' dir='ltr'>fumant</span> <span class='ocrx_word' id='word_1_97' title='bbox 1511 2040 1600 2117; x_wconf 81' lang='lat' dir='ltr'>(Met.</span> <span class='ocrx_word' id='word_1_98' title='bbox 1621 2038 1707 2103; x_wconf 84' lang='lat' dir='ltr'>XIV.</span> <span class='ocrx_word' id='word_1_99' title='bbox 1721 2037 1814 2116; x_wconf 82' lang='lat'>535):</span> 
     </span>
    </p>

    <p class='ocr_par' dir='ltr' id='par_1_4' title="bbox 760 2146 1568 2230">
     <span class='ocr_line' id='line_1_13' title="bbox 760 2146 1568 2230; baseline -0.002 -20"><span class='ocrx_word' id='word_1_100' title='bbox 760 2167 835 2210; x_wconf 91' lang='lat' dir='ltr'>cum</span> <span class='ocrx_word' id='word_1_101' title='bbox 858 2166 982 2210; x_wconf 91' lang='lat' dir='ltr'>memor</span> <span class='ocrx_word' id='word_1_102' title='bbox 1005 2146 1062 2209; x_wconf 89' lang='lat' dir='ltr'>has</span> <span class='ocrx_word' id='word_1_103' title='bbox 1087 2149 1181 2230; x_wconf 88' lang='lat' dir='ltr'>pinus</span> <span class='ocrx_word' id='word_1_104' title='bbox 1204 2146 1297 2211; x_wconf 91' lang='lat' dir='ltr'>Idaeo</span> <span class='ocrx_word' id='word_1_105' title='bbox 1320 2148 1440 2211; x_wconf 82' lang='lat' dir='ltr'>vertice</span> <span class='ocrx_word' id='word_1_106' title='bbox 1463 2164 1568 2210; x_wconf 87' lang='lat' dir='ltr'>caesas</span> 
     </span>
    </p>

    <p class='ocr_par' dir='ltr' id='par_1_5' title="bbox 759 2248 1565 2336">
     <span class='ocr_line' id='line_1_14' title="bbox 759 2248 1565 2336; baseline -0.002 -19"><span class='ocrx_word' id='word_1_107' title='bbox 759 2257 868 2317; x_wconf 85' lang='lat' dir='ltr'>saneta</span> <span class='ocrx_word' id='word_1_108' title='bbox 892 2252 987 2316; x_wconf 92' lang='lat' dir='ltr'>deum</span> <span class='ocrx_word' id='word_1_109' title='bbox 1012 2250 1166 2317; x_wconf 82' lang='lat' dir='ltr'>Genetrix</span> <span class='ocrx_word' id='word_1_110' title='bbox 1190 2248 1361 2316; x_wconf 85' lang='lat' dir='ltr'>tinnitibus</span> <span class='ocrx_word' id='word_1_111' title='bbox 1384 2256 1455 2316; x_wconf 74' lang='lat' dir='ltr'>adra</span> <span class='ocrx_word' id='word_1_112' title='bbox 1479 2251 1565 2336; x_wconf 86' lang='lat' dir='ltr'>pulsi</span> 
     </span>
    </p>

    <p class='ocr_par' dir='ltr' id='par_1_6' title="bbox 654 2357 1528 2442">
     <span class='ocr_line' id='line_1_15' title="bbox 654 2357 1528 2442; baseline -0.007 -16"><span class='ocrx_word' id='word_1_113' title='bbox 654 2423 656 2426; x_wconf 11' lang='grc' dir='ltr'><em>Α</em></span> <span class='ocrx_word' id='word_1_114' title='bbox 760 2361 841 2422; x_wconf 89' lang='lat' dir='ltr'>aeris</span> <span class='ocrx_word' id='word_1_115' title='bbox 865 2363 897 2422; x_wconf 89' lang='lat' dir='ltr'>et</span> <span class='ocrx_word' id='word_1_116' title='bbox 919 2358 1022 2421; x_wconf 88' lang='lat' dir='ltr'>inflati</span> <span class='ocrx_word' id='word_1_117' title='bbox 1045 2357 1220 2442; x_wconf 84' lang='lat' dir='ltr'>complevit</span> <span class='ocrx_word' id='word_1_118' title='bbox 1242 2378 1411 2420; x_wconf 91' lang='lat' dir='ltr'>murmure</span> <span class='ocrx_word' id='word_1_119' title='bbox 1434 2357 1528 2434; x_wconf 86' lang='lat' dir='ltr'>buxi,</span> 
     </span>
    </p>

    <p class='ocr_par' dir='ltr' id='par_1_7' title="bbox 758 2462 1578 2549">
     <span class='ocr_line' id='line_1_16' title="bbox 758 2462 1578 2549; baseline -0.001 -21"><span class='ocrx_word' id='word_1_120' title='bbox 758 2485 878 2549; x_wconf 93' lang='lat' dir='ltr'>perque</span> <span class='ocrx_word' id='word_1_121' title='bbox 901 2463 988 2528; x_wconf 85' lang='lat' dir='ltr'>leves</span> <span class='ocrx_word' id='word_1_122' title='bbox 1012 2464 1143 2529; x_wconf 90' lang='lat' dir='ltr'>domitis</span> <span class='ocrx_word' id='word_1_123' title='bbox 1166 2466 1294 2528; x_wconf 88' lang='lat' dir='ltr'>invecta</span> <span class='ocrx_word' id='word_1_124' title='bbox 1316 2462 1464 2529; x_wconf 91' lang='lat' dir='ltr'>leonibus</span> <span class='ocrx_word' id='word_1_125' title='bbox 1486 2483 1578 2527; x_wconf 88' lang='lat' dir='ltr'>auras</span> 
     </span>
    </p>

    <p class='ocr_par' dir='ltr' id='par_1_8' title="bbox 761 2569 1498 2655">
     <span class='ocr_line' id='line_1_17' title="bbox 761 2569 1498 2655; baseline -0.001 -21"><span class='ocrx_word' id='word_1_126' title='bbox 761 2570 877 2648; x_wconf 88' lang='lat' dir='ltr'>„Irrita</span> <span class='ocrx_word' id='word_1_127' title='bbox 900 2569 1055 2655; x_wconf 88' lang='lat' dir='ltr'>sacrilega</span> <span class='ocrx_word' id='word_1_128' title='bbox 1077 2574 1177 2634; x_wconf 89' lang='lat' dir='ltr'>iactas</span> <span class='ocrx_word' id='word_1_129' title='bbox 1201 2570 1347 2635; x_wconf 87' lang='lat' dir='ltr'>incendia</span> <span class='ocrx_word' id='word_1_130' title='bbox 1371 2570 1498 2647; x_wconf 82' lang='lat' dir='ltr'>dextra,</span> 
     </span>
    </p>

    <p class='ocr_par' dir='ltr' id='par_1_9' title="bbox 760 2673 1653 2761">
     <span class='ocr_line' id='line_1_18' title="bbox 760 2673 1653 2761; baseline -0.001 -20"><span class='ocrx_word' id='word_1_131' title='bbox 760 2673 906 2741; x_wconf 70' lang='lat' dir='ltr'>&#39;lumel’</span> <span class='ocrx_word' id='word_1_132' title='bbox 932 2680 992 2754; x_wconf 86' lang='lat' dir='ltr'>ait,</span> <span class='ocrx_word' id='word_1_133' title='bbox 1019 2679 1193 2761; x_wconf 89' lang='lat' dir='ltr'>,‚eripiam‚</span> <span class='ocrx_word' id='word_1_134' title='bbox 1217 2699 1270 2740; x_wconf 80' lang='lat' dir='ltr'>nee</span> <span class='ocrx_word' id='word_1_135' title='bbox 1293 2699 1336 2740; x_wconf 83' lang='lat' dir='ltr'>me</span> <span class='ocrx_word' id='word_1_136' title='bbox 1352 2677 1493 2758; x_wconf 76' lang='lat' dir='ltr'>patiente</span> <span class='ocrx_word' id='word_1_137' title='bbox 1515 2677 1653 2740; x_wconf 80' lang='lat' dir='ltr'>cremabit</span> 
     </span>
    </p>

    <p class='ocr_par' dir='ltr' id='par_1_10' title="bbox 624 2781 1817 3079">
     <span class='ocr_line' id='line_1_19' title="bbox 759 2781 1626 2869; baseline 0 -22"><span class='ocrx_word' id='word_1_138' title='bbox 759 2785 845 2869; x_wconf 81' lang='lat' dir='ltr'>ignis</span> <span class='ocrx_word' id='word_1_139' title='bbox 870 2782 950 2847; x_wconf 79' lang='lat' dir='ltr'>edax</span> <span class='ocrx_word' id='word_1_140' title='bbox 972 2804 1120 2846; x_wconf 77' lang='lat' dir='ltr'>nemorum</span> <span class='ocrx_word' id='word_1_141' title='bbox 1137 2790 1245 2865; x_wconf 76' lang='lat' dir='ltr'>partes</span> <span class='ocrx_word' id='word_1_142' title='bbox 1268 2789 1297 2846; x_wconf 87' lang='lat' dir='ltr'>et</span> <span class='ocrx_word' id='word_1_143' title='bbox 1320 2783 1446 2846; x_wconf 81' lang='lat' dir='ltr'>membro</span> <span class='ocrx_word' id='word_1_144' title='bbox 1468 2781 1626 2847; x_wconf 81' lang='lat' dir='ltr'>mcorum&#39;’.</span> 
     </span>
     <span class='ocr_line' id='line_1_20' title="bbox 624 2886 1817 2975; baseline -0.001 -21"><span class='ocrx_word' id='word_1_145' title='bbox 624 2891 810 2974; x_wconf 83' lang='lat' dir='ltr'>Sequuntur</span> <span class='ocrx_word' id='word_1_146' title='bbox 841 2890 961 2953; x_wconf 92' lang='lat' dir='ltr'>imbres</span> <span class='ocrx_word' id='word_1_147' title='bbox 991 2889 1111 2974; x_wconf 89' lang='lat' dir='ltr'>grando</span> <span class='ocrx_word' id='word_1_148' title='bbox 1142 2887 1298 2974; x_wconf 89' lang='lat' dir='ltr'>procella,</span> <span class='ocrx_word' id='word_1_149' title='bbox 1331 2890 1534 2975; x_wconf 77' lang='lat' dir='ltr'>extinguitur</span> <span class='ocrx_word' id='word_1_150' title='bbox 1563 2891 1649 2975; x_wconf 88' lang='lat' dir='ltr'>ignis</span> <span class='ocrx_word' id='word_1_151' title='bbox 1673 2886 1740 2953; x_wconf 92' lang='lat' dir='ltr'>sola</span> <span class='ocrx_word' id='word_1_152' title='bbox 1764 2909 1817 2974; x_wconf 83' lang='lat' dir='ltr'>po</span> 
     </span>
     <span class='ocr_line' id='line_1_21' title="bbox 625 2994 1377 3079; baseline 0 -21"><span class='ocrx_word' id='word_1_153' title='bbox 625 3001 739 3060; x_wconf 84' lang='lat' dir='ltr'>testate</span> <span class='ocrx_word' id='word_1_154' title='bbox 762 2997 831 3060; x_wconf 93' lang='lat' dir='ltr'>eius</span> <span class='ocrx_word' id='word_1_155' title='bbox 855 2995 932 3059; x_wconf 90' lang='lat' dir='ltr'>deae</span> <span class='ocrx_word' id='word_1_156' title='bbox 956 3015 995 3058; x_wconf 83' lang='lat' dir='ltr'>ex</span> <span class='ocrx_word' id='word_1_157' title='bbox 1018 2996 1110 3058; x_wconf 87' lang='lat' dir='ltr'>cuius</span> <span class='ocrx_word' id='word_1_158' title='bbox 1133 2999 1215 3058; x_wconf 92' lang='lat' dir='ltr'>nutu</span> <span class='ocrx_word' id='word_1_159' title='bbox 1239 2994 1377 3079; x_wconf 90' lang='lat' dir='ltr'>pendent</span> 
     </span>
    </p>

    <p class='ocr_par' dir='ltr' id='par_1_11' title="bbox 1045 3098 1724 3179">
     <span class='ocr_line' id='line_1_22' title="bbox 1045 3098 1724 3179; baseline 0.003 -15"><span class='ocrx_word' id='word_1_160' title='bbox 1045 3098 1152 3177; x_wconf 75' lang='grc' dir='ltr'><strong><em>ἄνεμοί</em></strong></span> <span class='ocrx_word' id='word_1_161' title='bbox 1174 3125 1209 3164; x_wconf 80' lang='grc' dir='ltr'>τε</span> <span class='ocrx_word' id='word_1_162' title='bbox 1235 3100 1381 3165; x_wconf 69' lang='grc' dir='ltr'>θάλασσά</span> <span class='ocrx_word' id='word_1_163' title='bbox 1406 3125 1440 3165; x_wconf 78' lang='lat' dir='ltr'>re</span> <span class='ocrx_word' id='word_1_164' title='bbox 1464 3100 1550 3165; x_wconf 77' lang='grc' dir='ltr'><em>νειόθι</em></span> <span class='ocrx_word' id='word_1_165' title='bbox 1573 3126 1608 3165; x_wconf 76' lang='grc' dir='ltr'>τε</span> <span class='ocrx_word' id='word_1_166' title='bbox 1631 3100 1724 3179; x_wconf 73' lang='grc' dir='ltr'><strong><em>χθών.</em></strong></span> 
     </span>
    </p>

    <p class='ocr_par' dir='ltr' id='par_1_12' title="bbox 617 3206 1815 4459">
     <span class='ocr_line' id='line_1_23' title="bbox 668 3206 1815 3295; baseline 0.003 -24"><span class='ocrx_word' id='word_1_167' title='bbox 668 3206 807 3273; x_wconf 86' lang='lat' dir='ltr'>Fabulae</span> <span class='ocrx_word' id='word_1_168' title='bbox 838 3208 973 3272; x_wconf 85' lang='lat' dir='ltr'>formam</span> <span class='ocrx_word' id='word_1_169' title='bbox 1005 3209 1193 3291; x_wconf 90' lang='lat' dir='ltr'>primariam</span> <span class='ocrx_word' id='word_1_170' title='bbox 1224 3208 1306 3273; x_wconf 89' lang='lat' dir='ltr'>hanc</span> <span class='ocrx_word' id='word_1_171' title='bbox 1336 3208 1450 3284; x_wconf 85' lang='lat' dir='ltr'>fuisse,</span> <span class='ocrx_word' id='word_1_172' title='bbox 1474 3228 1607 3293; x_wconf 90' lang='lat' dir='ltr'>eamque</span> <span class='ocrx_word' id='word_1_173' title='bbox 1630 3228 1649 3272; x_wconf 89' lang='lat' dir='ltr'>a</span> <span class='ocrx_word' id='word_1_174' title='bbox 1672 3207 1815 3295; x_wconf 86' lang='lat' dir='ltr'>Vergilio</span> 
     </span>
     <span class='ocr_line' id='line_1_24' title="bbox 623 3313 1815 3399; baseline 0 -20"><span class='ocrx_word' id='word_1_175' title='bbox 623 3317 742 3379; x_wconf 89' lang='lat' dir='ltr'>rectius</span> <span class='ocrx_word' id='word_1_176' title='bbox 773 3313 855 3377; x_wconf 91' lang='lat' dir='ltr'>libro</span> <span class='ocrx_word' id='word_1_177' title='bbox 878 3313 910 3376; x_wconf 90' lang='lat' dir='ltr'>X</span> <span class='ocrx_word' id='word_1_178' title='bbox 933 3333 1031 3398; x_wconf 90' lang='lat' dir='ltr'>quam</span> <span class='ocrx_word' id='word_1_179' title='bbox 1055 3313 1137 3379; x_wconf 92' lang='lat' dir='ltr'>libro</span> <span class='ocrx_word' id='word_1_180' title='bbox 1160 3314 1206 3378; x_wconf 88' lang='lat' dir='ltr'>lX</span> <span class='ocrx_word' id='word_1_181' title='bbox 1231 3320 1392 3380; x_wconf 86' lang='lat' dir='ltr'>servatam</span> <span class='ocrx_word' id='word_1_182' title='bbox 1416 3334 1483 3379; x_wconf 89' lang='lat' dir='ltr'>esse</span> <span class='ocrx_word' id='word_1_183' title='bbox 1507 3314 1590 3378; x_wconf 89' lang='lat' dir='ltr'>mihi</span> <span class='ocrx_word' id='word_1_184' title='bbox 1613 3317 1815 3399; x_wconf 89' lang='lat' dir='ltr'>persuasissi-</span> 
     </span>
     <span class='ocr_line' id='line_1_25' title="bbox 622 3418 1814 3507; baseline 0.004 -23"><span class='ocrx_word' id='word_1_185' title='bbox 622 3442 715 3484; x_wconf 94' lang='lat' dir='ltr'>mum</span> <span class='ocrx_word' id='word_1_186' title='bbox 738 3425 795 3485; x_wconf 90' lang='lat' dir='ltr'>est.</span> <span class='ocrx_word' id='word_1_187' title='bbox 820 3418 971 3486; x_wconf 79' lang='lat' dir='ltr'>Ceterum</span> <span class='ocrx_word' id='word_1_188' title='bbox 995 3441 1052 3485; x_wconf 92' lang='lat' dir='ltr'>nec</span> <span class='ocrx_word' id='word_1_189' title='bbox 1076 3422 1181 3507; x_wconf 85' lang='lat' dir='ltr'>fugiet</span> <span class='ocrx_word' id='word_1_190' title='bbox 1201 3441 1412 3506; x_wconf 90' lang='lat' dir='ltr'>quemquam,</span> <span class='ocrx_word' id='word_1_191' title='bbox 1438 3442 1533 3505; x_wconf 87' lang='lat' dir='ltr'>quam</span> <span class='ocrx_word' id='word_1_192' title='bbox 1558 3422 1683 3487; x_wconf 84' lang='lat' dir='ltr'>diversa</span> <span class='ocrx_word' id='word_1_193' title='bbox 1706 3423 1814 3489; x_wconf 87' lang='lat' dir='ltr'>doceat</span> 
     </span>
     <span class='ocr_line' id='line_1_26' title="bbox 621 3526 1815 3616; baseline 0.005 -26"><span class='ocrx_word' id='word_1_194' title='bbox 621 3530 692 3611; x_wconf 89' lang='lat' dir='ltr'>ipsa</span> <span class='ocrx_word' id='word_1_195' title='bbox 726 3528 865 3591; x_wconf 88' lang='lat' dir='ltr'>narratio</span> <span class='ocrx_word' id='word_1_196' title='bbox 897 3526 935 3590; x_wconf 90' lang='lat' dir='ltr'>ab</span> <span class='ocrx_word' id='word_1_197' title='bbox 966 3529 1007 3590; x_wconf 92' lang='lat' dir='ltr'>iis</span> <span class='ocrx_word' id='word_1_198' title='bbox 1038 3548 1118 3612; x_wconf 89' lang='lat' dir='ltr'>quaa</span> <span class='ocrx_word' id='word_1_199' title='bbox 1149 3529 1182 3590; x_wconf 92' lang='lat' dir='ltr'>in</span> <span class='ocrx_word' id='word_1_200' title='bbox 1212 3526 1432 3613; x_wconf 87' lang='lat' dir='ltr'>nympharum</span> <span class='ocrx_word' id='word_1_201' title='bbox 1460 3529 1537 3592; x_wconf 81' lang='lat' dir='ltr'>vitis</span> <span class='ocrx_word' id='word_1_202' title='bbox 1560 3528 1700 3594; x_wconf 90' lang='lat' dir='ltr'>accidere</span> <span class='ocrx_word' id='word_1_203' title='bbox 1723 3551 1815 3616; x_wconf 90' lang='lat' dir='ltr'>posse</span> 
     </span>
     <span class='ocr_line' id='line_1_27' title="bbox 621 3632 1812 3721; baseline 0.005 -25"><span class='ocrx_word' id='word_1_204' title='bbox 621 3632 786 3717; x_wconf 89' lang='lat' dir='ltr'>theologia</span> <span class='ocrx_word' id='word_1_205' title='bbox 817 3635 995 3716; x_wconf 88' lang='lat' dir='ltr'>priscorum</span> <span class='ocrx_word' id='word_1_206' title='bbox 1026 3633 1196 3697; x_wconf 92' lang='lat' dir='ltr'>hominum</span> <span class='ocrx_word' id='word_1_207' title='bbox 1229 3632 1424 3712; x_wconf 88' lang='lat' dir='ltr'>crediderat;</span> <span class='ocrx_word' id='word_1_208' title='bbox 1454 3640 1486 3698; x_wconf 89' lang='lat' dir='ltr'>et</span> <span class='ocrx_word' id='word_1_209' title='bbox 1514 3636 1664 3701; x_wconf 90' lang='lat' dir='ltr'>concedat</span> <span class='ocrx_word' id='word_1_210' title='bbox 1687 3639 1812 3721; x_wconf 87' lang='lat' dir='ltr'>quivis,</span> 
     </span>
     <span class='ocr_line' id='line_1_28' title="bbox 620 3738 1815 3827; baseline 0.003 -23"><span class='ocrx_word' id='word_1_211' title='bbox 620 3745 766 3804; x_wconf 84' lang='lat' dir='ltr'>vetustae</span> <span class='ocrx_word' id='word_1_212' title='bbox 792 3740 911 3823; x_wconf 90' lang='lat' dir='ltr'>origini</span> <span class='ocrx_word' id='word_1_213' title='bbox 935 3741 988 3802; x_wconf 84' lang='lat' dir='ltr'>vix</span> <span class='ocrx_word' id='word_1_214' title='bbox 1011 3738 1148 3803; x_wconf 89' lang='lat' dir='ltr'>adscribi</span> <span class='ocrx_word' id='word_1_215' title='bbox 1170 3760 1261 3824; x_wconf 88' lang='lat' dir='ltr'>posse</span> <span class='ocrx_word' id='word_1_216' title='bbox 1284 3741 1366 3805; x_wconf 91' lang='lat' dir='ltr'>hanc</span> <span class='ocrx_word' id='word_1_217' title='bbox 1389 3739 1550 3819; x_wconf 88' lang='lat' dir='ltr'>fabulam,</span> <span class='ocrx_word' id='word_1_218' title='bbox 1579 3764 1659 3827; x_wconf 87' lang='lat' dir='ltr'>quae</span> <span class='ocrx_word' id='word_1_219' title='bbox 1688 3764 1815 3827; x_wconf 89' lang='lat' dir='ltr'>prorsus</span> 
     </span>
     <span class='ocr_line' id='line_1_29' title="bbox 620 3846 1813 3934; baseline 0.003 -24"><span class='ocrx_word' id='word_1_220' title='bbox 620 3847 703 3910; x_wconf 89' lang='lat' dir='ltr'>absit</span> <span class='ocrx_word' id='word_1_221' title='bbox 724 3846 762 3909; x_wconf 84' lang='lat' dir='ltr'>ab</span> <span class='ocrx_word' id='word_1_222' title='bbox 783 3847 914 3929; x_wconf 90' lang='lat' dir='ltr'>antiqua</span> <span class='ocrx_word' id='word_1_223' title='bbox 935 3846 1058 3910; x_wconf 88' lang='lat' dir='ltr'>Aeneae</span> <span class='ocrx_word' id='word_1_224' title='bbox 1077 3846 1219 3911; x_wconf 89' lang='lat' dir='ltr'>historia.</span> <span class='ocrx_word' id='word_1_225' title='bbox 1241 3846 1332 3912; x_wconf 92' lang='lat' dir='ltr'>Unde</span> <span class='ocrx_word' id='word_1_226' title='bbox 1350 3850 1454 3934; x_wconf 89' lang='lat' dir='ltr'>igitur</span> <span class='ocrx_word' id='word_1_227' title='bbox 1471 3855 1545 3914; x_wconf 90' lang='lat' dir='ltr'>nata</span> <span class='ocrx_word' id='word_1_228' title='bbox 1561 3847 1630 3914; x_wconf 80' lang='lat' dir='ltr'>esti</span> <span class='ocrx_word' id='word_1_229' title='bbox 1650 3850 1813 3929; x_wconf 79' lang='lat' dir='ltr'>Quaenam</span> 
     </span>
     <span class='ocr_line' id='line_1_30' title="bbox 620 3949 1813 4041; baseline 0.005 -25"><span class='ocrx_word' id='word_1_230' title='bbox 620 3973 692 4017; x_wconf 90' lang='lat' dir='ltr'>eam</span> <span class='ocrx_word' id='word_1_231' title='bbox 723 3953 847 4036; x_wconf 89' lang='lat' dir='ltr'>peperit</span> <span class='ocrx_word' id='word_1_232' title='bbox 877 3949 993 4015; x_wconf 81' lang='lat' dir='ltr'>causa?</span> <span class='ocrx_word' id='word_1_233' title='bbox 1024 3952 1210 4017; x_wconf 86' lang='lat' dir='ltr'>Aeneadum</span> <span class='ocrx_word' id='word_1_234' title='bbox 1240 3952 1363 4040; x_wconf 88' lang='lat' dir='ltr'>gloriae</span> <span class='ocrx_word' id='word_1_235' title='bbox 1389 3956 1553 4041; x_wconf 87' lang='lat' dir='ltr'>augendae</span> <span class='ocrx_word' id='word_1_236' title='bbox 1575 3977 1636 4020; x_wconf 93' lang='lat' dir='ltr'>non</span> <span class='ocrx_word' id='word_1_237' title='bbox 1660 3958 1813 4034; x_wconf 83' lang='lat' dir='ltr'>inservit,</span> 
     </span>
     <span class='ocr_line' id='line_1_31' title="bbox 619 4056 1813 4147; baseline 0.005 -25"><span class='ocrx_word' id='word_1_238' title='bbox 619 4081 683 4124; x_wconf 91' lang='lat' dir='ltr'>non</span> <span class='ocrx_word' id='word_1_239' title='bbox 714 4056 821 4122; x_wconf 85' lang='lat' dir='ltr'>cultus</span> <span class='ocrx_word' id='word_1_240' title='bbox 852 4056 1019 4121; x_wconf 88' lang='lat' dir='ltr'>cuiusdam</span> <span class='ocrx_word' id='word_1_241' title='bbox 1046 4058 1227 4143; x_wconf 85' lang='lat' dir='ltr'>explicandi</span> <span class='ocrx_word' id='word_1_242' title='bbox 1249 4062 1356 4144; x_wconf 88' lang='lat' dir='ltr'>gratia</span> <span class='ocrx_word' id='word_1_243' title='bbox 1378 4063 1560 4147; x_wconf 84' lang='lat' dir='ltr'>excogitata</span> <span class='ocrx_word' id='word_1_244' title='bbox 1583 4081 1651 4127; x_wconf 85' lang='lat' dir='ltr'>esse</span> <span class='ocrx_word' id='word_1_245' title='bbox 1674 4063 1813 4129; x_wconf 85' lang='lat' dir='ltr'>videtur.</span> 
     </span>
     <span class='ocr_line' id='line_1_32' title="bbox 618 4161 1812 4250; baseline 0.003 -21"><span class='ocrx_word' id='word_1_246' title='bbox 618 4164 652 4229; x_wconf 81' lang='lat' dir='ltr'>Si</span> <span class='ocrx_word' id='word_1_247' title='bbox 676 4163 753 4249; x_wconf 93' lang='lat' dir='ltr'>quid</span> <span class='ocrx_word' id='word_1_248' title='bbox 777 4162 888 4239; x_wconf 87' lang='lat' dir='ltr'>video,</span> <span class='ocrx_word' id='word_1_249' title='bbox 916 4161 1050 4227; x_wconf 90' lang='lat' dir='ltr'>debetur</span> <span class='ocrx_word' id='word_1_250' title='bbox 1068 4162 1168 4227; x_wconf 82' lang='lat' dir='ltr'>fertili</span> <span class='ocrx_word' id='word_1_251' title='bbox 1187 4166 1317 4250; x_wconf 91' lang='lat' dir='ltr'>ingenio</span> <span class='ocrx_word' id='word_1_252' title='bbox 1337 4170 1448 4249; x_wconf 90' lang='lat' dir='ltr'>poetae</span> <span class='ocrx_word' id='word_1_253' title='bbox 1467 4166 1635 4230; x_wconf 86' lang='lat' dir='ltr'>cuiusdam</span> <span class='ocrx_word' id='word_1_254' title='bbox 1654 4170 1706 4232; x_wconf 87' lang='lat' dir='ltr'>eui</span> <span class='ocrx_word' id='word_1_255' title='bbox 1726 4167 1812 4233; x_wconf 92' lang='lat' dir='ltr'>cordi</span> 
     </span>
     <span class='ocr_line' id='line_1_33' title="bbox 617 4269 1813 4360; baseline 0.004 -26"><span class='ocrx_word' id='word_1_256' title='bbox 617 4272 680 4334; x_wconf 82' lang='lat' dir='ltr'>suit</span> <span class='ocrx_word' id='word_1_257' title='bbox 711 4269 827 4334; x_wconf 88' lang='lat' dir='ltr'>Matris</span> <span class='ocrx_word' id='word_1_258' title='bbox 860 4289 995 4355; x_wconf 89' lang='lat' dir='ltr'>magnae</span> <span class='ocrx_word' id='word_1_259' title='bbox 1025 4276 1219 4355; x_wconf 89' lang='lat' dir='ltr'>potestatem</span> <span class='ocrx_word' id='word_1_260' title='bbox 1249 4273 1515 4357; x_wconf 88' lang='lat' dir='ltr'>maiestatemque</span> <span class='ocrx_word' id='word_1_261' title='bbox 1546 4271 1650 4358; x_wconf 90' lang='lat' dir='ltr'>qualis</span> <span class='ocrx_word' id='word_1_262' title='bbox 1681 4275 1716 4336; x_wconf 93' lang='lat' dir='ltr'>in</span> <span class='ocrx_word' id='word_1_263' title='bbox 1743 4276 1813 4360; x_wconf 88' lang='lat' dir='ltr'>ipsa</span> 
     </span>
     <span class='ocr_line' id='line_1_34' title="bbox 619 4375 1313 4459; baseline 0.001 -19"><span class='ocrx_word' id='word_1_264' title='bbox 619 4379 744 4441; x_wconf 90' lang='lat' dir='ltr'>Aeneae</span> <span class='ocrx_word' id='word_1_265' title='bbox 768 4381 852 4439; x_wconf 84' lang='lat' dir='ltr'>sorta</span> <span class='ocrx_word' id='word_1_266' title='bbox 876 4377 1120 4459; x_wconf 88' lang='lat' dir='ltr'>conspiceretur,</span> <span class='ocrx_word' id='word_1_267' title='bbox 1145 4375 1313 4442; x_wconf 90' lang='lat' dir='ltr'>celebrare.</span> 
     </span>
    </p>

    <p class='ocr_par' dir='ltr' id='par_1_13' title="bbox 616 4480 1811 5001">
     <span class='ocr_line' id='line_1_35' title="bbox 665 4480 1811 4565; baseline 0.004 -21"><span class='ocrx_word' id='word_1_268' title='bbox 665 4480 702 4544; x_wconf 93' lang='lat' dir='ltr'>In</span> <span class='ocrx_word' id='word_1_269' title='bbox 726 4482 959 4565; x_wconf 87' lang='lat' dir='ltr'>antiquissimis</span> <span class='ocrx_word' id='word_1_270' title='bbox 983 4480 1021 4547; x_wconf 94' lang='lat' dir='ltr'>de</span> <span class='ocrx_word' id='word_1_271' title='bbox 1045 4483 1149 4547; x_wconf 90' lang='lat' dir='ltr'>Aenea</span> <span class='ocrx_word' id='word_1_272' title='bbox 1173 4482 1317 4547; x_wconf 89' lang='lat' dir='ltr'>historiis</span> <span class='ocrx_word' id='word_1_273' title='bbox 1341 4481 1431 4548; x_wconf 93' lang='lat' dir='ltr'>nulla</span> <span class='ocrx_word' id='word_1_274' title='bbox 1453 4484 1586 4549; x_wconf 86' lang='lat' dir='ltr'>navium</span> <span class='ocrx_word' id='word_1_275' title='bbox 1611 4490 1811 4550; x_wconf 89' lang='lat' dir='ltr'>mutatarum</span> 
     </span>
     <span class='ocr_line' id='line_1_36' title="bbox 618 4587 1810 4672; baseline 0.006 -21"><span class='ocrx_word' id='word_1_276' title='bbox 618 4590 774 4653; x_wconf 92' lang='lat' dir='ltr'>memoria</span> <span class='ocrx_word' id='word_1_277' title='bbox 797 4587 953 4671; x_wconf 89' lang='lat' dir='ltr'>proditur,</span> <span class='ocrx_word' id='word_1_278' title='bbox 974 4587 1028 4652; x_wconf 88' lang='lat' dir='ltr'>sed</span> <span class='ocrx_word' id='word_1_279' title='bbox 1048 4593 1207 4653; x_wconf 89' lang='lat' dir='ltr'>crematae</span> <span class='ocrx_word' id='word_1_280' title='bbox 1227 4587 1337 4654; x_wconf 87' lang='lat' dir='ltr'>classis</span> <span class='ocrx_word' id='word_1_281' title='bbox 1356 4592 1476 4654; x_wconf 89' lang='lat' dir='ltr'>mentio</span> <span class='ocrx_word' id='word_1_282' title='bbox 1496 4589 1532 4654; x_wconf 91' lang='lat' dir='ltr'>fit</span> <span class='ocrx_word' id='word_1_283' title='bbox 1550 4590 1623 4656; x_wconf 90' lang='lat' dir='ltr'>iude</span> <span class='ocrx_word' id='word_1_284' title='bbox 1642 4592 1681 4656; x_wconf 93' lang='lat' dir='ltr'>ab</span> <span class='ocrx_word' id='word_1_285' title='bbox 1701 4593 1810 4672; x_wconf 89' lang='lat' dir='ltr'>initio,</span> 
     </span>
     <span class='ocr_line' id='line_1_37' title="bbox 616 4692 1811 4780; baseline 0.005 -22"><span class='ocrx_word' id='word_1_286' title='bbox 616 4700 648 4759; x_wconf 88' lang='lat' dir='ltr'>et</span> <span class='ocrx_word' id='word_1_287' title='bbox 680 4715 754 4757; x_wconf 92' lang='lat' dir='ltr'>cum</span> <span class='ocrx_word' id='word_1_288' title='bbox 784 4696 863 4778; x_wconf 88' lang='lat' dir='ltr'>ipsis</span> <span class='ocrx_word' id='word_1_289' title='bbox 895 4693 1063 4757; x_wconf 87' lang='lat' dir='ltr'>Aeuadum</span> <span class='ocrx_word' id='word_1_290' title='bbox 1093 4692 1220 4759; x_wconf 87' lang='lat' dir='ltr'>fabulae</span> <span class='ocrx_word' id='word_1_291' title='bbox 1251 4697 1417 4780; x_wconf 88' lang='lat' dir='ltr'>principiis</span> <span class='ocrx_word' id='word_1_292' title='bbox 1442 4701 1526 4761; x_wconf 87' lang='lat' dir='ltr'>areta</span> <span class='ocrx_word' id='word_1_293' title='bbox 1550 4718 1586 4762; x_wconf 90' lang='lat' dir='ltr'>aa</span> <span class='ocrx_word' id='word_1_294' title='bbox 1609 4697 1738 4762; x_wconf 88' lang='lat' dir='ltr'>traditio</span> <span class='ocrx_word' id='word_1_295' title='bbox 1762 4719 1811 4764; x_wconf 91' lang='lat' dir='ltr'>co-</span> 
     </span>
     <span class='ocr_line' id='line_1_38' title="bbox 616 4798 1811 4888; baseline 0.007 -25"><span class='ocrx_word' id='word_1_296' title='bbox 616 4801 738 4865; x_wconf 90' lang='lat' dir='ltr'>haeret.</span> <span class='ocrx_word' id='word_1_297' title='bbox 770 4798 912 4866; x_wconf 81' lang='lat' dir='ltr'>Classem</span> <span class='ocrx_word' id='word_1_298' title='bbox 940 4805 1050 4865; x_wconf 91' lang='lat' dir='ltr'>autem</span> <span class='ocrx_word' id='word_1_299' title='bbox 1075 4800 1266 4878; x_wconf 81' lang='lat' dir='ltr'>incendisse,</span> <span class='ocrx_word' id='word_1_300' title='bbox 1295 4801 1328 4865; x_wconf 92' lang='lat' dir='ltr'>id</span> <span class='ocrx_word' id='word_1_301' title='bbox 1353 4803 1394 4866; x_wconf 88' lang='lat' dir='ltr'>iis</span> <span class='ocrx_word' id='word_1_302' title='bbox 1421 4805 1476 4887; x_wconf 91' lang='lat' dir='ltr'>qui</span> <span class='ocrx_word' id='word_1_303' title='bbox 1502 4804 1600 4888; x_wconf 90' lang='lat' dir='ltr'>primi</span> <span class='ocrx_word' id='word_1_304' title='bbox 1625 4802 1663 4868; x_wconf 93' lang='lat' dir='ltr'>de</span> <span class='ocrx_word' id='word_1_305' title='bbox 1686 4805 1811 4872; x_wconf 88' lang='lat' dir='ltr'>Aeneae</span> 
     </span>
     <span class='ocr_line' id='line_1_39' title="bbox 617 4906 1810 5001; baseline 0.006 -31"><span class='ocrx_word' id='word_1_306' title='bbox 617 4906 759 4971; x_wconf 87' lang='lat' dir='ltr'>adventu</span> <span class='ocrx_word' id='word_1_307' title='bbox 778 4906 879 4991; x_wconf 89' lang='lat' dir='ltr'>deque</span> <span class='ocrx_word' id='word_1_308' title='bbox 899 4907 978 4975; x_wconf 92' lang='lat' dir='ltr'>urbe</span> <span class='ocrx_word' id='word_1_309' title='bbox 997 4906 1098 4972; x_wconf 89' lang='lat' dir='ltr'>Roma</span> <span class='ocrx_word' id='word_1_310' title='bbox 1122 4908 1160 4972; x_wconf 91' lang='lat' dir='ltr'>ab</span> <span class='ocrx_word' id='word_1_311' title='bbox 1184 4928 1221 4973; x_wconf 91' lang='lat' dir='ltr'>eo</span> <span class='ocrx_word' id='word_1_312' title='bbox 1244 4907 1372 4974; x_wconf 91' lang='lat' dir='ltr'>condita</span> <span class='ocrx_word' id='word_1_313' title='bbox 1395 4912 1606 4994; x_wconf 88' lang='lat' dir='ltr'>scripserunt,</span> <span class='ocrx_word' id='word_1_314' title='bbox 1630 4931 1692 4975; x_wconf 92' lang='lat' dir='ltr'>non</span> <span class='ocrx_word' id='word_1_315' title='bbox 1716 4910 1810 5001; x_wconf 89' lang='lat' dir='ltr'>culpa</span> 
     </span>
    </p>
   </div>
   <div class='ocr_carea' id='block_1_4' title="bbox 0 0 2568 6150">
    <p class='ocr_par' dir='ltr' id='par_1_14' title="bbox 0 0 2568 6150">
     <span class='ocr_line' id='line_1_40' title="bbox 0 0 2568 6150; baseline 0 3"><span class='ocrx_word' id='word_1_316' title='bbox 0 0 2568 6150; x_wconf 95' lang='lat' dir='ltr'> </span> 
     </span>
    </p>
   </div>
  </div>
 </body>
</html>
