5125 6150
744 847 810 925 432
1191 864 1371 910 ausanium
1394 865 1489 912 uxos.

743 1031 801 1105 μὲν
831 1029 873 1106 τῷ
904 1027 1016 1102 μέλανι
1050 1028 1201 1106 operosis,
1234 1030 1348 1098 τελέως
1379 1031 1488 1094 κωλύει
1519 1034 1574 1106 rto
1605 1029 1720 1111 ἔρισιν,
1752 1035 1806 1098 tau
1836 1035 1867 1099 δὲ
1892 1040 1930 1115 τῷ

744 1135 860 1210 λευκῷ,
884 1129 989 1205 ἦττον·
1015 1140 1162 1196 καλεῖται
1187 1132 1213 1194 δ’
1237 1134 1427 1209 arefacere.

789 1238 890 1305 Caeca
932 1235 1041 1322 puella
1085 1241 1183 1301 etiam
1225 1243 1295 1302 ruri
1336 1246 1501 1325 paternam
1542 1242 1678 1308 domum
1717 1245 1932 1323 desiderabat,

743 1349 835 1410 cuius
866 1365 976 1407 omnes
1007 1352 1099 1407 norat
1129 1365 1281 1408 recessus.
1305 1343 1423 1415 Contra
1444 1347 1629 1414 Elisabetba
1653 1351 1839 1435 frequenter
1860 1354 1933 1416 Am·

743 1450 959 1515 stelodamum
991 1470 1158 1515 excurrere
1189 1456 1257 1515 erat
1286 1450 1398 1529 solita,
1430 1467 1466 1516 ut
1491 1475 1547 1538 per
1569 1455 1751 1541 complures
1774 1457 1844 1522 dies
1866 1462 1932 1522 sive

742 1557 999 1643 Wyttenbachii,
1024 1559 1091 1620 sire
1111 1554 1248 1620 aliorum
1268 1559 1408 1643 bospitio
1427 1568 1581 1638 uteretur,
1602 1561 1704 1627 veluti
1725 1563 1882 1628 Hoeufflii
1901 1568 1931 1628 in

742 1685 815 1728 area
848 1662 1100 1738 sensenna,
1139 1664 1179 1726 cf.
1212 1664 1313 1744 spur.
1345 1663 1375 1728 u.
1408 1664 1452 1730 aa
1483 1667 1570 1751 Sept.
1605 1647 1702 1734 ruas.
1742 1671 1931 1756 segmen

742 1768 872 1853 quidem
892 1775 925 1832 et
941 1770 1135 1854 gravissime
1154 1768 1335 1845 interdum,
1355 1770 1409 1834 sed
1429 1792 1504 1836 mox
1524 1775 1692 1858 pristinam
1713 1774 1931 1841 valetudinem

742 1877 953 1958 recuperavit.
986 1873 1061 1938 Fuit
1093 1894 1167 1937 cum
1199 1881 1266 1938 tota
1297 1875 1411 1939 domus
1443 1898 1540 1961 paene
1562 1881 1596 1941 iu
1619 1883 1843 1945 nosocomium
1867 1903 1933 1947 con·

742 1987 929 2056 verteretur,
954 1981 993 2044 cf.
1021 1980 1118 2061 Epist.
1144 1980 1173 2044 d.
1201 1979 1242 2043 19
1267 1980 1363 2045 Mart.
1392 1981 1496 2059 178&
1518 1994 1625 2048 tamen
1645 1986 1735 2051 brevi
1753 1996 1828 2072 post
1845 1995 1932 2053 eraut

742 2089 851 2151 omnia
881 2087 919 2150 ad
952 2086 1150 2150 hilaritatem
1182 2091 1359 2171 composita
1390 2095 1520 2173 totaque
1553 2090 1668 2155 domus
1697 2094 1765 2156 risu
1799 2095 1932 2158 otiosis

743 2192 943 2278 personabat.
978 2190 1142 2276 Cognosce
1172 2193 1253 2256 mihi
1285 2193 1469 2258 Ruhnkenii
1491 2196 1588 2260 rerba
1611 2199 1643 2259 in
1669 2197 1769 2278 Epist.
1795 2197 1816 2262 9
1840 2198 1929 2263 Febr.

743 2296 840 2375 1792,
872 2319 1010 2382 quorum
1036 2298 1205 2361 verborum
1229 2297 1497 2384 Wyttenbacbius
1520 2309 1632 2385 sponte
1655 2305 1829 2367 imemor
1852 2305 1929 2367 fuit:

740 2405 923 2489 „Quidquid
956 2404 1168 2489 aegritudinis
1198 2405 1286 2469 feriis
1317 2405 1525 2471 Paschalibus
1549 2406 1683 2472 beidam
1705 2407 1872 2486 attuleris,
1887 2412 1929 2491 fi-

739 2514 848 2575 liuram
881 2531 1029 2575 mearum
1066 2509 1215 2574 discutiet
1249 2509 1405 2575 hilaritas.
1450 2511 1595 2576 Multum
1631 2517 1729 2578 etiam
1765 2516 1929 2600 proficient

738 2620 818 2684 duae
841 2617 998 2692 famulae,
1022 2614 1122 2680 altera
1141 2615 1257 2681 tenella
1276 2637 1433 2702 genarum
1454 2618 1675 2695 mollitudine,
1695 2618 1797 2685 altera
1817 2621 1928 2686 rubore

737 2723 932 2798 verecundo,
969 2743 1104 2806 quarum
1136 2742 1217 2806 quae
1246 2725 1290 2785 sit
1322 2722 1488 2788 vernilitas
1519 2728 1614 2788 nosti.
1645 2724 1724 2789 Veni
1753 2729 1869 2812 igitur,
1894 2735 1928 2791 nt

737 2831 847 2897 eadem
870 2833 1013 2894 iocorum
1036 2835 1167 2892 tuorum
1191 2829 1387 2905 festivitate,
1412 2850 1474 2913 qua
1493 2833 1657 2915 superiore
1676 2851 1775 2908 auno,
1797 2832 1929 2899 oblecte-

736 2938 843 3002 mur’'.
880 2936 905 2999 O
936 2938 963 2998 si
993 2933 1115 2998 Paulus
1146 2955 1208 2998 vau
1240 2934 1393 3011 Hemert,
1425 2934 1617 3000 Horrearius
1646 2935 1720 3013 ille,
1751 2939 1786 3000 in
1820 2939 1928 3001 iliade

735 3043 940 3127 Epistulas-mm
976 3063 1006 3126 p.
1042 3039 1116 3117 139,
1152 3041 1236 3105 hunc
1270 3039 1378 3106 locum
1411 3045 1568 3126 potuisset
1597 3042 1806 3129 cognoscere!
1844 3044 1926 3125 Quos

734 3150 850 3214 fluctus
873 3145 1058 3213 excitasset!
1083 3146 1169 3225 Quos
1193 3150 1358 3211 cecinisset
1382 3146 1581 3232 triumphos!

779 3256 841 3320 Sed
872 3276 972 3339 quum
1003 3253 1199 3317 Mariamnae
1230 3253 1367 3318 conditio
1389 3276 1523 3338 semper
1545 3258 1578 3317 iu
1603 3254 1744 3320 deterius
1767 3265 1924 3323 converte

734 3370 832 3435 retur,
865 3363 982 3425 sensim
1016 3358 1237 3444 paulatimque
1268 3358 1317 3422 illi
1340 3361 1423 3423 risus
1446 3367 1479 3423 61
1501 3363 1570 3423 1161
1592 3363 1825 3427 conticuerunt.
1851 3360 1924 3429 Ger·

733 3489 848 3531 manus
873 3466 1020 3551 quidam,
1045 3464 1182 3529 Riulxius
1204 3468 1348 3541 nomine,
1375 3465 1460 3549 apud
1483 3465 1725 3551 Bergmaunum
1747 3466 1794 3531 l.l.
1819 3490 1851 3553 p.
1873 3470 1923 3546 50,

734 3577 789 3658 qui
812 3577 893 3636 circa
916 3571 999 3635 illud
1023 3584 1150 3656 tempus
1174 3572 1355 3636 studiorum
1378 3592 1472 3636 causa
1495 3572 1628 3636 Leidam
1653 3576 1756 3653 veuit,
1782 3578 1924 3641 narravit

733 3702 765 3744 se
790 3677 988 3762 saepiuscule
1013 3678 1155 3753 affuisse,
1184 3665 1292 3761 quum'
1311 3676 1523 3741 Ruhnkeuius
1547 3700 1585 3743 ox
1609 3678 1827 3746 ambulatione
1851 3703 1923 3746 cum

733 3786 856 3849 duobus
877 3786 1017 3867 ventegis
1037 3790 1107 3866 post
1127 3783 1342 3847 meridianum
1362 3783 1532 3867 prandium
1552 3786 1633 3848 circa
1649 3791 1796 3868 quartam
1812 3788 1921 3853 horam

733 3890 865 3955 domum
885 3910 1030 3953 reversus
1049 3889 1087 3952 ed
1109 3889 1214 3953 focum
1240 3888 1363 3953 sederet
1386 3897 1418 3952 et
1438 3888 1561 3954 caldam
1581 3891 1730 3955 sorberet.
1755 3892 1922 3957 1111111-
1943 3964 1950 3973 ,

733 3997 879 4073 betham,
900 4017 979 4080 quae
1000 3997 1113 4058 matris
1133 3994 1172 4058 ad
1188 3993 1375 4079 exemplum
1389 3997 1506 4059 eximie
1519 3997 1665 4061 cantabat
1677 4002 1747 4061 tum
1762 4021 1842 4065 voce
1855 4008 1920 4065 tum

732 4107 773 4183 τῷ
801 4103 996 4180 πολυχόρδῳ,
1022 4123 1095 4165 cum
1121 4099 1201 4165 aliae
1226 4104 1346 4165 amicae
1369 4101 1586 4178 ventitabant,
1610 4110 1681 4167 tum
1706 4104 1921 4171 adulescentes

734 4208 880 4273 nonnulli
901 4207 1078 4291 elegantes,
1099 4210 1154 4291 qui
1174 4205 1316 4290 puellam
1336 4205 1479 4290 pulcram
1499 4206 1644 4290 quidem,
1665 4208 1720 4273 sed
1730 4208 1918 4277 indotatam!

732 4316 924 4380 ambiebant.
949 4313 1084 4394 Sedebat
1108 4315 1227 4377 interea
1248 4311 1353 4376 Maria
1373 4319 1404 4375 et
1424 4311 1509 4376 dulci
1528 4311 1667 4398 alloquio
1686 4315 1822 4381 faciebat
1841 4316 1919 4402 quod

733 4427 875 4506 poterat,
909 4426 945 4483 ut
976 4440 1015 4483 ne
1040 4420 1111 4501 quis
1134 4439 1241 4482 recens
1264 4418 1386 4482 advena
1409 4418 1557 4481 morbum
1581 4416 1747 4483 oculorum
1772 4426 1919 4487 continuo

731 4525 1008 4593 animadverteret.
1039 4524 1155 4587 Matris
1187 4530 1295 4587 autem
1322 4525 1424 4586 tristis
1447 4528 1514 4586 erat
1537 4522 1692 4600 conditio,
1716 4546 1798 4609 quae
1821 4528 1917 4591 homi·

730 4655 808 4697 num
842 4651 1030 4716 congressus
1054 4630 1231 4715 fugitabat,
1257 4634 1419 4704 metuens,
1444 4628 1552 4705 credo,
1577 4651 1615 4693 ue
1637 4633 1671 4693 in
1696 4630 1807 4697 vetula
1832 4653 1918 4699 caeos

731 4740 924 4814 „formosam
948 4734 1115 4800 Italicam'’
1137 4757 1199 4800 uon
1220 4740 1437 4821 agnoscerent.
1462 4736 1567 4817 Atque
1585 4736 1644 4799 hoc
1664 4738 1806 4803 maxime
1825 4739 1917 4804 modo

729 4841 862 4907 ultimos
905 4845 990 4906 vitae
1033 4863 1129 4906 aunos
1164 4840 1374 4906 Rubukcuius
1411 4842 1582 4924 transegit,
1618 4840 1715 4906 donec
1750 4844 1917 4929 obrepente

727 4956 890 5011 senectute
915 4949 944 5011 d.
972 4947 1012 5010 13
1037 4947 1118 5011 Maii
1143 4947 1229 5011 1795
1255 4950 1397 5011 animam
1421 4948 1605 5028 exspiravit.

677 5293 854 5369 A
