5125 6150
1060 860 1103 906 ΔΙ)
1126 859 1358 908 ΔΒΙΒΤΟΡΗΛΝΙΒ
1379 860 1517 908 snorum

988 1021 1019 1082 (ll
1035 1021 1105 1070 domo
1123 1022 1204 1087 prodit
1222 1022 1337 1072 mulier
1353 1022 1453 1072 bellaris
1471 1024 1589 1084 aderens.)

1220 1126 1348 1190 Mulier.

759 1228 824 1294 788
870 1226 1048 1309 ὦφέλτατ’
1072 1230 1192 1311 οένδρῦν,
1217 1232 1270 1296 καὶ
1296 1232 1334 1296 σὺ
1359 1232 1410 1296 καὶ
1435 1234 1473 1298 σὺ
1497 1233 1653 1314 χαέρετον.

871 1331 916 1412 (ὦ
941 1339 1061 1400 Πλοῦτε
1084 1337 1211 1414 δαέμων,
1238 1331 1285 1417 ἆρ’
1311 1336 1494 1418 ἀνέβλεψαο
1519 1337 1664 1415 ποέλινρ)

1217 1442 1337 1507 Platae.

697 1552 707 1562 “
761 1544 823 1611 771
873 1544 925 1610 καὶ
950 1552 1103 1625 προσκυνῶ
1127 1570 1167 1623 γε
1191 1552 1296 1626 πρῦτα
1321 1547 1379 1623 μέν
1402 1549 1454 1613 τδν
1476 1545 1594 1626 Ἥλιον,

869 1650 979 1716 ἔπειτα
1004 1656 1117 1729 σεμνῆς
1142 1652 1310 1726 Παλλοέδοο
1335 1652 1451 1718 κλεινδν
1475 1653 1574 1732 πέδον,

870 1757 1032 1835 χώροισι
1055 1760 1164 1822 πᾶσαν
1187 1757 1355 1837 Κέκροπος,
1382 1757 1399 1833 ἦ
1422 1765 1457 1836 μ’
1481 1747 1617 1837 ἐδέξατο.

870 1860 1062 1942 αἰσχύνομαι
1086 1863 1117 1928 δέ
1141 1863 1200 1935 τοὶς
1224 1866 1360 1940 ἐμαυτοῦ
1385 1864 1565 1946 ξυμφοροέο,

761 1965 825 2033 775
871 1965 940 2040 οἵοις
963 1967 1012 2048 ἐρ’
1034 1970 1197 2048 οένέριέποιο
1220 1968 1313 2046 ξυνοδν
1336 1969 1508 2050 ἐλσένέανον,

869 2074 939 2147 τοὺς
963 2072 1067 2150 ἐξέουο
1091 2075 1123 2140 δέ
1147 2082 1201 2149 τῆι
1226 2077 1303 2155 dada
1328 2077 1452 2151 έωιλέας

871 2177 1016 2260 έφευχον,
1040 2181 1123 2253 ettae
1146 2182 1240 2247 οὐδέν,
1263 2178 1285 2246 ὦ
1309 2183 1436 2260 τλήμων
1460 2182 1539 2261 ἐγώ,

867 2287 906 2358 ὣς
930 2283 995 2350 οὔτ’
1019 2286 1108 2351 ἐκεῖν’
1130 2283 1179 2367 ἄρ’
1203 2286 1272 2353 οὔτε
1297 2289 1388 2351 ταῦτ’
1412 2288 1497 2368 ὀρθῶς
1522 2285 1632 2366 ἐδρωνέ

870 2392 944 2456 αλλ’
971 2392 1055 2456 αὐτοὶ
1080 2390 1187 2458 πάντα
1212 2391 1310 2459 ποέλιν
1332 2393 1532 2472 ἀναστρέψας
1558 2392 1619 2471 ἐγὼ

760 2494 824 2561 780
870 2495 955 2575 δεέξω
979 2497 1014 2561 τδ
1039 2499 1144 2563 λοιπέν
1167 2502 1263 2564 πᾶσιν
1287 2499 1468 2580 ἀνθρώποις,
1491 2494 1536 2564 ὅτι

759 2598 821 2664 781
870 2599 951 2666 ἄκων
975 2604 1110 2678 ἐροαυτδν
1133 2613 1196 2676 τοῖς
1221 2611 1355 2683 πονηροῖς
1381 2603 1543 2669 ἐπεδέδουν.

1223 2710 1350 2774 Mulier.

758 2810 823 2878 789
870 2812 944 2894 φέρε
967 2839 1026 2893 νυν,
1053 2852 1091 2863 -
1119 2815 1207 2891 νέμος
1231 2815 1295 2894 χοέρ
1319 2817 1396 2894 ἐστι,
1421 2852 1464 2865 -
1487 2816 1534 2909 τοὶ·
1555 2814 1798 2897 καταχύσματα

758 2917 822 2984 790
869 2919 960 2984 ταυτὶ
985 2920 1134 3000 καταχέω
1158 2944 1210 2986 σου
1234 2920 1391 2999 λαβοῦσα.

687 3021 824 3089 Versum
855 3032 982 3105 autam,
1013 3047 1109 3113 quem
1139 3026 1177 3092 de
1207 3048 1280 3093 meo
1311 3029 1449 3106 inserui,
1479 3029 1511 3091 si
1529 3048 1566 3093 ea
1587 3029 1657 3113 ipsa
1680 3028 1776 3093 verba
1798 3048 1879 3113 quaa

686 3129 824 3195 dedisset
855 3134 996 3197 comicus
1020 3133 1169 3217 praebere
1193 3133 1435 3212 contenderem,
1459 3136 1587 3219 ineptus
1611 3155 1730 3211 essem,
1755 3141 1787 3198 at
1810 3135 1878 3199 fieri

686 3242 791 3320 potest
812 3240 851 3300 ut
874 3259 936 3301 non
958 3258 1041 3302 unus
1064 3237 1119 3302 sed
1139 3236 1246 3323 plures
1265 3241 1405 3303 trimetri
1425 3239 1654 3303 interciderint.
1680 3237 1743 3303 Sed
1762 3238 1879 3303 sufficit

683 3340 719 3405 id
750 3341 835 3426 quod
866 3345 1035 3427 proposui,
1067 3350 1099 3407 et
1129 3349 1269 3428 praestat
1298 3347 1498 3409 coniecturae
1526 3365 1610 3408 nunc
1641 3343 1810 3431 indulgere
1832 3348 1878 3409 in-

685 3448 815 3510 certiori
838 3467 934 3531 quam
958 3454 1014 3512 aut
1038 3450 1156 3512 intacta
1176 3452 1278 3514 sinere
1298 3470 1378 3533 quaa
1399 3470 1492 3514 sensu
1513 3454 1639 3514 careant
1659 3456 1715 3514 aut
1733 3451 1878 3515 versibus

685 3571 723 3615 aa
743 3572 840 3636 quam
858 3552 996 3618 indicavi
1017 3556 1138 3618 ratione
1158 3554 1313 3620 ordinatis
1330 3553 1478 3619 lacunam
1498 3559 1569 3639 post
1588 3575 1635 3619 vs.
1651 3553 1715 3620 788
1727 3555 1876 3620 indicare.

732 3764 854 3832 Locum
883 3768 917 3831 in
941 3786 1004 3851 quo
1027 3766 1122 3832 modo
1146 3770 1264 3832 versati
1288 3787 1400 3831 sumus
1424 3765 1602 3851 relinquere
1626 3766 1767 3831 nondum
1791 3763 1875 3830 licet.

664 3873 772 3938 'Nam
796 3871 926 3936 Mulieri
948 3872 1027 3937 haec
1049 3873 1218 3958 respondet
1240 3872 1373 3937 Plutus:

1421 3977 1595 4055 νιδονῶο]

868 4083 943 4161 ἐμοῦ
967 4082 1030 4164 γὰρ
1054 4083 1195 4155 εέσιέντος
1221 4084 1263 4156 εἰς
1288 4084 1343 4158 τὴν
1366 4083 1463 4148 οέκέαν

867 4189 1025 4269 πριέτιστα
1049 4190 1101 4254 καὶ
1126 4190 1305 4266 βλέψαντος
1318 4238 1326 4268 ,
1351 4189 1432 4254 οῦδέν
1457 4187 1593 4268 ἐκφέρειν

865 4295 1019 4372 πρεπῶδές
1043 4296 1137 4372 ἐστιν,
1162 4296 1251 4361 οέλλδι
1276 4299 1399 4371 μᾶλλον
1424 4293 1586 4373 εἰσφέρειν.

686 4399 774 4464 Haec
797 4405 864 4465 tam
887 4400 972 4465 male
995 4401 1162 4466 cohaerent
1186 4408 1223 4465 ut
1246 4403 1368 4465 amicus
1393 4397 1514 4484 collega
1536 4398 1713 4475 Hartman,
1735 4419 1875 4482 quocum

684 4511 718 4570 et
746 4503 784 4569 de
814 4503 887 4569 aliis
916 4504 994 4569 locis
1028 4506 1170 4570 obscuris
1201 4504 1294 4569 etde
1317 4504 1558 4588 Aristophaneis
1583 4502 1745 4587 disputare
1771 4501 1873 4578 soleo,

683 4610 780 4674 verba
803 4610 845 4682 εἷς
869 4611 923 4685 τὴν
942 4610 1038 4674 οέκέαν
1059 4610 1065 4694 Ι
1086 4611 1244 4690 πρώτιστα
1264 4609 1315 4674 καὶ
1337 4609 1515 4688 βλέψαντος
1535 4630 1591 4693 pro
1612 4610 1728 4693 spuriis
1748 4607 1873 4672 habeat.

682 4714 777 4779 Nune
795 4719 902 4780 tamen
923 4752 964 4763 -
985 4715 1069 4800 quod
1089 4737 1158 4781 raro
1178 4716 1260 4779 mihi
1278 4714 1396 4779 aeoidit
1416 4751 1456 4762 —
1478 4713 1667 4799 adstipulari
1686 4716 1716 4778 ei
1736 4732 1873 4797 nequeo,

685 4820 816 4885 fortasse
847 4821 936 4897 nolo,
969 4842 1042 4885 cum
1067 4843 1137 4905 spes
1160 4824 1203 4885 ait
1224 4820 1290 4885 leni
1313 4840 1411 4884 manu
1436 4818 1605 4906 vulgatam
1628 4821 1674 4884 ita
1696 4839 1788 4903 posse
1810 4840 1875 4884 cor·

685 4927 749 5009 rigi
777 4934 814 4990 ut
837 4948 938 5010 neque
962 4933 1065 4992 catara
1088 4925 1277 5011 displiceant
1302 4946 1403 5011 nsque
1426 4926 1590 4991 mendacio
1612 4930 1724 4989 utatur
1746 4923 1873 4991 Plutus.
