5125 6150
688 826 755 911 330
1124 841 1448 891 oasnsrsrrnuonmn

679 1008 786 1093 suerit
799 1008 824 1087 ¹)
844 1008 896 1073 vel
917 1011 1015 1074 etiam
1035 1012 1218 1094 usueeperit
1229 1010 1255 1090 2)
1276 1007 1327 1073 vel
1347 1029 1403 1093 per
1421 1028 1474 1074 aes
1492 1014 1525 1073 et
1535 1007 1652 1074 libram
1666 1010 1818 1075 dominus
1831 1033 1881 1075 en-

685 1116 789 1179 titsrit
802 1113 837 1194 3).
863 1115 1058 1181 Removsndi
1081 1115 1250 1180 creditores
1269 1117 1303 1179 in
1324 1119 1431 1180 totum
1450 1135 1545 1180 causa
1564 1137 1627 1180 uon
1647 1122 1712 1193 est,
1735 1122 1881 1182 attamen

686 1220 836 1287 videmus
868 1220 1031 1286 interdum
1062 1221 1212 1286 creditori
1241 1226 1273 1285 et
1296 1221 1534 1286 usufructuario
1557 1224 1638 1286 iuris
1660 1225 1712 1286 sui
1736 1244 1883 1307 persecu·

686 1329 806 1392 tionem
838 1326 987 1412 denegari
999 1326 1035 1406 ⁴),
1059 1326 1149 1393 salva
1172 1327 1356 1392 absentibus
1380 1330 1413 1390 in
1436 1329 1602 1414 integrum
1624 1330 1832 1394 restitutione
1845 1329 1882 1408 ³),

684 1432 756 1498 ideo
787 1434 861 1517 quia
890 1433 1048 1498 creditum
1080 1438 1128 1498 est
1160 1433 1290 1498 domino
1313 1436 1437 1498 ratione
1460 1436 1605 1519 pignoris
1629 1435 1795 1515 subveniri
1818 1457 1881 1499 non

685 1558 786 1623 posse.
817 1536 941 1604 Similis
972 1544 1021 1602 est
1051 1541 1095 1615 is,
1128 1540 1183 1624 qui
1206 1561 1321 1602 aeream
1344 1546 1463 1621 ceptum
1486 1540 1522 1602 ob
1544 1539 1677 1603 decidas
1699 1540 1880 1615 redemerit;

684 1643 782 1708 huius
805 1645 891 1709 enim
916 1646 1060 1728 protinus
1084 1643 1120 1709 fit
1143 1665 1255 1709 servus
1268 1645 1305 1722 ⁰),
1326 1666 1388 1709 ncn
1407 1647 1552 1730 pignoris
1571 1643 1700 1709 vinculo
1721 1646 1882 1710 subicitur

685 1756 723 1813 ιιι
753 1748 937 1834 redemptus
962 1748 1052 1815 libor.
1077 1748 1140 1814 Sed
1164 1749 1343 1814 dominium
1368 1752 1437 1815 eius
1461 1751 1520 1814 sub
1543 1750 1726 1816 condicione
1750 1749 1882 1815 resolvi-

685 1859 740 1918 tur
763 1856 865 1938 prstio
889 1852 1012 1935 oblato,
1037 1857 1128 1939 quasi
1151 1876 1235 1919 nunc
1258 1853 1459 1940 postliminio
1483 1854 1616 1920 redierit
1627 1854 1662 1926 ἶ).
1693 1854 1781 1941 Ergo
1807 1877 1882 1941 pen·

683 1958 737 2024 dot
771 1961 901 2023 interim
935 1961 986 2023 ius
1020 1959 1231 2036 creditorum,
1267 1961 1342 2044 quia
1376 1960 1513 2024 necdum
1548 1959 1748 2044 postliminio
1783 1961 1881 2025 homo

684 2063 803 2129 redisse
834 2064 962 2130 videtur
992 2069 1025 2131 st
1049 2072 1121 2147 pert
1150 2066 1303 2129 dimissam
1333 2067 1542 2148 redemptorem
1573 2070 1645 2129 tum
1677 2065 1817 2151 denique
1848 2066 1881 2129 ia

687 2169 1882 2256 Mmfflmmwmfflssmfflmmmfflm

689 2274 868 2340 dominium
891 2297 948 2361 pro
971 2278 1121 2361 pignora,
1145 2276 1179 2339 id
1201 2283 1251 2341 sst
1272 2277 1417 2362 pignoris
1439 2275 1521 2353 loco,
1542 2279 1774 2355 constitutum,
1796 2277 1882 2363 quod

688 2388 820 2467 apparet
851 2380 904 2446 vel
935 2384 1076 2448 maxims
1101 2384 1133 2446 in
1156 2404 1207 2459 eo,
1233 2385 1290 2467 qui
1312 2383 1351 2447 ab
1375 2382 1522 2447 hostibus
1544 2381 1723 2460 redimitur,
1749 2383 1883 2448 haberet

687 2489 773 2553 enim
803 2490 922 2574 pignus
952 2490 1008 2573 qui
1040 2488 1194 2565 redemit,
1227 2490 1254 2552 si
1284 2486 1423 2553 liberum
1455 2488 1651 2553 redemisset.
1676 2488 1833 2567 Perinde,
1856 2492 1883 2552 si

688 2615 750 2659 non
782 2592 963 2658 defenditur
993 2593 1101 2658 damni
1124 2594 1233 2658 infecti
1257 2592 1310 2658 ve]
1333 2613 1433 2658 noxae
1456 2592 1510 2658 vel
1534 2593 1662 2659 deditur
1684 2614 1803 2672 noxas,
1824 2617 1883 2677 pre

683 2700 812 2784 piqnore
835 2704 922 2766 actor
945 2699 998 2766 rel
1020 2720 1150 2765 servum
1173 2700 1294 2764 abducit
1316 2701 1364 2764 eet
1386 2700 1477 2765 aedes
1494 2701 1680 2783 porceti).
1715 2699 1884 2767 Sufficsrst

687 2808 774 2870 enim
805 2808 834 2870 ei
865 2808 984 2892 pignus
1015 2806 1087 2870 dare
1116 2788 1173 2871 'vel
1203 2809 1308 2891 primo
1340 2805 1465 2871 decreto
1489 2805 1601 2870 datum
1624 2827 1823 2872 conservare.
1847 2806 1883 2871 In

689 2909 762 2976 aliis
793 2931 918 2996 quoque
950 2912 1113 2996 speciebus
1144 2914 1269 2988 evenit,
1294 2917 1333 2975 ut
1355 2911 1535 2976 dominium
1558 2915 1600 2976 sit
1624 2910 1694 2977 loco
1717 2915 1882 2999 pignoris,

688 3016 792 3084 veluti
815 3039 854 3083 ex
878 3037 973 3084 causa
995 3017 1128 3084 fiduciae
1151 3038 1324 3104 quaecum
1345 3017 1500 3083 creditore
1519 3017 1575 3082 fiat
1591 3016 1638 3098 ¹⁰),
1658 3020 1759 3096 itam,
1778 3039 1882 3103 quum

689 3145 726 3189 ea
756 3123 846 3210 lege,
870 3131 908 3189 ut
931 3125 1121 3190 tantundem
1145 3124 1304 3202 reddatur,
1328 3144 1378 3189 res
1400 3123 1587 3210 obligantur
1602 3123 1649 3204 ¹¹),
1673 3132 1768 3209 pacto
1795 3126 1883 3191 deni·

689 3251 751 3316 que
782 3233 934 3296 reservati
963 3231 1107 3296 dominii.
1135 3231 1201 3296 Nec
1224 3234 1336 3296 mirari
1359 3230 1510 3295 debemus
1533 3232 1763 3315 proprietatem
1786 3232 1884 3296 inter-

690 3334 1884 3423 dmmmwmnmmwmmmmmwssmmmpm

691 3462 752 3505 usu
784 3449 990 3507 consumatur
1006 3440 1053 3521 ¹²),
1085 3450 1117 3507 et
1148 3448 1298 3528 appareat
1321 3442 1470 3506 dominus
1494 3462 1550 3525 pro
1574 3440 1704 3505 custode
1729 3443 1764 3505 in
1788 3450 1884 3507 testa-

690 3552 798 3611 mento
831 3546 917 3613 Galli
949 3549 1116 3613 cuiusdam
1132 3548 1171 3628 13)
1201 3554 1232 3613 et
1261 3550 1295 3612 in
1327 3569 1401 3612 cum
1433 3549 1536 3612 amico
1566 3546 1681 3611 fiducia
1696 3543 1745 3626 14).
1782 3547 1884 3613 Plane

767 3811 793 3859 Ia
814 3810 844 3858 12
863 3810 891 3856 D.
910 3808 982 3856 322.

766 3892 792 3940 1..
810 3893 843 3939 44
860 3891 895 3952 91
915 3891 935 3937 1)
961 3890 1000 3937 32.
1010 3890 1033 3937 2.

766 3973 792 4021 1..
813 3972 843 4025 17
861 3973 896 4033 92
916 3974 942 4021 D.
963 3970 1019 4020 11.

767 4056 793 4103 ι.
811 4055 843 4105 ar
862 4069 897 4117 pr.
917 4053 947 4101 n.
966 4052 1025 4108 oe,
1044 4052 1060 4099 1.
1083 4054 1110 4099 rs
1132 4052 1181 4111 §as
1201 4053 1228 4099 u.
1249 4052 1321 4099 aaa.

722 4138 749 4200 a)
768 4139 793 4185 1..
811 4137 844 4184 23
861 4136 896 4196 93
914 4135 943 4183 D.
962 4136 1024 4190 2.4;
1043 4133 1058 4181 Ι.
1078 4134 1108 4180 13
1127 4134 1187 4193 922,
1206 4134 1266 4192 933,
1285 4131 1300 4180 1.
1322 4132 1351 4179 12
1369 4148 1405 4195 pr.
1423 4131 1453 4178 D.
1472 4130 1545 4179 39.2.

722 4220 749 4281 3)
767 4218 793 4265 Ιι.
814 4218 845 4265 12
862 4217 897 4278 97
916 4216 945 4265 D.
964 4216 1055 4264 4215.

721 4300 785 4359 ’1)1,
812 4299 843 4347 12
860 4299 895 4360 97
913 4299 954 4347 cit.

721 4382 750 4444 3)
767 4382 794 4432 1..
814 4381 844 4428 12
862 4379 914 4441 912
933 4382 961 4428 D.
978 4379 1069 4427 4213.

721 4464 749 4526 2)
767 4464 793 4511 L.
813 4462 844 4509 23
862 4463 891 4509 D.
911 4463 950 4509 13.
963 4462 983 4509 1.
1003 4486 1035 4496 -
1052 4458 1088 4507 Cf.
1107 4459 1124 4508 l.
1143 4459 1191 4507 114
1209 4458 1261 4519 912
1281 4459 1308 4505 1).
1327 4459 1365 4506 30.

723 4546 767 4610 13)
784 4543 836 4593 Gai.
855 4543 881 4591 II
899 4547 909 4604 9
924 4543 964 4591 30.
978 4569 1011 4579 -
1028 4542 1116 4590 Verum
1131 4541 1176 4588 boc
1190 4556 1239 4589 esse
1253 4540 1343 4588 fatetur
1358 4539 1498 4602 Dernburg,
1514 4539 1616 4603 Psandr.
1632 4538 1644 4586 1
1659 4554 1682 4602 p.
1692 4539 1755 4585 491:
1773 4556 1814 4588 nea
1830 4541 1885 4603 (iat)

686 4644 733 4691 qur
746 4625 808 4676 wohl
821 4625 929 4688 329122,
945 4626 1001 4673 dare
1015 4640 1068 4672 man
1082 4658 1155 4672 .....
1169 4624 1212 4670 der
1226 4622 1397 4686 Verpfdudsne
1413 4637 1486 4685 coepere
1499 4622 1537 4670 ein
1554 4656 1625 4669 .....
1641 4620 1719 4669 aare
1734 4620 1885 4684 aibertrdyt’'.

724 4709 768 4771 11)
786 4706 909 4755 Windscb.
927 4706 1011 4767 (1321)
1028 4705 1111 4767 9224*
1130 4705 1171 4766 (ia.
1190 4704 1277 4765 §asoa
1294 4706 1343 4751 not.
1361 4704 1394 4763 2).
1412 4703 1448 4751 Cf.
1468 4703 1483 4751 1.
1502 4701 1516 4752 '1
1535 4704 1563 4750 1).
1581 4702 1655 4750 433.

724 4790 767 4853 12)
785 4790 820 4850 92
840 4790 902 4837 Ιπιι
919 4787 943 4835 Π
960 4790 985 4836 4.

724 4871 767 4930 13)
786 4871 877 4928 lirum,
896 4870 954 4918 ient.
974 4868 1061 4929 (1823)
1078 4884 1117 4916 no.
1136 4869 1196 4917 221
1216 4866 1322 4919 23-27.

725 4952 765 5012 14)
784 4951 837 5000 Gai.
854 4952 880 5000 11
900 4952 959 5013 930.
977 4950 1013 4999 ct.
1032 4953 1154 5014 praeterea
1173 4949 1264 4999 rhetor.
1281 4947 1330 4998 acb.
1351 4949 1362 4996 l
1382 4945 1479 5010 διῄρητο
1498 4948 1527 4996 ad
1546 4947 1598 4996 Bur.
1613 4946 1650 4995 12.
1661 4946 1685 4998 2.
1695 4947 1726 4995 33
1742 4946 1780 5008 (in
1795 4947 1885 4997 indicio
