5125 6150
1096 827 1262 876 numne.
1704 806 1767 874 177

629 990 729 1076 §30:
761 992 812 1057 διὰ
844 997 900 1064 τῆς
932 992 1082 1063 Ἑλλιθθος
1115 993 1158 1065 είς
1188 994 1243 1066 τθςν
1273 992 1384 1058 Ἀσίαν
1416 993 1521 1075 οἱτὴει.
1554 992 1680 1058 Dicitur
1711 992 1771 1058 hoc

588 1100 716 1181 ανῄει.

629 1335 648 1418 §
670 1333 731 1398 49:
757 1332 888 1401 πολλοὺς
912 1339 971 1397 τῶν
994 1334 1132 1406 ἆθλιιτῶν
1158 1333 1233 1411 repa
1257 1337 1617 1415 κακομαχοῦντας.
1646 1331 1772 1399 lnaudi·

584 1447 671 1518 tum,
697 1439 809 1517 credo,
833 1440 892 1505 boc
915 1441 1051 1505 verbnm
1075 1446 1140 1505 est:
1165 1439 1268 1506 malo:
1294 1445 1706 1519 κακομηχανοῦντας.

1115 1678 1243 1740 Annas.

627 1861 706 1946 §h
740 1860 829 1937 ἥθιςα
860 1856 909 1926 οὖν
942 1859 1026 1925 δοκεῖ
1054 1883 1105 1938 μοι
1130 1859 1211 1939 (scil.
1236 1859 1405 1938 Hercules)
1427 1862 1485 1924 τῶν
1509 1858 1609 1937 λθχυν
1633 1858 1691 1931 τοὶς
1716 1860 1770 1924 θν-

580 1968 675 2038 σίας
706 1969 919 2045 προσοίσεσθαι.
952 1967 1036 2032 Mire
1064 1968 1124 2032 hoc
1155 1966 1292 2044 dictum,
1324 1969 1451 2031 etiamsi
1475 1965 1596 2053 dialogi
1618 1986 1770 2052 personae

582 2075 761 2153 έορταςικθρν
778 2071 895 2151 ἄγουσιν
916 2073 1029 2154 ἡμέραν
1049 2073 1216 2152 Ἡράκλεια
1238 2075 1367 2144 θύοντες.
1387 2072 1495 2138 Placet
1513 2079 1571 2137 τῶν
1591 2074 1690 2149 λθχοιν
1709 2071 1769 2144 τὰς

583 2182 722 2251 θοίνας
747 2179 915 2265 appellare.

630 2429 700 2515 §a
732 2429 954 2495 Memorantur
983 2429 1116 2495 Liburni
1147 2430 1202 2513 qui
1233 2430 1310 2491 satis
1341 2430 1407 2492 noti
1438 2433 1544 2504 erent,
1574 2432 1613 2493 ut
1636 2430 1769 2494 minime

582 2557 710 2603 necesse
734 2539 778 2600 sit
800 2534 975 2621 explicere:
1000 2534 1078 2607 ἔθνος
1102 2534 1192 2614 Ἰονίῳ
1216 2534 1319 2612 κθλπῳ
1343 2533 1578 2612 ταρρκισμθνον.

630 2785 699 2871 §6.
731 2786 892 2851 Lucienus
922 2792 1013 2871 paret
1041 2788 1073 2850 in
1106 2784 1232 2851 italiam
1264 2783 1419 2870 proficisci
1443 2783 1566 2854 πάντας
1590 2783 1765 2862 ἐπιχωρίους

583 2892 668 2964 θεοὺς
688 2896 897 2965 προσκυνήσας
917 2894 967 2955 καί
990 2892 1053 2956 Δία
1073 2891 1164 2969 ξένιον
1183 2891 1255 2958 ίλεοι
1275 2892 1515 2972 συνεφάψασθαι
1535 2899 1592 2964 τῆς
1607 2891 1765 2968 ἀποδήμου

582 3001 729 3079 ςρατεί
736 3024 780 3069 ας
815 2997 1089 3076 ἐπικαλεσάμενος.
1119 2997 1180 3063 Sed
1202 2996 1285 3061 nihil
1307 2999 1415 3061 minus
1438 2999 1557 3084 cogitat
1580 3017 1675 3083 qnam
1699 3020 1768 3073 ςοα·

582 3107 744 3170 σεύεσθαι·
779 3107 888 3171 rhetor
920 3111 987 3171 erat
1021 3112 1053 3170 et
1083 3126 1158 3169 eum
1188 3105 1435 3191 prosequebatur
1465 3103 1607 3174 παιδείας
1637 3105 1767 3182 λιπαρίις

581 3211 696 3294 θχλος·
720 3211 805 3277 unde
829 3212 983 3277 scribam:
1008 3219 1063 3285 τῆς
1086 3209 1245 3294 doctrinan
1268 3211 1445 3290 πορείας.

628 3464 704 3550 §tit
736 3461 818 3544 ῥοθίῳ
841 3462 883 3541 τῷ
905 3467 963 3525 τῶν
986 3462 1139 3540 θλατιὶροιν
1163 3462 1268 3538 μετὰ
1291 3462 1396 3540 μικρὸν
1419 3461 1481 3525 θπθ
1505 3469 1560 3534 τῆς
1584 3468 1644 3538 γῆς
1668 3464 1769 3542 ἄναχ-

582 3571 694 3643 θθντες.
720 3568 905 3655 Requiritur
921 3568 1090 3650 paulatim,
1116 3569 1177 3632 i.e.
1203 3569 1308 3631 κατὰ
1333 3566 1447 3649 μικρόν.

630 3821 648 3903 §
671 3816 723 3882 10.
749 3816 980 3882 Describuntur
1000 3815 1214 3881 adulescentes
1238 3815 1313 3880 flore
1335 3818 1484 3881 inventae
1504 3816 1598 3896 μέχρι
1618 3822 1671 3882 τοῦ
1691 3825 1767 3895 πρῶ-

584 3948 635 3987 τον
658 3925 970 4001 θποχραΦέντος
991 3924 1095 3991 αὐτοῖς
1116 3925 1192 4001 χνοῦ
1210 3920 1446 3999 παραραίνοντες.
1467 3922 1552 3987 Mire
1570 3924 1629 3989 hoc
1645 3922 1767 3988 dietum

583 4040 650 4107 est,
686 4031 782 4093 sicuti
816 4028 878 4093 alia
909 4026 1013 4093 muita
1042 4031 1075 4091 in
1106 4027 1165 4092 hoo
1196 4026 1367 4112 opusculo,
1398 4028 1482 4114 quod
1513 4051 1620 4095 omnes
1651 4050 1768 4116 magno

584 4156 738 4202 consensu
770 4136 908 4200 bnciano
940 4136 1080 4220 eripiunt
1087 4155 1095 4213 ;
1128 4133 1198 4212 sed,
1230 4136 1292 4198 nisi
1324 4133 1426 4210 fallor,
1457 4142 1596 4219 praestat
1620 4136 1770 4215 ὑποφα-

586 4242 733 4315 νθντος.

631 4476 732 4563 512:
764 4477 799 4540 πθ
828 4477 890 4555 γὰρ
921 4475 1028 4554 αίθριον
1058 4479 1112 4541 οθκ
1143 4477 1185 4547 είς
1217 4478 1331 4555 ἔθαΦος
1364 4476 1472 4555 ἄγονον
1501 4478 1658 4554 μοθλιςα
1682 4479 1770 4544 λίθοιν

585 4577 687 4658 πλαξὶ
709 4584 807 4671 λείαις
834 4583 1005 4661 ίςρυμένον.
1030 4582 1087 4648 Uti
1111 4582 1216 4661 vides,
1240 4588 1278 4649 ut
1301 4587 1426 4671 integra
1449 4588 1605 4650 sententia
1622 4588 1680 4664 sit,
1701 4608 1769 4652 ver·

585 4690 663 4755 bum
692 4689 796 4764 deest,
831 4688 914 4774 quod
944 4687 1033 4754 nullo
1062 4692 1190 4776 negotio
1216 4691 1489 4776 recuperabimus,
1515 4695 1542 4756 si
1564 4715 1620 4779 pro
1643 4695 1766 4768 μοίλιςα

586 4797 841 4883 rescripserimus
862 4794 1056 4873 θριιίλιςο.
