5125 6150
1114 827 1323 876 rnocrornns.
1772 807 1814 872 25

624 997 676 1060 καί
709 992 831 1070 ὕστερον
864 991 1031 1070 ἐξάγοντες
1064 994 1150 1056 κατ’
1183 990 1336 1057 είκοσιν
1361 989 1513 1071 ἄνδρας
1537 990 1641 1068 διῆγον
1666 990 1716 1054 διά
1736 988 1819 1057 ,δυοῖν

624 1100 760 1178 σσοίχοιν
784 1100 916 1162 ίπλιτῶν
941 1101 1004 1163 κτέ.

671 1205 844 1289 Pertioipio
874 1204 958 1282 άγοιν
983 1209 1015 1269 et
1040 1205 1173 1281 άγαγὼν
1197 1207 1372 1268 sexcenties
1397 1201 1564 1277 confundi,
1588 1222 1682 1266 nemo
1707 1204 1819 1266 nescit.

625 1311 699 1376 Noli
724 1320 829 1376 tamen
854 1311 1004 1376 hocloco
1028 1332 1101 1374 oum
1126 1308 1245 1376 Oobeto
1270 1309 1437 1386 ἐξάγοντες
1460 1312 1494 1373 in
1515 1308 1727 1386 ἐξαγαγόντες
1747 1329 1817 1373 mu-

623 1425 700 1483 tere.
732 1416 768 1480 In
799 1438 832 1482 re
864 1416 1038 1481 identidem
1062 1419 1200 1502 repetita
1222 1418 1399 1502 requiritur
1421 1417 1629 1501 participium
1647 1415 1819 1496 praecentio

622 1531 655 1589 et
685 1524 867 1607 imperfecti.
900 1521 1069 1609 Corcyraei
1101 1525 1272 1607 optimates
1305 1525 1449 1606 primum
1480 1524 1646 1585 universos
1670 1522 1701 1591 ἐς
1725 1519 1813 1597 μίγα

622 1629 736 1704 οίκημα
768 1627 972 1694 concludunt.
1006 1628 1126 1693 Deinde
1149 1649 1202 1693 eos
1224 1649 1263 1693 ex
1289 1628 1347 1692 hoc
1370 1648 1492 1692 carcere
1514 1627 1630 1690 vicenos
1653 1627 1814 1689 educebant
1913 1711 1917 1720 Ι

621 1735 758 1816 (ἐξῆγον)
779 1735 963 1820 mediosque
983 1757 1040 1820 per
1059 1736 1149 1799 binos
1170 1735 1296 1799 ordines
1308 1733 1451 1798 militum
1466 1734 1661 1796 traducebant
1674 1731 1812 1814 (διῆγον).

667 1982 709 2046 IV
734 2004 760 2047 c.
786 1982 829 2047 48
853 1986 896 2049 in.
967 1972 969 1975 ⁵

667 2091 719 2152 καί
750 2090 781 2160 ἐς
805 2091 861 2165 μὲν
885 2088 999 2165 άνδςας
1023 2090 1170 2166 ἑξήκοντα
1196 2089 1305 2154 ἐλαίαν
1327 2089 1399 2160 τοὺς
1423 2090 1453 2152 ἐν
1478 2092 1519 2170 τῷ
1543 2091 1690 2164 οίκιίματι
1716 2087 1812 2166 τούτῳ

620 2196 662 2273 τῷ
693 2192 792 2273 τρίτῳ
824 2193 1128 2276 [ἐξαγαγόντες
1153 2195 1235 2278 καί]
1259 2195 1510 2272 διαφθείραντες·
1535 2196 1574 2266 ὥς
1598 2192 1624 2258 δ’
1649 2193 1770 2276 deterre
1794 2192 1811 2267 i

620 2322 668 2370 τις
701 2302 806 2370 αὐτοῖς
837 2300 987 2378 ἐδήλωσε,
1012 2301 1081 2371 τούς
1106 2324 1141 2363 τε
1165 2299 1343 2372 Ἀθηναίους
1367 2301 1574 2364 ἐπεκαλοῦντο
1599 2298 1650 2362 καί
1675 2300 1812 2364 ἐκέλευον

620 2410 727 2484 σφάς,
752 2406 777 2469 εί
801 2405 986 2483 βούλονται,
1012 2406 1126 2477 αὐτοὺς
1150 2404 1342 2485 διαφθείρειν.

666 2511 735 2575 Νοιι
767 2517 894 2575 tentum
927 2532 1198 2596 supervacaneum
1231 2511 1285 2576 sed
1315 2518 1423 2596 aperte
1453 2511 1571 2576 falsum
1594 2515 1644 2576 est
1667 2509 1813 2588 ἐξαγα-

620 2618 731 2694 γόντες
857 2617 871 2680 ἐ
879 2619 1011 2682 λαίαν.
1037 2617 1072 2682 Si
1095 2620 1142 2681 ita
1165 2620 1293 2702 scripsit
1316 2623 1432 2694 noster,
1457 2617 1542 2702 quod
1566 2616 1658 2681 redde
1681 2616 1811 2695 dubito,

619 2743 721 2806 neque
745 2728 827 2786 terse
850 2743 953 2806 neque
976 2721 1140 2809 eleganter
1163 2725 1300 2807 scripsit.
1323 2722 1350 2786 Ε
1375 2743 1496 2788 carcere
1520 2723 1627 2787 educti
1646 2725 1813 2808 sexaginte

618 2826 670 2890 illi
693 2830 813 2911 captivi
832 2827 915 2891 clem
935 2826 1068 2911 reliquis
1088 2827 1240 2892 trucidari
1260 2848 1335 2893 sane
1355 2836 1517 2915 poterent:
1539 2828 1671 2914 reliquis
1690 2831 1813 2914 ignaris

621 2954 638 2996 e
662 2952 784 2997 carcere
808 2933 894 2996 educi
918 2936 1059 3018 potuisse
1083 2936 1154 3018 quis
1177 2931 1305 2998 credet?

666 3181 709 3245 ιν
733 3204 759 3246 0.
785 3180 827 3246 oo
852 3184 870 3266 s
893 3182 921 3249 1.

665 3286 735 3352 οὔτε
767 3288 885 3358 πίλευς
918 3287 956 3351 ὢν
988 3287 1179 3367 ἐλαχίστης,
1212 3285 1233 3353 ὦ
1268 3294 1468 3367 Σικελιῶται,
1499 3288 1568 3359 τοὺς
1593 3287 1707 3365 λάγους
1731 3287 1814 3363 ποικί-

617 3406 713 3470 ’σομαι
746 3393 816 3458 οὔτε
848 3394 1032 3468 πονουμένης
1056 3394 1201 3470 μάλιστα
1225 3397 1267 3473 τῷ
1292 3394 1435 3472 πολέμῳ,
1461 3394 1493 3467 ἐς
1516 3395 1609 3459 κοινδν
1633 3394 1663 3458 δέ
1689 3395 1743 3467 την
1768 3392 1814 3458 δο-

621 3497 733 3563 κοῦσάν
753 3522 804 3574 μοι
823 3497 994 3575 βελτίστην
1015 3501 1139 3577 γνώμην
1159 3496 1235 3563 είναι
1259 3498 1471 3580 άποφαινί
1478 3522 1595 3575 μενος
1620 3508 1660 3581 τῇ
1681 3498 1811 3582 Σικελία

609 3605 718 3685 πάσης.

667 3708 828 3775 Graecum
859 3715 924 3775 est:
957 3712 1028 3781 τοὺς
1058 3709 1170 3788 λάγους
1195 3713 1362 3787 ποιήσομαι
1388 3758 1486 3776 .....
1511 3713 1565 3786 την
1588 3711 1734 3777 δοκοῦσάν
1757 3734 1810 3789 μοι

619 3816 792 3894 βελτίστην
826 3818 950 3893 γνώμην
983 3813 1059 3881 είναι
1096 3818 1449 3896 άποφανονίμενος.
1486 3815 1661 3885 Oonsimile
1691 3819 1812 3883 vitium

621 3922 793 3986 manifesto
824 3929 1039 4008 propagatum
1069 3944 1086 3987 e
1116 3922 1284 3989 literature
1315 3922 1549 4000 anteenclidea,
1582 3943 1656 3987 cum
1690 3926 1815 3988 Oseri-

622 4029 758 4093 bebetur
781 4050 838 4113 pro
862 4028 1061 4116 diphthongo
1087 4039 1154 4107 OT,
1181 4028 1281 4094 Thuc.
1307 4028 1339 4094 II
1360 4050 1387 4095 c.
1413 4028 1456 4093 34
1480 4029 1537 4113 §4
1560 4028 1716 4094 indicavit
1735 4027 1816 4094 Her

620 4132 786 4197 werdenus
818 4133 914 4212 (seed.
941 4134 1028 4200 Τίίκο.
1055 4158 1085 4220 p.
1114 4134 1192 4214 128)
1224 4183 1321 4201 .....
1347 4135 1398 4199 καί
1430 4141 1578 4213 γυναῖκες
1610 4135 1747 4214 πάρεισιν
1779 4134 1812 4197 αί

621 4240 826 4319 προσήκουσαι
850 4238 899 4302 ἐπί
925 4239 976 4303 τδν
998 4240 1100 4321 τάφον
1125 4240 1498 4322 ἐλοφυροτμεναις
1523 4239 1598 4305 libri
1618 4260 1728 4304 omnes
1746 4259 1815 4323 per·

622 4364 733 4429 peram
756 4344 873 4409 habent
896 4348 1223 4426 ολιφυρομεναι.

665 4591 790 4659 Ibidem
813 4595 830 4677 ξ
850 4591 871 4657 2
895 4593 984 4658 codd.
1010 4592 1176 4658 exhibent:

665 4699 697 4763 τί
720 4698 759 4763 άν
783 4722 828 4767 τις
853 4702 917 4763 πάν
940 4698 974 4762 τί
999 4698 1061 4762 ἐνδν
1085 4699 1235 4777 ἐκλέγειν
1259 4700 1290 4763 ἐν
1313 4698 1404 4764 είδίσι
1429 4698 1653 4780 μακρηγοροίη;

667 4805 758 4870 Novo
789 4810 885 4891 etque
915 4804 1059 4870 inaudita
1090 4826 1177 4872 more
1209 4826 1266 4871 suo
1297 4811 1405 4870 narret
1434 4804 1618 4870 Lndovions
1641 4803 1813 4870 Herbstius

622 4910 813 4976 contendens
838 4932 868 4977 v.
893 4912 1084 4989 ἐκλέγειν
1108 4916 1141 4976 et
1164 4911 1217 4976 hic
1241 4918 1273 4976 et
1296 4911 1381 4996 apud
1400 4909 1572 4976 Isocratem
1591 4910 1631 4977 ed
1649 4908 1811 4976 Nicoclem
