5125 6150
1118 1439 1439 1528 unaldus.

1223 1674 1347 1716 sculpsi?

1075 1860 1105 1926 J.
1137 1860 1166 1926 J.
1198 1861 1489 1927 HARTMAN.

1025 2028 1262 2106 (Continuantur
1293 2052 1309 2092 e
1333 2052 1408 2111 pop.
1440 2029 1531 2108 209.)

1170 2321 1384 2373 *ew*

1251 2587 1308 2652 IX.

733 2809 837 2894 Agam
857 2827 941 2870 nunc
961 2806 999 2870 de
1018 2803 1096 2870 locis
1116 2805 1326 2889 quibusdam,
1347 2807 1403 2870 ubi
1423 2807 1462 2870 ab
1483 2816 1546 2872 uno
1566 2807 1721 2896 vocabulo
1739 2808 1882 2894 pendent

686 2915 811 2990 omnia,
840 2914 931 2976 cuius
954 2933 1029 2976 vero
1053 2933 1148 2975 sensu
1171 2933 1235 2976 non
1258 2917 1404 2976 accurata
1427 2917 1590 2997 perspecto
1614 2918 1671 2978 aut
1692 2916 1814 2977 iniuria
1839 2917 1882 2978 sit

683 3018 847 3086 interdum
859 3016 1033 3084 sollicitata
1045 3015 1140 3083 lectio
1154 3017 1271 3082 tradita
1283 3023 1340 3082 aut
1351 3037 1500 3103 perversa
1510 3021 1671 3103 proposita
1683 3021 1880 3098 coniectura,

686 3132 742 3192 aut
772 3145 886 3210 parum
910 3122 1110 3188 intellectum
1134 3123 1236 3188 Taciti
1260 3123 1450 3202 consilium,
1475 3125 1611 3209 denique
1635 3124 1752 3211 aliquis
1775 3126 1881 3192 levior

685 3233 854 3317 graviorve
885 3232 1076 3295 commissus
1106 3250 1207 3307 error;
1241 3227 1431 3313 plerumque
1460 3234 1567 3295 tamen
1601 3231 1654 3294 hic
1688 3234 1881 3297 coniecturis

685 3335 876 3421 quibusdam
908 3333 1089 3399 refellendis
1120 3335 1200 3399 dabo
1232 3355 1380 3419 operam,
1411 3355 1492 3419 quae
1523 3337 1605 3400 mihi
1628 3341 1684 3400 aut
1708 3336 1881 3402 videantur

684 3440 815 3506 inutiles
839 3439 1006 3504 antidio
1030 3444 1155 3504 textum
1178 3439 1327 3505 inducere
1351 3439 1436 3524 quod
1460 3440 1600 3506 noluerit
1622 3439 1763 3506 Tacitus.

732 3549 814 3611 Anu.
839 3546 896 3623 XI,
921 3545 952 3610 2.
978 3544 1110 3630 „Neque
1133 3545 1206 3609 data
1229 3550 1356 3610 sanat-ns
1380 3548 1471 3629 copia
1493 3553 1549 3627 (sc.
1573 3545 1697 3611 Valerio
1717 3548 1879 3626 Asiatico,

685 3656 720 3718 in
754 3672 850 3737 quem
885 3649 1132 3716 calumniatores
1164 3654 1345 3716 immiserat
1375 3651 1550 3717 Messalina
1581 3659 1613 3717 et
1642 3655 1723 3718 irata
1752 3655 1817 3739 ipsi
1848 3663 1880 3720 et

684 3760 787 3824 bortis
810 3758 879 3821 eius
901 3757 1059 3834 inhians):
1084 3758 1168 3820 intra
1190 3755 1377 3821 cubiculum
1395 3757 1535 3834 auditur,
1555 3755 1728 3822 Messalina
1749 3780 1878 3837 coram,

683 3870 715 3930 et
739 3861 854 3928 Suillio
873 3863 1109 3946 corruptionem
1130 3860 1292 3939 militnm,
1313 3883 1392 3947 quos
1412 3865 1546 3947 pecunia
1565 3868 1597 3927 et
1615 3869 1726 3947 stupro
1746 3864 1780 3927 ie
1800 3867 1879 3928 omni

685 3969 799 4049 diucitin
823 3968 990 4033 obstrictos
1013 3967 1185 4052 arguebat,
1206 3969 1279 4031 exin
1300 3966 1494 4032 adulterium
1517 3968 1692 4052 Poppaeae,
1714 3974 1878 4052 postremo

682 4073 857 4139 mollitiam
880 4073 1019 4157 corporis
1041 4072 1252 4137 obiectante.’'

727 4178 779 4244 Sic
813 4177 995 4255 Mediceus3
1031 4180 1184 4262 recipitur
1218 4176 1408 4263 plerumque
1443 4177 1588 4242 Rhenani
1624 4181 1807 4244 coniectura
1846 4182 1878 4244 in

683 4306 765 4349 omne
787 4282 961 4367 stopiticm,
992 4284 1127 4359 iniuria,
1160 4287 1196 4346 ut
1219 4283 1300 4346 mihi
1325 4283 1463 4347 videtur.
1488 4281 1558 4346 Nou
1582 4284 1667 4347 enim
1692 4284 1745 4348 hic
1768 4288 1879 4370 agitur

683 4391 721 4456 de
753 4388 859 4473 aliquo
882 4387 1001 4453 Valerii
1024 4386 1172 4465 consilio,
1204 4388 1289 4451 caica
1312 4410 1401 4451 cnuaa
1427 4386 1547 4452 milites
1571 4386 1626 4453 ille
1651 4389 1877 4467 obstrinxerit,

683 4497 738 4563 sad
762 4494 800 4559 de
823 4494 1011 4572 condicione,
1035 4496 1068 4557 in
1092 4514 1189 4578 quam
1212 4492 1333 4558 milites
1356 4494 1525 4558 adduxerit
1547 4495 1681 4577 pecunia
1704 4498 1878 4581 scortisque

683 4601 881 4686 praebendis.
923 4600 965 4664 Et
1000 4602 1056 4684 qui
1090 4598 1172 4663 illud
1207 4602 1241 4662 in
1276 4622 1358 4663 omne
1384 4599 1542 4682 flnqitiam
1577 4599 1729 4684 probant,
1766 4601 1805 4666 de
1835 4602 1877 4666 fa·

684 4708 789 4773 cincre
824 4705 933 4791 aliquo
968 4706 1043 4770 forti
1078 4711 1110 4771 et
1145 4704 1340 4791 periculoso,
1383 4705 1467 4789 quod
1503 4726 1577 4769 cum
1612 4703 1775 4771 militibus
1811 4710 1877 4771 suis

684 4818 863 4894 perpetrare
887 4809 1027 4878 voluerit
1052 4808 1212 4887 Valerius,
1237 4812 1378 4897 cogitare
1403 4809 1562 4887 videntur,
1587 4832 1661 4875 cum
1682 4815 1876 4877 econtrario

683 4933 746 4979 vor
771 4914 827 4980 illa
851 4915 1005 4981 mollitiem
1030 4918 1136 5001 potins
1160 4916 1320 5002 significat
1344 4922 1376 4982 et
1395 4919 1544 5001 quamvis
1564 4918 1775 5001 pravitatem,
1796 4938 1875 5004 quae
