5125 6150
957 819 1165 868 armsanrou
1189 820 1255 867 sne.
1277 820 1422 868 usncou.
1719 801 1782 865 161

589 986 722 1070 rogavi:
747 983 760 1046 θ
786 981 954 1062 καθαρίζων
978 978 1064 1053 οὗτος
1088 983 1133 1051 πίι
1160 983 1259 1058 torm
1285 983 1324 1047 ad
1349 1003 1447 1066 quam
1470 986 1687 1067 quaestionem
1713 981 1784 1047 coll.

590 1094 655 1153 ιίαί.
681 1091 786 1170 Aperi.
813 1088 923 1151 21:15
948 1088 985 1152 de
1009 1088 1105 1152 Petro
1128 1090 1250 1152 visione
1274 1087 1466 1152 animalium
1491 1110 1646 1173 purorum
1671 1096 1703 1152 et
1725 1091 1785 1152 im-

589 1217 747 1281 purorum
781 1199 866 1258 tacto
897 1189 933 1273 (ἃ
962 1193 976 1255 θ
1007 1195 1093 1264 θεθρ
1126 1193 1372 1273 ἐκαθάρισεν
1403 1194 1441 1258 σὺ
1471 1194 1516 1269 μὴ
1539 1195 1649 1271 ιιιίνιν)
1673 1195 1784 1276 utique

587 1300 846 1387 respondendum
882 1320 949 1363 esse
985 1299 1168 1363 videbatur:
1204 1301 1298 1365 siric
1335 1300 1348 1362 θ
1382 1299 1495 1375 Κθριιι.
1532 1298 1653 1377 Quodsi
1686 1299 1784 1362 verbo

581 1407 755 1485 κιθαρίζειν
787 1408 855 1490 ipse
888 1402 1038 1469 Christus
1073 1425 1128 1488 pro
1162 1405 1304 1469 subiecto
1329 1410 1393 1479 est,
1419 1404 1496 1489 quid
1520 1404 1593 1468 inde
1617 1400 1783 1487 sequitur?

586 1513 742 1596 Sequitur
766 1511 907 1594 profecto
930 1511 1032 1574 verba·
1048 1531 1185 1592 quorum
1209 1510 1294 1593 apud
1318 1511 1522 1575 Matthaeum
1541 1509 1668 1574 nullum
1689 1513 1783 1574 vesti·

585 1620 681 1703 giam
706 1623 857 1700 appareat
881 1635 1025 1699 quaeque
1049 1635 1122 1678 cum
1147 1618 1342 1699 praegressis
1366 1618 1554 1701 neutiquam
1577 1616 1780 1696 cohaereant,

586 1724 624 1787 ab
659 1724 812 1787 orationis
843 1727 993 1784 contextu
1019 1721 1196 1785 abhorrere.
1221 1719 1441 1805 luterstrepit,
1468 1727 1505 1785 ut
1528 1724 1650 1806 opinor,
1675 1728 1707 1786 et
1731 1743 1784 1784 vo

586 1849 654 1892 cem
688 1847 783 1890 suam
810 1847 894 1889 nuno
919 1828 953 1889 in
976 1825 1083 1889 medio
1107 1825 1283 1912 Evangelio
1306 1829 1482 1912 interponit
1506 1826 1639 1912 aliquis,
1671 1829 1783 1911 quiin

585 1935 735 2017 margine
770 1931 961 2016 exemplaris
992 1934 1043 1995 sui
1073 1953 1239 1995 summum
1270 1937 1302 1996 et
1333 1935 1525 2017 principium
1558 1953 1669 1997 eorum
1701 1953 1782 2016 quae

584 2037 761 2122 discipulos
779 2037 889 2101 docere
910 2039 1096 2101 instituerat
1116 2037 1275 2101 Dominus
1294 2076 1335 2086 —
1355 2043 1421 2102 erat
1446 2038 1522 2102 baec
1546 2059 1671 2123 quoque
1692 2041 1780 2109 ιιαινίι

584 2144 702 2221 θιθαχιί
725 2181 767 2192 -
788 2145 832 2207 sic
854 2144 995 2207 breviter
1014 2143 1068 2207 sed
1088 2146 1254 2208 verissime
1274 2143 1570 2228 comprehenderat:
1586 2143 1779 2217 (Dominae)

580 2256 698 2331 ριιιπραί
725 2271 822 2311 omncs
845 2271 940 2312 escae:
962 2249 1128 2329 καθαρίζων
1147 2248 1214 2328 (vel
1233 2249 1402 2330 καθαρίζει)
1424 2250 1531 2312 πάντα
1551 2250 1593 2312 rb
1612 2249 1780 2326 βρώματα.

1039 2519 1083 2564 AI)
1106 2518 1331 2565 Pauussouurt.

632 2650 742 2714 Numa
766 2649 787 2714 9
810 2649 930 2730 (Sint).
955 2649 1101 2714 Nominis
1119 2652 1266 2736 pontifex
1289 2650 1425 2715 ridicula
1444 2652 1539 2715 datur
1557 2649 1774 2736 etymologia:

583 2762 634 2822 est
652 2757 789 2840 polisco,
814 2759 946 2840 eiusque
968 2758 1137 2841 compositi
1162 2759 1305 2842 primum
1328 2758 1405 2821 haee
1427 2758 1587 2842 profertur
1610 2756 1779 2840 explicatio

583 2870 623 2926 ut
653 2863 736 2924 torno
761 2869 870 2943 potens
893 2882 930 2925 eo
954 2860 1163 2947 significetur.
1185 2861 1304 2939 Ἐπιριι
1329 2861 1361 2925 δέ
1384 2870 1465 2940 Φασι
1488 2866 1561 2939 πρὸς
1587 2860 1778 2939 ὑπεξαίρεσιν

582 2967 747 3044 γεγονέναι
761 2967 897 3040 τοῦνομα
910 2973 967 3030 τῶν
976 2966 1121 3032 δυνατῶν.
1141 2966 1246 3031 lmmo
1258 2989 1335 3032 vero
1348 2973 1406 3031 τῶν
1426 2968 1635 3033 dissitos:
1654 2969 1779 3052 petisse

583 3076 672 3138 enim
696 3094 780 3137 nunc
803 3072 921 3138 dicitur
944 3076 1000 3158 qui
1013 3073 1105 3157 facit
1128 3076 1208 3158 ριιοθ
1224 3082 1341 3155 potest:
1366 3078 1396 3139 ei
1420 3096 1498 3160 ergo
1523 3072 1777 3159 „impossibilia”

583 3178 771 3256 demuntur,
803 3179 887 3263 quod
919 3179 1069 3243 disertius
1100 3182 1197 3244 etiam
1233 3181 1468 3245 demonstratur
1494 3182 1715 3265 sequentibus:
1739 3184 1779 3253 νίς

583 3288 639 3347 παῦ
672 3283 830 3357 νομοθέτου
855 3286 912 3354 raia
938 3284 1074 3356 δυνατὰς
1098 3286 1251 3349 ἐπιτελεῖν
1275 3288 1445 3364 ίερννργίας
1469 3289 1539 3358 τοὺς
1562 3288 1651 3367 ίερεῖς
1676 3288 1779 3352 κελεύ-

583 3411 687 3465 οντας,
712 3386 750 3452 ἂν
774 3388 804 3452 δὲ
828 3386 845 3469 ἦ
870 3412 899 3452 πι
924 3389 1056 3464 ababuc
1080 3388 1183 3468 μεῖζον
1206 3394 1239 3456 αθ
1262 3397 1537 3470 συκοφαντοῦντος.

631 3541 741 3605 Numa
761 3541 804 3604 20
823 3539 943 3621 (Sint).
963 3541 1071 3607 Numa
1089 3548 1241 3628 regnante
1262 3565 1319 3628 per
1338 3549 1439 3608 totam
1458 3543 1587 3608 Italiam
1608 3546 1698 3628 quies
1710 3551 1777 3608 erat

585 3655 617 3712 et
643 3648 756 3724 feriae;
781 3649 882 3730 ipsius
905 3646 1030 3712 Numae
1054 3650 1210 3732 sapientia
1233 3654 1265 3714 et
1288 3652 1414 3714 iustitia
1437 3652 1546 3714 omnia
1565 3649 1776 3733 pervadebat,

586 3761 718 3837 atquae
736 3759 804 3816 erat
823 3754 857 3815 in
876 3754 945 3837 ipso
965 3756 1127 3830 serenitas,
1149 3774 1186 3818 sa
1204 3756 1238 3818 in
1256 3776 1364 3819 omnes
1377 3762 1482 3839 partes
1493 3754 1728 3819 diffundebatur
1743 3752 1777 3832 ¹),

587 3856 666 3921 ὥστε
686 3859 739 3921 καί
761 3858 818 3928 τὰς
841 3859 1002 3932 ποιητικὰς
1024 3858 1201 3936 ὑπερβολὰς
1223 3860 1315 3924 ἐνδεῖν
1331 3860 1402 3937 πρὸς
1424 3861 1477 3932 riv
1498 3860 1567 3924 πθπε
1582 3860 1779 3924 κατάστασιν

588 3964 749 4040 λέγουσιν·
781 3964 818 4027 ἓν
849 3963 887 4027 δὲ
912 3961 1197 4043 σιθαρνθίπνις
1222 3965 1423 4043 πθρπαξιν
1448 3967 1566 4030 αίθῖιν
1590 3969 1779 4047 ιίραχνῖιν

588 4069 698 4146 ἔργα.
731 4067 929 4153 (Sequuntur
959 4068 1014 4133 alii
1048 4076 1216 4153 poetarum
1246 4069 1309 4135 loci
1339 4075 1373 4135 in
1406 4072 1537 4136 eandem
1562 4074 1777 4152 sententiam).

587 4175 675 4259 lpse,
696 4180 734 4238 ut
754 4177 875 4258 opinor,
896 4174 1090 4239 Plutarchus
1111 4174 1248 4241 declarat
1267 4198 1306 4241 ne
1328 4177 1580 4262 versusquidem
1592 4183 1778 4261 poetarum,

588 4281 704 4364 quibus
727 4278 820 4364 plena
841 4285 875 4344 et
897 4281 1035 4364 perfecta
1057 4301 1119 4364 pax
1143 4281 1340 4366 depingitur,
1366 4282 1508 4347 sufficere
1528 4282 1567 4346 ad
1587 4281 1779 4346 laudandam

589 4385 713 4449 Numae
744 4384 925 4468 aequalium
957 4384 1161 4463 felicitatem
1195 4408 1255 4451 nou
1287 4386 1344 4451 alii
1374 4389 1434 4452 boc
1461 4390 1490 4452 ei
1515 4387 1672 4452 dixerunt.
1704 4387 1778 4452 Non

589 4492 671 4553 enirn
704 4487 870 4553 Plutarchi
903 4496 1047 4573 tempore
1070 4510 1163 4574 saepe
1186 4491 1331 4557 homines
1355 4491 1567 4577 loquebantur
1591 4493 1628 4556 de
1651 4492 1777 4558 Numae

590 4615 695 4678 regno.
723 4592 812 4678 Elrgo
838 4615 896 4677 pro
924 4594 1048 4669 λίγιυιι
1077 4597 1288 4660 rescribamus
1316 4598 1540 4675 λενιιίσαςε
1572 4601 1617 4663 sic
1645 4599 1776 4663 demum

591 4707 672 4763 recte
696 4706 865 4783 poetarum
887 4698 949 4764 loci
974 4707 1194 4767 annectuntur.
1578 4705 1607 4770 J.
1632 4705 1662 4770 J.
1687 4705 1730 4768 H.

625 4866 650 4920 lt
668 4863 834 4927 διαχεομένης
850 4880 878 4913 cx
896 4866 991 4930 egregia
1009 4866 1098 4931 Bryani
1115 4867 1279 4915 emendatione
1297 4884 1341 4932 pro
1359 4866 1544 4930 διαθεχνμθνιρς.
