5125 6150
1066 838 1109 883 AD
1132 834 1363 884 antonomum
1386 836 1522 884 Pnuuuu.

915 1005 1056 1084 πενιχρὸν
1080 1003 1147 1082 μέν,
1172 1002 1278 1076 ἄλλοις
1303 1005 1328 1069 δ’
1355 1001 1546 1084 scorpaena
1570 1002 1622 1066 κοιί
1648 1001 1743 1065 καλὸν

917 1110 968 1175 ιιιιί
993 1109 1137 1190 χρνοτί.

734 1214 771 1279 In
792 1217 842 1280 his
862 1217 968 1282 verbis
990 1215 1066 1301 quid
1087 1214 1252 1300 displicere
1272 1218 1373 1301 possit
1392 1238 1453 1281 non
1468 1215 1567 1282 video.
1589 1213 1700 1279 Alcaei
1712 1210 1877 1277 versiculi:

689 1304 860 1404 »πενιχρὸν
878 1323 904 1387 δ’
917 1322 1010 1394 οὐδείς
1036 1323 1144 1387 τίκτ’
1168 1320 1255 1393 ianoe
1281 1322 1347 1389 οὐδὲ
1371 1322 1493 1400 ‘clane’
1518 1322 1652 1387 fortasse
1676 1340 1755 1384 anus
1778 1338 1879 1382 recor-

690 1427 779 1506 data,
812 1428 863 1493 vel
894 1431 1001 1512 potius
1031 1428 1109 1493 dieti
1139 1427 1303 1514 popularis
1334 1428 1418 1514 quod
1449 1429 1547 1492 etiam
1580 1426 1714 1491 Alcaeus
1745 1424 1880 1488 carmini

691 1532 770 1598 olim
800 1536 953 1611 inseruit,
985 1540 1162 1599 amatorem
1187 1557 1352 1617 pauperem
1383 1535 1500 1619 quidem
1529 1534 1627 1598 fuisse
1659 1531 1720 1596 sibi
1752 1532 1798 1595 ait
1827 1530 1881 1594 scd

692 1645 787 1703 tamem
805 1641 946 1721 pateram
963 1642 1159 1724 probumque
1185 1641 1327 1725 epitheta
1350 1646 1460 1705 autem
1487 1639 1677 1720 εὖτρίουτον
1703 1635 1755 1701 reat
1783 1635 1879 1701 καλὸν
1951 1721 1954 1727 μ

689 1744 742 1809 sat
777 1745 911 1825 χρηστὸν
940 1753 972 1810 et
1005 1747 1206 1830 aptissimam
1238 1746 1460 1832 gradationem
1491 1745 1633 1810 efficiunt
1664 1744 1761 1808 hanc:
1786 1742 1879 1827 socie

690 1857 807 1935 totoque
836 1853 909 1915 adeo
940 1873 1061 1933 corpore
1085 1852 1226 1933 pulcram
1257 1859 1285 1916 et
1316 1852 1430 1933 inponit
1455 1851 1581 1933 eprepa'a',
1606 1856 1638 1915 et
1661 1848 1788 1916 defendi
1810 1871 1880 1934 pos·

688 1959 771 2033 sint,
796 1959 823 2022 si
846 1978 926 2042 opus
950 1956 1109 2035 rideatur,
1134 1956 1248 2023 collato
1273 1956 1506 2023 Anaxandridis
1528 1955 1688 2022 versiculo
1713 1953 1831 2022 simili:

917 2063 1056 2137 Θεολύτη
1080 2064 1160 2140 μάλ’
1184 2063 1443 2143 εὐπρόσωποι
1468 2063 1537 2128 eat
1562 2064 1677 2137 κοιλιί.

733 2168 795 2233 Sed
829 2169 877 2234 fac
909 2172 1013 2234 nescio
1045 2189 1142 2254 quam
1173 2170 1212 2235 ob
1244 2190 1374 2235 causam
1406 2171 1560 2235 vitiosum
1594 2176 1701 2234 tamen
1732 2174 1879 2234 nostrum

689 2274 798 2339 locum
821 2276 959 2340 censeri:
984 2274 1035 2340 vel
1059 2278 1105 2340 sie
1126 2282 1232 2340 tamen
1252 2275 1409 2342 reicienda
1429 2278 1489 2340 erit
1508 2278 1688 2340 coniectura
1707 2274 1877 2350 Meinekii,

689 2400 787 2464 quam
812 2383 995 2446 etiamnunc
1019 2380 1180 2446 nonnullis
1204 2383 1282 2446 satis
1306 2380 1428 2466 plaeere
1452 2383 1568 2446 miror:

1141 2486 1334 2566 εὐτοίουττον
1357 2483 1567 2567 χοὶτοιλίν,

688 2612 771 2676 quae
794 2596 869 2656 sunt
891 2592 971 2657 bene
995 2612 1126 2677 graeca,
1150 2598 1226 2657 sunt
1247 2591 1412 2678 eleganter
1436 2592 1537 2669 dicta,
1562 2597 1637 2656 sunt
1660 2611 1735 2656 vere
1759 2590 1879 2655 Aristo

687 2698 827 2783 phanea,
861 2696 915 2762 sed
1019 2698 1058 2763 ab
1090 2699 1149 2762 hoc
1181 2697 1250 2763 loco
1279 2704 1354 2762 suut
1385 2718 1482 2781 quam
1505 2699 1647 2762 maxime
1669 2695 1782 2761 aliena.
1806 2696 1876 2761 Non

687 2805 810 2867 strenui
829 2802 1042 2888 indefessiqus
1062 2805 1188 2869 iuvenis
1207 2803 1266 2869 hoc
1287 2810 1335 2868 est
1353 2804 1527 2888 epitheton,
1547 2803 1602 2868 sed
1622 2800 1747 2886 puellae
1767 2807 1876 2868 aut...

688 2908 820 2973 cinaedi.
846 2909 963 2990 Apelle
988 2911 1032 2974 sic
1056 2907 1208 2974 laudatur
1230 2915 1304 2974 noto
1326 2912 1428 2974 nostri
1452 2908 1537 2974 loco:

916 3014 954 3080 τὺ
979 3013 1005 3080 δ’
1030 3012 1306 3096 εὐτρίοοιτος,
1332 3014 1459 3096 Asuada,
1484 3010 1679 3096 ἐξυρημένος,

916 3121 1163 3202 γυναικόφωνος,
1189 3122 1350 3195 tanate
1368 3125 1402 3204 ¹),
1425 3124 1575 3202 εὐτρεπὴς
1600 3121 1683 3187 ἰδεῖν.

688 3226 801 3312 Itaque
824 3229 884 3293 hoc
909 3250 1034 3314 quoque
1057 3227 1126 3294 loco
1149 3228 1232 3293 nihil
1254 3250 1386 3295 novasse
1411 3234 1566 3315 praestat,
1591 3230 1711 3312 opinor.

1558 3372 1579 3405 0

736 3444 788 3509 Vs.
811 3445 886 3511 989.
912 3446 963 3510 ιιοιί
989 3450 1095 3511 τοῦτον
1118 3446 1216 3511 τοίνυν
1239 3447 1300 3528 οὐχ
1325 3442 1413 3511 ἔνιιιοι
1437 3447 1585 3523 μισητίας

916 3553 1013 3618 οιίτοῑν
1036 3555 1072 3630 μ’
1097 3550 1245 3633 ἔφοιοκει,
1270 3554 1358 3618 ἀλλὰ
1382 3553 1494 3633 φιλίοις
1518 3550 1643 3630 obessa,

914 3654 964 3722 ίνοι
986 3659 1097 3734 τούμὸν
1122 3659 1246 3734 ι’μοὶτιον
1268 3664 1366 3739 φορῶν
1389 3658 1531 3739 μεμνῇτό
1552 3681 1623 3733 μου.

687 3764 724 3828 ln
757 3764 842 3828 hisce
874 3764 978 3829 verbis
1009 3764 1152 3829 aniculae
1182 3763 1402 3830 incredibilem
1433 3767 1585 3830 amatoris
1613 3767 1663 3828 aui
1685 3765 1876 3829 modestiam

686 3872 863 3934 enarrantis
886 3873 1049 3936 immerito
1074 3870 1210 3956 Blaydes
1234 3876 1396 3956 suspectas
1420 3871 1515 3936 habet
1533 3870 1707 3956 particulas
1727 3871 1824 3934 τοίνυν
1845 3875 1878 3935 et

687 3972 787 4039 ἕνεκα.
810 3974 952 4053 Quarum
973 3979 1059 4061 prior
1078 3979 1274 4061 pronominis
1294 3980 1347 4042 cui
1366 3977 1534 4042 subiuncta
1557 3984 1603 4041 est
1629 3978 1695 4040 vim
1719 3975 1875 4061 adauget:

688 4081 767 4143 tatia
791 4088 877 4143 erant
899 4105 975 4165 qaae
997 4083 1052 4146 itte
1074 4106 1118 4145 me
1140 4084 1279 4163 repedat,
1304 4090 1333 4146 et
1355 4106 1391 4147 ae
1414 4084 1486 4147 doec
1508 4083 1625 4167 quidem
1648 4088 1795 4163 reposcet,
1815 4081 1878 4144 aiei

688 4194 873 4250 ιιιοιοοιοιοοιοίο
903 4188 960 4251 mci
989 4210 1084 4251 ιοοιοοι
1108 4190 1199 4272 ferre
1228 4188 1370 4253 οοίυὶιοοί
1391 4211 1513 4271 semper.
1544 4189 1607 4254 Pro
1632 4190 1804 4273 posteriore
1827 4208 1877 4252 es·

684 4294 873 4379 peetabatur
903 4314 977 4359 sane
1009 4294 1083 4372 ὑτί,
1116 4294 1169 4358 sed
1193 4297 1280 4379 prior
1303 4296 1462 4360 enuntiati
1485 4315 1557 4379 pars
1581 4293 1673 4360 altori
1696 4315 1780 4358 nunc
1803 4296 1877 4358 assi·

687 4398 843 4473 mutatur,
876 4405 913 4463 ut
942 4401 1032 4464 iocus
1062 4402 1163 4485 possit
1192 4403 1322 4485 captari.
1355 4400 1436 4464 Nam
1468 4401 1615 4477 μισητίοιν
1643 4400 1804 4463 ocentiam
1832 4402 1877 4463 in-

688 4503 817 4591 tellegit
850 4503 978 4582 mulier,
1015 4511 1052 4570 ut
1086 4506 1183 4571 homo
1216 4505 1340 4572 sordide
1371 4526 1486 4571 avarus
1517 4505 1579 4570 diis
1608 4526 1665 4571 sua
1695 4511 1770 4571 vota
1802 4507 1875 4584 ,,οὖιι

685 4610 851 4676 ἀτοδοῦνοι
884 4611 1037 4694 μισητίᾳ”
1071 4612 1189 4676 dicitur
1220 4614 1254 4677 in
1285 4612 1425 4691 Avibue3
1459 4611 1658 4677 auditoribus
1689 4633 1764 4677 vero
1787 4610 1876 4676 aliud

684 4716 763 4802 quid
783 4722 873 4781 sonat
893 4715 951 4782 illa
970 4739 1048 4795 vox,
1070 4720 1222 4802 quoniam
1241 4720 1274 4782 iu
1294 4717 1394 4783 libero
1415 4721 1556 4783 virorum
1576 4738 1723 4783 sermone
1733 4718 1876 4803 feminac

721 4947 747 5009 l)
766 4945 883 4995 Nostrum
895 4946 983 5009 poenal.
