5125 6150
691 792 755 859 180
1194 810 1361 860 nummos

688 996 790 1040 uuum
813 984 969 1062 punctum
994 974 1137 1052 valebat,
1155 975 1294 1057 rapinam
1311 978 1383 1052 tria,
1398 997 1527 1058 pronam
1546 982 1690 1061 quatuor,
1711 981 1869 1038 ίονίυοιιιοι

688 1103 743 1147 sex
759 1083 792 1162 ¹).
827 1081 938 1168 Itaque
974 1080 1124 1146 deficiunt
1158 1088 1276 1167 puncta
1310 1080 1374 1146 duo
1404 1088 1436 1146 et
1466 1087 1584 1167 puncta
1615 1084 1753 1167 quinque
1775 1079 1871 1164 idque

688 1187 804 1253 diserte
827 1188 965 1252 traditur
988 1188 1026 1252 ab
1049 1187 1153 1251 Schol.
1177 1187 1217 1252 ad
1241 1186 1324 1252 Plat.
1349 1187 1458 1274 Lysid.
1482 1209 1513 1273 p.
1539 1186 1659 1252 206u:
1686 1186 1799 1261 ἡδυίις
1818 1186 1870 1249 καί

688 1294 805 1365 πεντὰς
840 1294 889 1358 ἐπί
922 1300 980 1358 τῶν
1010 1293 1113 1370 κύβων
1142 1293 1239 1371 μίνυν
1270 1293 1564 1372 παραλαμβάνεται
1597 1293 1646 1358 διὰ
1677 1292 1712 1357 πὸ
1743 1294 1871 1363 ἐκείνους

686 1400 871 1479 ἐπιφανείας
901 1397 984 1479 ἔχειν
1015 1397 1063 1477 ἕξ·
1094 1403 1128 1464 in
1153 1400 1227 1465 talis
1251 1406 1378 1478 autem,
1403 1403 1453 1465 uti
1476 1400 1561 1478 dixi,
1585 1407 1643 1465 τῶν
1668 1406 1790 1479 κεραιῶν
1814 1419 1871 1463 neo

686 1509 768 1572 ratio
791 1507 928 1571 habetur
950 1527 1007 1571 uec
1029 1509 1136 1592 potuit
1158 1507 1277 1572 haberi.

731 1610 855 1677 Natura
883 1612 987 1677 talum
1017 1633 1080 1676 uon
1108 1615 1310 1677 exactissime
1332 1611 1480 1690 libravit,
1504 1633 1580 1678 uam
1604 1615 1632 1677 si
1656 1615 1783 1690 iecoris,
1808 1631 1874 1676 sae

686 1721 758 1803 pius
793 1719 937 1784 ostendet
952 1717 1016 1783 ΙΠΙ
1046 1717 1098 1783 vel
1130 1718 1173 1782 IV
1204 1740 1301 1803 quam
1333 1718 1348 1783 I
1380 1718 1431 1784 vel
1462 1717 1523 1803 VI;
1554 1740 1686 1805 pergam
1717 1720 1803 1784 euim
1827 1720 1872 1782 sic

683 1824 789 1911 loqui,
809 1824 955 1911 neglecto
976 1832 1123 1891 veterum
1142 1847 1245 1902 more,
1265 1825 1299 1890 id
1319 1832 1390 1890 ante
1409 1828 1517 1891 omnia
1536 1846 1633 1912 agens
1652 1834 1690 1890 ut
1706 1827 1872 1911 perspicue

684 1933 831 1998 scribam.
856 1931 927 1997 Hoc
946 1934 1064 1996 vitium
1086 1938 1123 1997 ut
1146 1935 1358 2018 corrigerent,
1380 1930 1482 1996 talum
1507 1938 1564 1997 aut
1586 1931 1665 1997 lima
1688 1931 1873 1996 detenebaut

686 2050 743 2103 aut
772 2037 943 2123 plumbum
975 2038 1192 2117 effundebant;
1225 2059 1306 2123 quae
1330 2038 1521 2124 multiplicis
1545 2039 1666 2103 fraudis
1689 2059 1784 2104 causa
1808 2037 1871 2101 fuit

687 2165 866 2230 magnaque
890 2166 1014 2230 semper
1038 2147 1128 2229 copia
1150 2144 1214 2209 fuit
1237 2145 1376 2210 talorum
1396 2169 1529 2230 aequam,
1550 2165 1624 2209 nam
1643 2147 1688 2210 sic
1706 2144 1871 2209 vocabant.

686 2249 886 2315 locabantur
915 2250 974 2316 tali
1005 2250 1117 2315 detriti
1147 2251 1267 2328 οίσποι,
1292 2252 1331 2316 οί.
1355 2250 1459 2317 Schol.
1486 2253 1583 2316 Arist.
1609 2250 1688 2316 Rau.
1714 2249 1796 2326 8483
1820 2273 1873 2324 με-

685 2356 941 2435 μοουβδυμένιυς
964 2365 1073 2422 autem
1097 2356 1286 2422 Aristoteles
1310 2357 1484 2443 appellavit
1507 2356 1664 2423 Problem.
1688 2356 1763 2420 XVI
1786 2354 1870 2440 512.

686 2461 934 2527 Fabricabantur
967 2466 1064 2527 etiam
1097 2462 1154 2528 tali
1188 2485 1224 2528 er
1257 2464 1367 2541 ebore,
1400 2484 1438 2527 ex
1470 2484 1563 2541 aure,
1596 2484 1634 2528 ex
1666 2484 1736 2528 aere
1767 2460 1871 2527 aliave

687 2570 835 2647 materie;
859 2569 913 2634 sed
932 2569 1118 2633 servabatur
1137 2569 1240 2634 forma
1260 2590 1356 2656 quam
1376 2575 1488 2634 natura
1508 2572 1650 2655 primum
1671 2574 1871 2633 monstrarat.

731 2673 896 2740 audebant
927 2673 1000 2739 talis
1031 2682 1167 2759 quatuor,
1200 2675 1253 2740 sed
1286 2674 1425 2761 reliquae
1456 2675 1524 2740 ludi
1548 2675 1635 2762 leges
1659 2696 1723 2739 uon
1746 2694 1872 2759 semper

686 2780 814 2845 fuerunt
845 2788 940 2866 atque
972 2781 1090 2866 ubique
1115 2781 1253 2846 eaedem.
1287 2780 1432 2867 Simplex
1455 2803 1557 2868 genus
1579 2787 1628 2847 est
1651 2783 1684 2845 iu
1704 2782 1870 2855 convivio,

685 2886 742 2950 ubi
773 2887 984 2951 sortiebantur
1013 2890 1085 2972 quis
1115 2888 1349 2968 συμποσίαρχος
1381 2890 1449 2952 eive
1480 2889 1636 2973 magister
1665 2885 1793 2951 bibendi
1821 2884 1871 2950 de-

686 2994 876 3078 signaretur.
900 2991 1053 3057 Vinoebat
1074 2999 1184 3058 autem
1203 2996 1258 3078 qui
1277 2993 1431 3057 Venerem
1451 2995 1599 3069 miserat,
1619 2996 1640 3057 i.
1654 3014 1681 3057 e.
1701 2995 1869 3069 unionem,

686 3101 868 3175 trinionem,
901 3102 1160 3184 quaternionem,
1192 3103 1353 3166 senionem
1378 3099 1421 3178 (l.
1447 3100 1478 3165 3.
1502 3101 1533 3164 4.
1559 3099 1603 3182 6).
1636 3099 1744 3164 Huius
1766 3101 1870 3163 iaetus

686 3256 891 3343 probabilitas
914 3265 962 3323 est
984 3204 1256 3386 ἓζῗζίζὲἒ
1275 3206 1400 3379 ε2-254ὂ
1419 3291 1459 3316 --
1480 3257 1553 3346 ³s„:
1577 3260 1610 3324 h.
1630 3280 1656 3324 e.
1682 3258 1790 3325 decem
1814 3278 1872 3322 un-

686 3415 829 3483 decimve
850 3421 994 3483 iactuum
1019 3440 1121 3483 uuum
1142 3419 1208 3484 sore
1229 3418 1405 3484 Venereum
1425 3418 1586 3504 probabile
1605 3425 1663 3483 ast.
1682 3417 1793 3503 Neque
1811 3420 1873 3502 igi·

685 3530 739 3587 tur
762 3524 817 3589 diu
841 3525 1087 3610 exspectandum
1112 3533 1179 3590 erat
1202 3525 1298 3591 donec
1322 3525 1428 3591 Venus
1451 3525 1591 3611 prodiret
1614 3531 1647 3589 et
1669 3528 1696 3589 si
1720 3528 1872 3589 convivae

687 3651 853 3695 musarum
884 3653 1054 3697 numerum
1087 3641 1314 3717 exaequarent,
1346 3632 1534 3718 plerumque
1566 3634 1643 3697 satis
1668 3638 1735 3696 erat
1758 3652 1872 3695 unum·

687 3758 844 3822 quemque
876 3736 974 3802 semel
1000 3742 1122 3824 agitare
1146 3738 1307 3804 fritillum.
1332 3738 1403 3824 Ipse
1428 3760 1552 3823 quoque
1575 3735 1684 3805 Cicero
1707 3737 1806 3814 dicet,
1832 3736 1870 3801 de

686 3842 794 3907 Diviu.
826 3842 866 3906 11.
890 3842 1057 3928 595121,
1083 3843 1259 3910 Venereurn
1282 3848 1404 3909 iactum
1429 3866 1491 3909 uon
1516 3845 1612 3909 fuisse
1636 3846 1846 3908 rarissimum.

730 3948 846 4013 Itidem
882 3949 1141 4035 simplicissimus
1174 3950 1306 4015 ludendi
1341 3949 1455 4016 modus
1490 3950 1568 4027 fuit,
1605 3971 1667 4034 quo
1702 3948 1869 4033 aliquando

686 4055 861 4120 delectatus
885 4063 932 4119 est
957 4056 1132 4141 Imperator
1156 4058 1340 4144 Augustus,
1366 4060 1461 4122 sicuti
1485 4056 1594 4120 scribit
1617 4056 1654 4120 ad
1680 4058 1869 4140 privignum

685 4161 770 4248 apud
799 4160 990 4226 Suetonium
1013 4166 1047 4227 in
1073 4162 1146 4227 Vita
1169 4185 1195 4227 c.
1221 4162 1280 4229 71:
1306 4162 1484 4240 „Coenavi,
1510 4165 1555 4227 mi
1578 4161 1698 4239 Tiberi,
1722 4183 1795 4225 curn
1819 4164 1871 4225 iis-

686 4268 768 4333 dem.
804 4269 970 4333 bocessere
994 4270 1146 4333 convivae
1170 4266 1313 4334 Vinicius
1336 4276 1367 4334 et
1387 4266 1487 4334 Silius
1510 4274 1609 4353 pater.
1633 4267 1720 4333 luter
1742 4288 1871 4332 coenam

721 4512 745 4571 l)
769 4511 816 4559 Hic
839 4512 957 4560 notandus
980 4510 1039 4559 levis
1056 4525 1125 4559 error
1143 4511 1306 4574 Merquerdtii
1323 4512 1365 4575 qui
1382 4512 1504 4560 contendit
1522 4512 1547 4560 iu
1564 4511 1626 4561 libro
1644 4513 1673 4561 de
1694 4511 1753 4561 rita
1771 4512 1871 4561 Privata

691 4595 842 4641 ίίοοιονιονιιινι
867 4611 889 4657 p.
913 4594 960 4643 8³1
986 4598 1034 4641 not.
1060 4594 1087 4641 l:
1115 4593 1181 4641 ‚dese
1202 4593 1239 4641 die
1258 4596 1329 4654 (καοίι
1345 4600 1428 4653 ναίειν)
1446 4594 1560 4657 gelehrte
1578 4596 1641 4643 Seite
1658 4595 1696 4643 die
1713 4594 1818 4658 Gcltung
1834 4594 1872 4643 be·

686 4675 815 4723 etimmte'’.
844 4676 937 4724 Etenim
963 4676 1016 4724 vide
1040 4676 1171 4724 Lucienum
1195 4677 1293 4723 Seturn.
1315 4679 1343 4724 4:
1369 4674 1391 4723 εί
1414 4675 1448 4736 μή
1466 4677 1553 4738 σοίγε
1571 4678 1654 4737 μικρὸν
1673 4674 1786 4725 δοκεῖτὸ
1804 4682 1871 4725 νικᾶν

688 4755 825 4816 κυβεύοντα
851 4756 893 4810 καί
918 4760 972 4815 τοῖς
997 4756 1084 4814 littora
1107 4753 1133 4814 ὲς
1156 4755 1201 4813 sals
1229 4755 1324 4818 μονάδα
1348 4757 1494 4820 κυλιομένου
1512 4762 1557 4807 ποῦ
1576 4757 1652 4818 κιίβου
1671 4757 1712 4807 σοί
1729 4758 1774 4815 τὴν
1793 4757 1872 4823 ἑξάδα

685 4834 826 4898 ὑπεράνω
844 4836 884 4887 dei
900 4838 1036 4900 φαίνεσθαι.
1063 4840 1094 4889 m
1117 4853 1171 4889 mox
1189 4844 1288 4905 apparet
1306 4854 1389 4889 revere
1406 4840 1457 4889 illio
1474 4842 1502 4889 de
1519 4840 1575 4890 telis
1592 4856 1642 4890 esee
1659 4856 1804 4901 arnonem,
1822 4857 1871 4891 nou

685 4919 714 4968 da
731 4920 833 4971 tuearis.
