5125 6150
639 892 642 897 ,
687 829 753 892 200
1209 841 1350 888 neuros.

686 1017 794 1073 tratum
818 1009 877 1071 iam
900 1031 961 1072 esse
983 1007 1067 1093 qnod
1089 1014 1260 1092 rogaturus
1282 1008 1381 1071 etiam
1400 1004 1454 1070 ille
1474 1011 1539 1081 est,
1560 1010 1656 1090 atque
1673 1003 1707 1068 id
1723 1000 1869 1090 generali

685 1115 734 1179 illi
758 1117 932 1179 sententiae
955 1116 1130 1178 innectunt.

731 1222 812 1285 Anu.
844 1219 897 1296 IV,
930 1219 983 1284 62.
1019 1219 1154 1284 Fidenae
1185 1219 1459 1303 amphitheatrum
1489 1221 1609 1283 corruit
1638 1224 1671 1282 et
1700 1218 1868 1303 ingentem

684 1328 897 1413 spectantium
919 1324 1163 1390 multitudinem
1186 1328 1305 1410 operit:

731 1432 795 1510 „Et
812 1431 863 1496 illi
882 1431 1029 1518 quidem,
1050 1454 1128 1517 qnos
1147 1434 1341 1517 principium
1360 1434 1478 1518 stragis
1495 1434 1530 1495 in
1548 1437 1686 1496 mortem
1696 1428 1869 1506 afflixerat,

685 1545 722 1604 nt
743 1537 800 1603 tali
819 1545 915 1615 sorte,
935 1541 1114 1604 cruciatum
1132 1538 1289 1624 effugere:
1310 1537 1483 1603 miserandi
1501 1540 1623 1625 magis,
1641 1558 1719 1621 quos
1730 1537 1871 1620 abrupta

685 1651 775 1732 parte
798 1647 937 1729 corporis
960 1644 1101 1709 nondum
1124 1647 1192 1708 vita
1215 1643 1429 1709 deseruerat'’.

732 1749 920 1817 Cruciatum
949 1749 1066 1835 eliquis
1095 1750 1200 1814 subita
1231 1757 1333 1816 morte
1358 1751 1455 1833 plane
1484 1750 1615 1836 effugit,
1639 1756 1687 1825 et,
1712 1751 1740 1812 si
1762 1768 1871 1833 grem·

686 1862 820 1924 maticae
854 1861 1012 1923 rationem
1046 1858 1217 1934 habemus,
1253 1860 1400 1943 ineptum
1434 1865 1483 1922 est
1516 1856 1674 1923 eiusmodi
1703 1858 1871 1920 enuntiato

685 1964 798 2030 addere
828 1962 950 2049 aliquid
977 1963 1061 2048 quod
1091 1966 1159 2029 vim
1190 1964 1304 2028 habeat
1334 1964 1499 2029 minuendi
1530 1970 1577 2043 (at
1599 1962 1658 2026 toli
1679 1968 1780 2040 sorte).
1806 1959 1871 2025 Sed

685 2069 814 2135 Tacitus
837 2070 1049 2134 bimembrem
1072 2070 1152 2134 hauc
1176 2073 1368 2135 sententiam
1391 2073 1424 2134 in
1447 2090 1546 2134 unam
1569 2069 1743 2134 contrahit:

730 2182 767 2239 nt
788 2174 845 2239 tali
863 2182 946 2240 sorte
966 2174 1072 2240 felices
1091 2183 1181 2240 erant
1200 2175 1416 2260 praedicandi:
1430 2178 1606 2240 cruciatum
1620 2177 1705 2240 euim
1717 2172 1867 2258 effugere.

731 2281 943 2347 Simillimum
966 2282 1120 2366 estquod
1144 2281 1239 2367 paulo
1261 2289 1335 2368 post
1357 2283 1477 2369 legitur
1500 2304 1526 2347 c.
1552 2281 1612 2346 63:

733 2386 903 2465 „Ceterum
936 2389 996 2452 snb
1031 2396 1189 2453 recentem
1222 2388 1345 2453 cladem
1376 2394 1506 2475 patuere
1537 2408 1703 2474 procerum
1734 2385 1869 2462 domus,

685 2497 826 2561 fomenta
849 2503 881 2560 et
903 2495 1019 2560 medici
1043 2498 1162 2581 passim
1186 2496 1322 2581 praebiti
1329 2517 1337 2574 ;
1363 2496 1487 2580 fuitque
1512 2496 1588 2560 urbs
1611 2515 1667 2580 per
1688 2493 1761 2557 illos
1781 2493 1869 2569 dies,

685 2623 878 2688 quemquam
901 2607 1022 2666 maesta
1045 2601 1133 2678 facie,
1157 2610 1305 2667 veterum
1328 2605 1487 2666 institutis
1509 2600 1643 2680 similis,
1668 2603 1724 2685 qui
1746 2618 1869 2686 magua

684 2716 756 2795 post
779 2707 898 2794 proelia
920 2710 1043 2773 saucios
1065 2707 1236 2794 largitione
1259 2715 1291 2773 et
1314 2730 1389 2773 cura
1412 2706 1664 2773 sustentabant”.

730 2816 851 2881 Revera
873 2818 905 2879 in
929 2814 986 2880 illc
1011 2822 1120 2878 moesto
1132 2815 1223 2899 socie
1241 2814 1323 2879 nihil
1341 2821 1390 2880 est
1409 2815 1492 2900 quod
1511 2813 1757 2879 similitudinem
1776 2810 1870 2877 illam

683 2925 874 2999 imminuet;
915 2941 989 2984 nam
1032 2923 1130 2985 etiam
1170 2929 1243 3007 post
1276 2943 1395 3007 magna
1428 2920 1548 3008 proelia
1582 2942 1642 2985 non
1677 2922 1787 2984 minus
1821 2924 1871 2984 est

683 3031 864 3094 moestitiae
887 3030 921 3092 in
944 3028 1021 3092 urbe
1044 3049 1140 3114 quam
1165 3034 1241 3093 tnnc
1264 3033 1334 3115 post
1359 3027 1499 3106 cladem,
1524 3049 1603 3122 quae
1626 3027 1762 3092 Fidenae
1787 3025 1871 3091 facta

685 3142 761 3200 erat.
793 3133 853 3199 Sed
885 3135 943 3198 boc
976 3132 1048 3197 vult
1078 3133 1207 3199 Tacitus
1237 3142 1333 3220 etque
1364 3135 1459 3220 paulo
1490 3138 1665 3201 contortius
1687 3132 1868 3216 eloquitur:

687 3261 902 3326 „quemquem
936 3246 1057 3304 moesta
1091 3247 1159 3305 erat
1190 3242 1278 3305 urbis
1310 3242 1420 3319 facies,
1455 3243 1592 3307 habebat
1623 3248 1730 3305 tamen
1762 3238 1871 3304 solatii

685 3345 823 3432 aliquid:
859 3348 892 3409 in
928 3353 1068 3410 mentem
1100 3350 1185 3411 euim
1218 3349 1386 3412 revocabat
1416 3351 1547 3434 antiqua
1575 3356 1720 3432 tempora
1751 3346 1870 3431 quibus

686 3467 757 3539 post
780 3472 898 3538 magna
921 3451 1041 3537 proelia
1063 3452 1148 3517 idem
1172 3453 1241 3517 fieri
1263 3454 1416 3520 solebet''.

731 3558 840 3642 Neque
863 3564 937 3621 sunt
959 3557 1077 3622 diversi
1099 3559 1134 3621 hi
1158 3558 1237 3623 loci:

732 3667 813 3730 Ann.
838 3664 891 3742 vl,
916 3664 977 3728 24:

733 3771 877 3851 „Drusus
900 3768 1097 3849 (Germanioi
1120 3771 1220 3851 filius)
1243 3775 1462 3860 exstinguitur
1585 3775 1727 3839 centurio
1746 3776 1870 3858 (quiin

684 3899 806 3944 carcere
837 3897 945 3942 omnes
975 3881 1044 3942 eius
1073 3900 1164 3944 voces
1194 3887 1469 3965 exceperat)
1496 3902 1587 3946 voces
1618 3880 1793 3945 deficientis
1816 3879 1871 3959 (ad

684 3984 849 4051 'liberium
869 3981 1014 4068 pertulit)
1035 4033 1109 4051 ....
1131 3989 1202 4070 quis
1221 3989 1325 4071 primo
1345 3990 1435 4072 qnasi
1456 4008 1513 4071 per
1532 3987 1725 4051 dementiam
1741 3985 1871 4050 funesta

684 4091 826 4168 Tiberio,
858 4111 949 4166 mon,
982 4091 1038 4154 ubi
1068 4112 1179 4176 exspes
1210 4095 1295 4157 vitae
1318 4094 1397 4170 fuit,
1423 4093 1591 4158 meditatas
1613 4094 1871 4178 compositasque

686 4197 769 4262 diras
788 4196 1031 4282 imprecabatur,
1052 4204 1103 4274 nt,
1123 4219 1218 4283 quem
1237 4199 1427 4263 admodum
1446 4221 1564 4264 nurum
1584 4197 1749 4282 filiumque
1762 4199 1873 4263 fratris

686 4315 718 4370 et
740 4310 869 4389 nepotes
893 4303 1088 4389 domumque
1111 4326 1239 4369 omnem
1262 4305 1410 4371 caedibus
1433 4304 1656 4391 complevisset
1679 4326 1748 4389 e.q.
1763 4305 1823 4369 s.”.

730 4410 807 4474 Post
826 4416 943 4491 nepotes
962 4408 1105 4474 Ritterus
1123 4413 1235 4475 inserit
1253 4419 1400 4477 necaeset:
1424 4413 1558 4487 frustra,
1579 4432 1653 4475 nam
1672 4410 1724 4474 hic
1742 4432 1872 4497 qnoque

683 4518 762 4583 dues
782 4537 831 4581 res
850 4514 978 4581 Tacitus
996 4519 1031 4581 in
1049 4538 1147 4582 unam
1161 4525 1280 4582 coartat
1291 4525 1496 4584 structuram.
1511 4517 1683 4603 Vulgatam
1695 4515 1871 4583 lectionem

684 4625 813 4709 egregie
837 4626 947 4686 tuetur
970 4622 1054 4707 quod
1076 4644 1102 4688 c.
1128 4622 1169 4687 41
1193 4622 1332 4710 legitur:

731 4726 912 4804 „Clitarum
935 4732 1022 4793 natio
1124 4732 1158 4794 iu
1181 4732 1260 4815 iuge
1282 4729 1379 4795 Tauri
1403 4733 1522 4796 montis
1545 4730 1695 4795 abscessit
1711 4728 1872 4796 locorum-

684 4856 745 4920 que
777 4837 905 4921 ingenio
936 4855 1003 4900 sese
1112 4837 1350 4902 tutabatur
1377 4837 1473 4903 donec
1504 4837 1550 4901 M.
1575 4835 1751 4902 Trebellius
1783 4837 1871 4926 lega-

684 4948 737 5006 tus
838 4942 918 5007 dnos
948 4940 1060 5019 colles,
1091 4964 1169 5028 quos
1201 4944 1324 5009 barbari
1354 4944 1533 5009 insederant
1634 4944 1782 5029 operibus
1810 4949 1873 5012 cir-
