5125 6150
805 1444 879 1534 Ao
912 1397 1265 1535 ricrrsaorrs
1295 1440 1600 1533 amessias.

1138 1647 1261 1690 SORIPSIT

965 1798 1008 1866 H.
1033 1800 1120 1899 rm
1142 1799 1432 1867 nsawnaoar.

1108 2101 1296 2146 “omo-

1203 2344 1355 2409 Αθσῂσέοοιιὲι
1373 2345 1477 2395 rhetoris
1492 2343 1659 2410 Ῑθρνέιθιιθοντιιιιι
1677 2342 1731 2392 libri
1748 2343 1796 2393 [θ’.

1171 2427 1336 2476 denotatione
1352 2426 1438 2476 critica
1451 2425 1570 2475 ιάιθσιιαίέ
1583 2425 1620 2475 Μ.
1633 2426 1662 2474 A.
1678 2426 1796 2490 Schepm.

1171 2508 1305 2572 θτοιιίαρασ
1319 2509 1383 2572 apud
1398 2509 1423 2558 J.
1440 2507 1470 2556 B.
1488 2507 1591 2557 Wolters
1605 2523 1663 2557 αισα.
1680 2507 1778 2556 110111.

647 2702 774 2769 Solidae
808 2703 969 2768 doctrinae
1003 2723 1060 2768 nec
1095 2701 1242 2789 vulgaria
1277 2704 1463 2789 sagacitatis
1497 2703 1659 2789 specimen
1693 2723 1796 2788 nuper

602 2807 691 2874 dedit
718 2810 770 2873 vir
800 2808 1006 2874 doctissimus
1035 2807 1082 2876 M.
1107 2810 1145 2873 A.
1170 2807 1325 2893 Schepers
1353 2808 1574 2874 dissertatione
1597 2809 1795 2885 academica,

604 2935 667 2997 qua
697 2917 879 2978 continetur
908 2935 991 2979 nora
1021 2913 1120 2979 editio
1151 2913 1370 2999 Alciphronis,
1403 2934 1486 2978 nora
1512 2934 1545 2977 re
1568 2933 1644 2977 vera
1667 2912 1797 2977 dicenda

604 3041 667 3086 non
689 3024 817 3086 tantum
840 3018 925 3106 quod
948 3023 1072 3105 praeter
1093 3018 1234 3086 aliorum
1256 3017 1400 3104 undique
1422 3016 1533 3085 sedulo
1556 3015 1704 3085 collectas
1727 3038 1798 3084 eon·

602 3129 742 3191 iecturas
772 3125 949 3211 permultas
979 3147 1054 3191 cnm
1084 3127 1186 3210 ipsius
1216 3130 1288 3190 tum
1319 3127 1469 3211 magistri
1497 3123 1540 3190 H.
1564 3123 1594 3191 J.
1618 3123 1721 3191 Polak
1745 3145 1797 3188 ex·

602 3232 708 3308 hibet,
740 3232 795 3296 sed
825 3234 925 3297 etiam
954 3230 1173 3317 largissimam
1205 3232 1368 3296 variarum
1398 3228 1574 3295 lectionum
1605 3231 1730 3315 copiam
1758 3251 1797 3295 ex

603 3334 807 3420 Alciphronis
831 3335 992 3401 codicibus
1015 3337 1134 3420 partim
1157 3335 1261 3400 denuo
1284 3333 1408 3401 collatis
1431 3335 1470 3399 ab
1494 3334 1624 3412 editore.

649 3440 719 3505 Hac
752 3443 856 3527 igitur
891 3439 1145 3525 locupletissima
1179 3443 1360 3506 recensione
1390 3445 1503 3527 gratus
1534 3444 1629 3505 utens
1659 3441 1797 3505 scribam

603 3544 772 3624 nonnulla,
797 3566 878 3632 qnae
900 3552 972 3632 post
990 3545 1148 3631 plurimas
1166 3545 1385 3631 plurimorum
1402 3547 1438 3610 in
1457 3545 1516 3611 hoc
1536 3547 1690 3630 scriptore
1708 3544 1798 3611 lucu·

602 3652 761 3716 brationss
785 3650 910 3717 utiliter
931 3654 1037 3719 notari
1060 3672 1150 3737 posse
1173 3652 1256 3716 mihi
1278 3650 1439 3716 ridentur.

650 3870 721 3935 Lib.
753 3870 768 3934 Ι
799 3869 830 3948 8,
843 3870 873 3936 2.
906 3869 948 3936 τοὶ
982 3867 1135 3952 ἡμέτερα,
1166 3869 1206 3941 ύς
1240 3864 1344 3947 οθσθα,
1381 3875 1541 3941 παντελῶς
1576 3869 1659 3933 ἔστιν
1694 3866 1796 3949 ύτορα

605 3976 657 4041 καὶ
690 3975 759 4051 βίος
790 3977 899 4057 κομιδῇ
931 3975 1053 4048 στενθς·
1078 3973 1185 4056 τρέφει
1209 3974 1273 4055 γὰρ
1297 3973 1380 4042 οὐδέν
1405 3978 1422 4051 θ
1446 3975 1604 4041 θούλαττα.
1637 3972 1795 4056 θλ.έμβος

604 4072 654 4143 οὖν
685 4075 771 4150 οὗτος
803 4068 833 4142 έν
863 4079 932 4163 θρᾷς
958 4078 972 4141 θ
997 4078 1155 4158 αωτύριρς,
1179 4078 1244 4160 (θ)
1267 4085 1332 4151 τοῖς
1356 4086 1483 4149 πολλοῖς
1507 4075 1624 4157 έρέταις
1648 4099 1797 4158 κατηρτυ-

604 4184 711 4262 μένος,
747 4183 895 4264 Κωρύκιθι
925 4185 991 4250 έστι
1024 4182 1165 4264 σκύφος,
1197 4183 1308 4266 λῃσταὶ
1340 4182 1366 4249 θ’
1389 4185 1552 4258 Ἀτταλῦς
1584 4182 1619 4247 τὸ
1650 4181 1679 4247 έν
1712 4183 1796 4264 αύτῷ

601 4290 761 4367 σύστιρμα.
793 4286 876 4355 ούτοθ
897 4315 938 4368 με
963 4290 1096 4355 κοινωνὸν
1121 4290 1254 4356 έθέλονσι
1279 4289 1393 4365 λαβεῖν
1418 4294 1471 4355 τοῦ
1497 4289 1719 4367 τολμήματος,
1745 4289 1798 4355 τύ-

603 4418 668 4475 ρσιος
694 4394 728 4458 έιι
750 4393 847 4475 τθροοι
870 4394 1076 4480 [εὐμεγέθεις]
1101 4396 1348 4476 ὑπισχνούμενοι.
1373 4393 1444 4475 πρὸς
1469 4392 1527 4472 μέν
1545 4392 1595 4462 οὖν
1614 4395 1666 4460 τὸν
1684 4396 1798 4475 χρνσθν

603 4497 634 4566 ὃν
667 4499 924 4579 έτανγέλλονται
955 4502 1007 4567 καὶ
1038 4504 1094 4578 rio
1126 4501 1277 4577 έσθῆτα
1308 4500 1446 4581 κέχηνα,
1479 4500 1657 4582 ύνδροφθνος
1681 4500 1713 4567 δέ
1736 4502 1798 4581 cix

602 4605 744 4684 ύτομένοι
768 4604 910 4684 γενέσθαι
933 4606 999 4672 otti
1022 4610 1133 4686 μιοῖναι
1158 4605 1253 4686 λύθρῳ
1277 4606 1336 4679 τὰς
1359 4613 1469 4686 χεῖρας
1494 4606 1558 4674 ιιτέ.
1592 4605 1797 4692 Ineptissimo

602 4735 641 4778 ex
665 4733 737 4777 mea
760 4711 889 4797 quidem
913 4716 1071 4778 sententia
1093 4713 1146 4778 hic
1166 4711 1313 4778 additum
1331 4717 1381 4777 est
1399 4711 1452 4778 καὶ
1472 4714 1528 4788 τὴν
1547 4713 1679 4792 ἐσθῆτα,
1700 4734 1798 4799 qnam

601 4818 685 4881 tanti
718 4817 829 4883 iecisse
864 4820 1020 4884 misorum
1053 4816 1311 4904 Encolymbum,
1347 4819 1404 4903 qni
1438 4816 1578 4884 Glauces
1611 4839 1687 4884 snae
1720 4819 1798 4885 haec

603 4923 727 4999 scribit,
752 4924 823 4987 inre
846 4925 982 4989 mireris.
1007 4922 1103 4989 Hand
1127 4919 1236 5009 paullo
1257 4921 1377 4989 molius
1399 4925 1522 4990 mentio
1544 4923 1633 4989 fieret
1656 4923 1694 4989 de
1716 4927 1797 5010 pira·
