5125 6150
686 774 752 841 232
1188 793 1359 841 uosmmcn.

687 960 829 1022 stituisse
853 978 950 1042 quam
973 964 1093 1042 postea.
1119 957 1204 1037 Quae
1223 978 1418 1043 quamquam
1437 980 1499 1023 uon
1519 960 1649 1022 omnino
1669 957 1803 1021 absurda
1823 962 1872 1021 est

686 1060 872 1147 explicatio,
898 1101 940 1112 -
964 1062 1040 1127 licet
1069 1067 1155 1127 enim
1179 1064 1342 1148 perhibere
1365 1067 1529 1148 reginam,
1553 1085 1627 1128 cum
1653 1063 1749 1128 fallax
1773 1066 1872 1126 consi·

684 1167 766 1232 lium
786 1168 1016 1254 deprehensum
1038 1184 1134 1242 esset,
1154 1171 1186 1233 in
1199 1169 1327 1234 aedium
1337 1173 1487 1234 interiora
1499 1168 1611 1234 exinde
1623 1169 1814 1253 confugisse,
1828 1206 1869 1217 —

684 1282 826 1358 praestat
857 1284 965 1339 tamen
996 1275 1089 1339 fateri
1118 1296 1181 1339 non
1212 1274 1317 1340 eidem
1347 1292 1458 1360 poetae
1487 1275 1593 1341 deberi
1623 1276 1756 1340 facetam
1780 1273 1871 1338 illam

684 1379 957 1444 narratiunculam
981 1388 1013 1445 et
1036 1383 1212 1466 imaginem
1235 1380 1409 1467 Penelopes
1432 1402 1530 1466 qoam
1552 1403 1592 1446 ex
1611 1394 1713 1446 cetera
1732 1380 1873 1466 Odyssea

684 1488 845 1551 novimus.

730 1591 886 1676 Quicquid
907 1592 939 1657 id
959 1601 1022 1668 est,
1043 1601 1181 1658 matrem
1200 1593 1418 1659 familiasloco
1430 1593 1557 1679 pulsam
1570 1593 1707 1658 ostendit
1720 1593 1871 1679 Odyssea.

683 1699 720 1763 In
751 1698 807 1763 illo
838 1698 998 1775 conclavi,
1029 1700 1085 1764 ubi
1116 1703 1270 1765 iuvenum
1299 1700 1514 1786 petulantium
1538 1699 1679 1785 quotidie
1703 1700 1874 1764 bacchatur

683 1811 826 1881 caterva,
851 1809 1041 1870 commorari
1065 1805 1182 1882 noluit,
1207 1811 1323 1873 marito
1347 1810 1401 1893 qui
1424 1809 1463 1873 ab
1484 1810 1721 1892 intempestivis
1743 1809 1819 1871 iocis
1840 1827 1873 1870 se

684 1910 864 1976 defenderet
886 1911 1050 1976 destituta.
1076 1910 1188 1997 Itaque
1211 1914 1340 2000 aufugit
1362 1917 1396 1978 in
1419 1914 1546 1979 aedium
1570 1916 1748 1998 superiora,
1773 1913 1815 1983 εἰς
1837 1912 1873 1976 τὸ

685 2018 833 2096 despesos.
868 2015 992 2082 Relicto
1026 2020 1172 2097 μεγάρῳ,
1209 2019 1293 2104 quod
1329 2019 1501 2085 cuiuslibet
1530 2023 1735 2105 protervitati
1766 2023 1872 2104 patet,

683 2126 799 2210 petivit
829 2123 980 2199 θάλαμον,
1005 2161 1047 2172 -
1072 2146 1135 2190 non
1165 2123 1261 2189 illum
1287 2124 1485 2198 thalamum,
1509 2147 1606 2211 quem
1629 2129 1662 2190 in
1686 2124 1779 2189 firmo
1804 2123 1873 2189 solo

684 2229 762 2296 olim
785 2228 965 2294 aedificavit
990 2229 1116 2308 Ulixes,
1140 2231 1186 2295 ibi
1206 2234 1293 2296 enim
1314 2240 1403 2296 torus
1422 2231 1558 2318 genialis
1577 2231 1738 2297 absentem
1759 2232 1874 2296 herum

684 2338 849 2421 opperitur
878 2356 1017 2412 vacuus,
1043 2336 1163 2401 -sed
1193 2336 1281 2401 aliud
1305 2338 1464 2422 quoddam
1488 2337 1683 2403 cubiculum.
1717 2335 1875 2403 Olaustris

684 2443 730 2508 ihi
763 2442 879 2507 forium
912 2443 989 2508 bene
1020 2443 1185 2508 firmarum
1216 2451 1357 2528 protecta
1386 2444 1489 2509 lentos
1521 2447 1671 2530 transigit
1702 2443 1769 2508 dies
1792 2446 1876 2508 inter

685 2547 841 2627 famulas,
873 2550 931 2614 irie
963 2552 1116 2614 aaaron
1139 2551 1237 2628 πόσιν,
1262 2572 1319 2615 neo
1341 2553 1404 2615 nisi
1429 2572 1498 2615 raro
1523 2550 1684 2615 descendit
1708 2550 1793 2613 κατὰ
1818 2558 1873 2623 τῆς

620 2690 626 2703 -
686 2659 857 2733 κλίμακος,
882 2662 920 2721 ut
943 2678 1018 2721 cum
1042 2660 1145 2742 procis
1168 2656 1298 2743 filioque
1321 2679 1377 2742 per
1400 2658 1496 2722 breve
1517 2669 1645 2742 tempus
1663 2654 1874 2741 colloquatur.

686 2760 747 2828 Oui
771 2765 852 2827 siin
876 2763 1002 2827 aedium
1027 2763 1232 2828 interioribus
1256 2784 1352 2828 suum
1376 2763 1490 2828 fnisset
1513 2764 1658 2843 μέγαρον,
1685 2783 1742 2826 cur
1769 2762 1876 2827 confu-

686 2872 787 2957 gisset
811 2871 845 2933 in
869 2866 1033 2934 tabulata?

731 2974 880 3060 intellegi
910 2978 1014 3061 igitur
1044 2997 1106 3040 non
1136 2982 1268 3060 possunt
1298 2997 1379 3061 quae
1409 2979 1442 3039 in
1474 2975 1615 3061 Odyssea
1644 2980 1823 3047 narrantur,
1848 2977 1876 3038 si

686 3086 827 3149 sumitur
855 3081 888 3146 id
919 3082 1004 3167 quod
1035 3082 1167 3159 assolet,
1200 3082 1305 3147 Ulixis
1336 3083 1428 3148 aedes
1454 3082 1602 3147 habuisse
1626 3081 1688 3146 duo
1713 3080 1877 3146 conclavia

685 3193 753 3261 sive
784 3188 929 3265 μέγαρα,
962 3188 1101 3254 alterum
1133 3191 1277 3254 virorum
1302 3188 1439 3254 alterum
1464 3187 1640 3253 mulierum
1664 3190 1749 3251 vitae
1773 3190 1877 3272 quoti-

685 3296 796 3361 dianae
820 3295 990 3371 destinata;
1014 3298 1116 3360 immo
1135 3294 1315 3361 luculenter
1335 3302 1423 3380 patet
1443 3298 1578 3382 priscam
1600 3293 1741 3359 fabulam
1760 3297 1876 3378 ipsam-

686 3424 747 3488 que
767 3404 839 3467 aevi
856 3402 974 3466 heroici
996 3404 1098 3467 vitam
1115 3423 1218 3467 unum
1236 3410 1363 3467 tantum
1376 3401 1533 3466 eiusmodi
1546 3400 1696 3467 conclave
1707 3404 1876 3486 cognitum

687 3508 835 3573 habuisse
862 3510 1051 3592 proprioque
1075 3508 1213 3586 μεγάρου
1237 3511 1365 3572 nominc
1389 3508 1581 3594 designasse.
1609 3505 1718 3570 Unum
1740 3507 1877 3584 μέγαρον

562 3673 567 3684 ,
686 3615 782 3698 idque
806 3616 1075 3699 spatiosissimum
1095 3614 1253 3680 habebant
1272 3636 1387 3701 regum
1408 3614 1499 3679 aedes
1519 3612 1719 3699 splendidae:
1739 3612 1876 3691 μέγαρον

686 3742 782 3785 suum
806 3723 1013 3805 quantumvis
1036 3728 1143 3786 artum
1167 3722 1326 3787 habebant
1349 3742 1526 3807 pauperum
1551 3720 1716 3795 tabernac,
1740 3720 1877 3784 habebat

685 3826 821 3893 idumaei
854 3830 1025 3913 tugurium
1042 3826 1075 3909 ¹),
1107 3829 1241 3893 habebat
1270 3827 1406 3893 Achillis
1429 3830 1604 3891 tentorium
1616 3827 1653 3906 ²).
1678 3824 1801 3910 Quippe
1824 3826 1875 3887 ho-

686 3934 801 3997 bitotur
824 3939 857 3997 et
879 3941 1001 3997 cenatur
1020 3936 1116 3999 etiam
1137 3937 1171 3998 in
1192 3956 1226 3999 re
1247 3936 1337 3999 tenui
1357 3948 1389 3998 et
1405 3936 1440 3997 in
1460 3932 1602 3998 aedicula
1621 3931 1858 4015 simplicissima
1865 3953 1873 4008 ;

687 4048 719 4107 et
738 4040 818 4104 hanc
837 4041 924 4118 voci,
946 4043 1037 4104 cuius
1056 4043 1146 4126 origo
1165 4040 1261 4121 latet,
1281 4042 1433 4125 primitus
1453 4042 1615 4124 propriam
1632 4039 1876 4122 luissepotesta-

687 4153 772 4222 tem,
792 4151 829 4209 ut
850 4145 1029 4210 cenationem
1049 4146 1260 4233 significaret,
1281 4149 1422 4231 suspicor
1442 4144 1592 4229 equidem
1606 4141 1640 4224 ³).
1668 4143 1736 4224 Quo
1749 4146 1876 4207 nomine

687 4251 766 4317 aliae
798 4252 925 4316 aedium
957 4258 1063 4336 partes
1093 4252 1226 4317 indicari
1257 4274 1320 4317 non
1352 4259 1515 4336 poterant,
1549 4250 1818 4336 quemadmodum
1844 4251 1878 4312 in

687 4360 817 4424 aedibus
836 4358 1063 4423 Britannorum
1088 4397 1130 4407 —
1154 4365 1192 4422 nt
1210 4359 1270 4423 hoc
1290 4368 1363 4423 utar
1381 4357 1528 4443 exemplo
1554 4396 1595 4406 -
1619 4355 1707 4421 aliud
1726 4355 1877 4420 conclave

690 4465 807 4530 dicitur
835 4466 883 4528 tle
906 4464 988 4541 tate,
1013 4465 1100 4529 aliud
1124 4486 1239 4529 nomen
1263 4465 1359 4530 habet
1384 4466 1432 4529 the
1456 4464 1697 4545 drawing-roem,
1721 4460 1877 4526 ridiculus

720 4773 748 4918 di
763 4771 856 4903 bullula·
877 4852 985 4915 ,at-,upon
1010 4855 1125 4903 Graecam
1142 4869 1204 4912 esee,
1223 4770 1290 4917 qudd)
1304 4770 1572 4918 rhlnlli'berhibnerunt,
1590 4851 1619 4901 ab
1636 4852 1751 4901 adiectiuo
1768 4849 1876 4913 μεγάλᾳ

684 4951 736 4985 arn
754 4939 899 5002 repetentes,
918 4937 1062 4986 confidenter
1080 4951 1147 5000 nego.
