5125 6150
1112 868 1155 914 Μ
1178 867 1294 914 0st
1318 868 1444 916 PATRIA.

868 1032 942 1109 πρὸς
967 1032 1137 1108 αἱματηρὸν
1161 1030 1305 1109 πέλανον,
1330 1028 1393 1107 είμι
1417 1038 1474 1095 τῶν
1498 1033 1583 1096 κοίτιι

869 1137 964 1217 Κόρης
987 1135 1120 1207 ἄνακτίς
1147 1139 1175 1198 τ’
1201 1137 1244 1207 τίς
1268 1137 1410 1210 ἄνηλίους
1434 1138 1543 1214 δόμους

869 1243 1040 1314 αίτιὶσομαί
1063 1263 1115 1306 τε·
1132 1240 1157 1321 ¹)

683 1355 858 1433 supersunt
899 1370 1026 1434 quoque
1060 1351 1093 1411 in
1135 1348 1242 1412 verbis
1278 1346 1371 1426 »πρὸς
1408 1347 1500 1413 αὐτὸν
1534 1350 1761 1427 οίνεκίμισε,”
1798 1371 1878 1435 quae

684 1455 856 1519 Fischerus
888 1475 904 1518 e
935 1453 1049 1518 Zenoh.
1080 1453 1095 1516 I
1130 1453 1171 1517 18
1205 1462 1277 1538 post
1307 1476 1421 1519 nomen
1454 1461 1609 1536 Ἡρακλῆς
1638 1459 1670 1519 in
1694 1455 1880 1541 Apollodori

684 1567 815 1626 textum
839 1563 983 1625 inseruit.

732 1665 815 1745 Quin
841 1668 941 1729 etiam
959 1664 1039 1729 aliae
1060 1664 1289 1748 discrepantiae
1309 1669 1445 1729 exstant.
1469 1663 1553 1731 Cum
1574 1668 1661 1730 enim
1681 1665 1765 1750 apud
1786 1665 1881 1751 Apol-

683 1771 835 1836 lodorum
860 1769 976 1856 Apollo
999 1769 1107 1834 Parcis
1129 1771 1311 1851 supplicarit
1334 1771 1509 1851 (ᾐτήσατο),
1534 1778 1571 1836 ut
1591 1771 1720 1835 Admeti
1741 1778 1880 1836 mortem

683 1875 898 1962 prolatarent,
933 1877 982 1940 bis
1013 1875 1097 1960 apud
1128 1874 1318 1959 Euripidem
1350 1879 1471 1940 mentio
1503 1876 1539 1940 fit
1570 1876 1608 1941 de
1641 1876 1712 1941 dolo
1742 1876 1880 1960 quodam

682 1981 790 2058 malo,
816 1981 993 2066 quoheres
1017 1980 1131 2044 Parcas
1155 1979 1309 2044 delusisse
1334 1980 1452 2045 dicitnr
1475 1991 1536 2060 (vs.
1564 1980 1615 2056 12,
1642 1980 1709 2061 37).

731 2086 844 2172 Neque
878 2089 1064 2172 ignoramus
1098 2086 1184 2150 hunc
1218 2084 1340 2150 dolum.
1375 2085 1529 2173 Aeschyli
1564 2089 1649 2151 enim
1687 2089 1720 2150 in
1755 2086 1879 2153 Orestia

683 2191 796 2271 (Eum.
825 2190 904 2272 731)
927 2192 1043 2256 chorus
1067 2189 1210 2275 Apollini
1234 2192 1361 2256 obiicit:

915 2297 954 2361 σιί
978 2320 1024 2360 τοι
1048 2297 1191 2367 παλαιοὶς
1214 2297 1363 2372 διανομὰς
1387 2296 1590 2376 καταφθίσας

915 2401 981 2482 οίντρ
1005 2401 1234 2480 παρηπάτησας
1258 2400 1399 2480 οίρχαίας
1423 2403 1506 2473 ίεοίς.

684 2506 868 2573 Scholiasta
897 2509 1028 2593 insuper
1058 2507 1098 2571 ad
1127 2528 1174 2571 vs.
1201 2505 1266 2572 726
1290 2509 1473 2571 annotavit:
1499 2507 1563 2587 οίνιρ
1587 2507 1651 2587 γὰρ
1675 2510 1798 2579 ταύτας
1823 2514 1881 2572 τῶν

685 2616 848 2691 λογισμῶν
871 2613 1052 2690 ἐπαγαγὼν
1078 2612 1248 2692 ἐξῃτήσατο
1268 2611 1438 2690 Ἄδμητον.

733 2720 903 2785 Postremo
927 2718 1160 2784 observandum
1184 2725 1233 2783 est
1255 2721 1289 2782 in
1312 2718 1418 2783 fabula
1441 2718 1615 2803 Euripides
1636 2719 1754 2784 frustra
1773 2721 1882 2804 quaeri

685 2828 935 2910 intempestivae
966 2826 1098 2890 Admeti
1126 2827 1243 2889 mortis
1266 2831 1512 2909 argumentum,
1538 2825 1621 2908 quod
1646 2847 1663 2889 e
1686 2824 1882 2890 Bibliotheca

687 2929 876 3016 Apollodori
899 2932 1128 3015 cognovimus,
1153 2950 1267 3014 nempe
1291 2928 1427 2993 Dianam
1450 2932 1483 2993 in
1504 2929 1665 2994 sacrificiis
1682 2929 1881 3014 nuptialibus

686 3057 756 3102 esse
788 3038 1003 3120 praeteritam.
1035 3035 1186 3115 Quinimo
1217 3033 1406 3120 Euripidem
1430 3035 1526 3100 aliam
1552 3037 1708 3100 rationem
1734 3042 1881 3100 secutum

687 3163 756 3206 esse
793 3148 939 3225 apparet,
976 3161 1037 3226 qua
1071 3141 1228 3204 Admetus
1264 3140 1317 3205 vel
1352 3144 1421 3205 eius
1456 3162 1537 3205 uxor
1571 3162 1633 3204 non
1665 3144 1775 3205 statim
1808 3147 1882 3225 post

687 3249 820 3331 nuptias
842 3244 920 3312 laesi
943 3250 1086 3310 numinis
1109 3250 1199 3310 iussu
1224 3267 1240 3309 e
1261 3248 1329 3310 vita
1352 3245 1542 3321 discederet,
1567 3246 1621 3310 sed
1645 3245 1767 3331 aliquot
1790 3248 1881 3310 annis

687 3361 779 3438 post,
804 3372 879 3415 curn
902 3350 982 3415 duos
1003 3353 1070 3414 iam
1093 3350 1209 3415 liberos
1231 3353 1428 3435 genuissent.

733 3456 890 3520 Videmus
912 3458 1017 3541 igitur
1040 3456 1285 3539 discrepantiam
1305 3476 1323 3519 a
1343 3455 1477 3519 Webero
1494 3460 1565 3539 post
1585 3454 1664 3519 alios
1683 3458 1716 3518 in
1737 3455 1881 3520 Platonis

686 3564 849 3631 Convivio
882 3562 1080 3626 observatam
1112 3581 1210 3625 unam
1242 3581 1310 3625 esse
1341 3582 1357 3625 e
1385 3561 1487 3622 moltis
1519 3561 1768 3637 variationibus,
1800 3581 1881 3645 quae

685 3669 940 3754 pedetemptim,
964 3665 1168 3731 volventibus
1193 3663 1346 3740 saeculis,
1370 3668 1404 3728 in
1427 3664 1552 3730 fabulae
1575 3674 1804 3751 argumentum
1829 3665 1881 3730 ad·

685 3773 824 3838 modurn
858 3770 996 3855 simplex
1029 3775 1234 3856 irrepserunt.
1270 3770 1392 3855 Magna
1427 3773 1513 3834 enim
1546 3771 1643 3835 huius
1674 3771 1781 3857 mythi
1814 3779 1881 3834 erat

683 3879 792 3954 sama,
835 3877 980 3962 quodque
1019 3877 1134 3943 chorus
1173 3875 1329 3941 Alcestidi
1368 3883 1512 3940 mortuae
1546 3876 1723 3941 valedicens
1765 3877 1880 3940 cecinit

684 3992 750 4063 (vs.
776 3982 843 4046 445
860 3988 959 4067 sqq.):

1106 4072 1210 4137 πολλοί
1233 4095 1270 4135 σε
1293 4070 1476 4148 μουσοπόλοι

829 4177 983 4254 μίλψουσι
1008 4179 1076 4240 καθ’
1100 4175 1268 4240 ἓττοίτονίν
1292 4176 1322 4237 τ’
1346 4175 1443 4253 ὀρείαν

827 4280 926 4361 χέλυν
950 4282 980 4345 ἐν
1004 4283 1033 4344 τ’
1057 4281 1177 4359 ιίλύροις
1203 4279 1341 4349 κλίοντες
1366 4276 1466 4355 ὕμνοις

829 4385 963 4468 Στοίρτρι
987 4384 1097 4454 κύκλος
1123 4386 1215 4449 οίνίκα
1240 4386 1383 4464 Καρνείου
1407 4384 1612 4464 περινίσσεται
1636 4380 1713 4461 ὥρας

829 4492 995 4568 λιπαραῖσί
1017 4495 1047 4553 τ’
1072 4493 1101 4552 ἐν
1125 4490 1248 4565 ὀλβίαις
1273 4489 1438 4565 Ἀίοίναις,

689 4603 778 4662 aetas
810 4596 969 4680 probavit.
1001 4596 1195 4661 Testimonio
1226 4598 1268 4659 sit
1298 4593 1451 4679 populare
1481 4615 1609 4659 carmen
1633 4595 1725 4657 cuius
1748 4595 1880 4657 initium

689 4703 836 4766 servavit
859 4703 1085 4787 Aristophanes
1108 4700 1201 4785 Vesp.
1228 4699 1314 4763 1239
1339 4706 1426 4777 (cum
1450 4699 1603 4778 scholio):

725 4885 753 4946 l)
776 4883 844 4931 Haec
867 4882 960 4931 fabulae
983 4883 1062 4946 imago
1083 4882 1205 4932 invenitur
1221 4881 1247 4929 in
1263 4880 1409 4945 sarcophago
1427 4880 1541 4929 Ostiensi.
1558 4878 1652 4944 Inspice
1669 4878 1884 4942 Archaeologische

691 4964 839 5024 liurchen,
857 4965 884 5013 (t.
902 4964 1007 5022 Robert,
1024 4979 1048 5029 p.
1067 4963 1122 5015 l'll.
