5125 6150
820 808 882 873 loo
1339 827 1480 875 rscrros.

858 989 1019 1055 Herodoto
1051 998 1177 1055 auctore
1210 989 1390 1056 Alexander
1422 990 1553 1056 Macedo
1585 990 1745 1055 Mardonii
1772 991 1879 1056 verbis
1902 992 1999 1057 Athe·

813 1098 975 1162 niensibus
999 1103 1124 1161 tantum
1149 1118 1210 1161 non
1233 1100 1304 1162 suri
1328 1104 1452 1162 montes
1474 1096 1643 1183 pollicetur
1666 1096 1838 1163 dummodo
1857 1120 1998 1164 commu-

811 1225 885 1268 nem
909 1202 1059 1269 Graeciae
1083 1224 1210 1267 causam
1234 1207 1386 1268 omittant
1408 1207 1555 1290 regisque
1578 1203 1748 1270 Persarum
1771 1203 1849 1269 fiant
1871 1208 1960 1270 socii.

859 1313 902 1375 At
925 1309 1154 1375 Demosthenes
1177 1311 1253 1376 haec
1276 1310 1390 1375 habet:

859 1417 985 1495 εὑρὺοιιει
1019 1418 1081 1494 γὰρ
1112 1416 1309 1504 (Philippus)
1341 1415 1411 1489 πιὺς
1447 1416 1502 1492 μὲν
1535 1415 1696 1497 ὑμετέρους
1727 1415 1902 1496 προγὺνονι,
1934 1416 1997 1495 ε’ξὺν

812 1527 918 1598 οιὺτοῖς
942 1531 1000 1589 τῶν
1017 1530 1128 1588 λοιπῶν
1147 1525 1255 1604 ἄρχειν
1275 1526 1431 1599 Ἐλλήνων
1450 1522 1520 1589 ὑπ’
1542 1525 1654 1598 οιὺποὺς
1675 1523 1838 1590 ὑπακούειν
1856 1524 1995 1603 βασιλεῖ,

811 1634 843 1697 οὑ
868 1632 957 1708 μόνον
980 1634 1033 1698 οὑκ
1056 1631 1288 1710 οὑνοοοχομὲνους
1312 1631 1364 1695 πὺν
1387 1630 1479 1708 λόγον
1504 1635 1619 1711 ποὺπον,
1644 1631 1719 1708 ἡνίκ’
1744 1624 1831 1704 ἦλθεν
1851 1629 1997 1708 Ἀλέξαν-

812 1737 876 1818 δρορ
898 1740 911 1804 ὑ
935 1738 1047 1804 ποὺποιν
1071 1738 1121 1818 (Ιι.
1146 1738 1267 1817 τούτου)
1293 1738 1437 1815 πρόγονος
1462 1738 1528 1815 περὶ
1554 1740 1667 1804 ποὺποιν
1691 1735 1784 1818 κήρυΕ
1806 1737 1871 1803 xri.

858 1844 1046 1925 „Traditum
1075 1852 1123 1910 est
1154 1846 1193 1910 ab
1222 1845 1393 1910 historico”
1426 1844 1549 1910 Pollius
1573 1849 1618 1910 ait
1642 1848 1815 1930 „petivisse
1838 1845 1878 1909 ab
1902 1845 1995 1909 Athe

809 1953 973 2017 aiensibus
991 1951 1208 2018 Alexandrum
1228 1960 1264 2017 ut
1281 1955 1366 2039 regis
1383 1951 1495 2017 fierent
1513 1952 1587 2015 coeii
1598 1952 1701 2030 literi3
1720 1959 1753 2016 at
1766 1951 1993 2016 Demosthenes

810 2057 902 2123 finxit
933 2079 1050 2144 equam
1077 2064 1257 2144 terramque
1279 2057 1457 2144 postulasse
1481 2080 1556 2124 eum
1580 2066 1611 2122 et
1629 2057 1752 2140 plenum
1769 2058 1993 2143 perfectamque

809 2166 997 2230 deditionem.
1028 2165 1167 2242 Revera,
1200 2167 1226 2228 si
1255 2162 1375 2251 logices
1398 2165 1554 2230 habemus
1578 2166 1752 2242 rationem,
1777 2167 1822 2228 sic
1845 2167 1915 2248 ipse
1938 2162 1995 2227 De

809 2273 990 2338 mosthenes
1013 2273 1081 2338 vim
1104 2274 1287 2358 argumenti
1311 2274 1362 2336 sui
1385 2270 1542 2348 infirmat,
1567 2292 1641 2336 nam
1666 2292 1729 2356 quo
1747 2270 1845 2334 minua
1864 2272 1992 2335 οὑὺοονπ

809 2379 906 2443 fuerit
936 2380 1060 2463 antiqui
1082 2377 1172 2442 illius
1196 2376 1378 2442 Macedonis
1401 2376 1619 2463 postulatum,
1644 2377 1728 2462 quod
1752 2383 1860 2441 tamen
1886 2376 1993 2460 proavi

808 2483 1031 2550 Demosthenis
1049 2490 1117 2549 tam
1137 2504 1231 2571 aegre
1252 2483 1404 2561 tulerint,
1424 2506 1460 2548 eo
1477 2485 1599 2565 pravior
1619 2482 1655 2547 fit
1675 2503 1769 2548 causa
1781 2503 1838 2548 our
1849 2482 1993 2547 hodierni

807 2591 1016 2657 Athenienses
1040 2591 1191 2656 hodierno
1214 2593 1285 2676 regi
1308 2590 1520 2655 Macedonum
1542 2592 1637 2655 irasci
1661 2589 1795 2655 debeant
1817 2590 1991 2654 amicitiam

808 2719 919 2763 eorum
942 2699 1073 2782 petenti.
1099 2699 1142 2761 At
1163 2695 1303 2782 logicam
1326 2703 1427 2761 artem
1447 2717 1548 2783 neque
1566 2699 1633 2782 ipse
1653 2703 1744 2761 curat
1762 2695 1992 2761 Demosthenes

807 2825 908 2889 neque
931 2809 1117 2869 curaturum
1142 2808 1234 2887 putat
1256 2802 1414 2889 populum
1438 2825 1533 2888 quem
1557 2801 1742 2888 alloquitur.
1766 2802 1811 2867 Ut
1835 2804 1924 2866 euim
1947 2806 1993 2865 est

806 2910 940 2976 callidus
964 2930 1088 2994 usuque
1107 2909 1218 2974 doctus
1238 2912 1418 2974 animorum
1438 2909 1642 2995 popularium
1661 2909 1773 2986 iudex,
1794 2910 1887 2973 novit
1905 2927 1938 2971 se
1957 2926 1992 2970 eo

807 3039 869 3103 quo
887 3015 1011 3093 tendat,
1031 3036 1145 3101 nempe
1163 3019 1200 3080 ut
1219 3016 1427 3082 Athenienses
1446 3019 1479 3080 iu
1491 3014 1680 3102 Philippum
1692 3013 1852 3092 incendat,
1871 3016 1991 3099 optime

805 3131 1052 3210 perventurum,
1073 3125 1100 3187 si
1124 3144 1220 3208 quem
1244 3122 1384 3209 plurima
1407 3122 1539 3209 colligat
1561 3121 1716 3189 vocabula
1737 3126 1802 3187 irae
1826 3124 1860 3185 in
1886 3120 1990 3185 Mace·

806 3230 902 3296 dones
925 3229 1100 3295 movendae
1123 3229 1228 3315 apta.”

850 3336 1024 3421 Equidem,
1056 3358 1095 3401 ne
1125 3336 1201 3422 quid
1230 3336 1446 3413 dissimulem,
1471 3336 1613 3402 Pollium
1636 3336 1859 3401 Demosthenis
1883 3334 1988 3400 locum

801 3444 917 3509 leviter
940 3444 1108 3507 detorsisse
1131 3450 1208 3528 puto
1233 3465 1295 3527 quo
1318 3466 1376 3508 suo
1399 3445 1488 3509 fieret
1508 3446 1666 3530 proposito
1685 3446 1799 3529 aptior,
1821 3442 1875 3507 sed
1897 3439 1988 3507 facile

802 3551 862 3614 hoc
890 3550 1039 3626 ferimus,
1072 3552 1222 3635 quoniam
1254 3552 1299 3614 sic
1326 3571 1435 3615 revera
1458 3549 1509 3613 illi
1532 3553 1718 3634 aptissimus
1741 3550 1844 3614 factus
1866 3557 1932 3624 est,
1957 3557 1989 3612 et

803 3658 954 3741 quoniam
973 3657 1042 3740 ipsa
1061 3677 1126 3732 res,
1151 3676 1246 3740 quam
1270 3654 1395 3720 Polhus
1419 3655 1525 3733 docet,
1549 3662 1598 3720 est
1620 3658 1797 3721 verissima.
1822 3655 1859 3719 ln
1887 3656 1988 3739 quoti-

803 3762 896 3827 diano
926 3782 1086 3839 sermone,
1117 3763 1146 3824 si
1175 3764 1200 3825 ii
1230 3783 1308 3846 quos
1339 3761 1535 3846 alloquimur
1564 3761 1670 3846 aliquo
1700 3761 1792 3826 modo
1822 3769 1900 3825 sunt
1923 3760 1987 3825 affi-

802 3867 917 3944 ciendi,
950 3887 1041 3953 saepe
1073 3888 1168 3951 quam
1200 3867 1340 3952 plurima
1370 3868 1525 3933 vocabula
1556 3889 1794 3943 coacervamus,
1827 3888 1909 3951 quae
1936 3866 1988 3932 illi

802 3975 927 4040 affectui
950 3980 1026 4038 sunt
1047 3983 1198 4060 cognata,
1222 3976 1428 4040 immemores
1451 3978 1496 4039 sic
1519 3995 1574 4040 nos
1597 3995 1689 4060 saepe
1709 3975 1987 4039 demonstrationis

801 4088 925 4147 nostrae
949 4083 1017 4145 vim
1039 4078 1215 4144 debilitare.
1240 4081 1328 4146 Dabo
1351 4081 1535 4166 exemplum
1559 4103 1598 4146 ex
1620 4084 1689 4167 ipsa
1713 4085 1780 4147 vita
1800 4091 1989 4166 sumptum,

802 4187 885 4274 quod
909 4189 1037 4273 egregie
1061 4185 1245 4272 popularem
1267 4186 1363 4251 illum
1386 4208 1524 4252 errorem
1547 4193 1634 4266 (nam
1654 4209 1739 4253 error
1758 4188 1922 4253 vocandus
1941 4195 1990 4254 est

802 4298 829 4359 si
858 4293 980 4379 logices
1009 4293 1163 4357 hahemus
1186 4295 1355 4375 rationem)
1378 4293 1538 4359 illustrare
1561 4294 1718 4358 videatur.
1742 4294 1807 4359 Nos
1832 4297 1859 4358 si
1884 4295 1989 4359 dicere

800 4400 953 4466 volumus
986 4400 1149 4464 hominem
1185 4400 1325 4485 aliquem
1360 4398 1561 4465 lenissimum
1596 4422 1663 4465 esse
1697 4403 1989 4486 mitissimumque,

801 4528 893 4593 saepe
925 4508 970 4570 sic
998 4505 1036 4570 de
1066 4527 1102 4570 eo
1133 4505 1314 4590 loquimur:
1347 4529 1406 4584 „ue
1437 4528 1573 4593 puerum
1604 4506 1733 4592 quidem
1756 4505 1884 4571 laeserit
1909 4507 1988 4572 ille'’

801 4612 854 4677 vel
892 4634 952 4689 „ne
981 4612 1119 4699 gallinae
1151 4613 1279 4697 quidem
1312 4615 1474 4679 nocuerit”
1506 4614 1559 4678 vel
1591 4635 1650 4691 „ne
1683 4634 1826 4679 muscam
1856 4614 1990 4698 quidem

801 4719 982 4785 occiderit.'’
1003 4719 1125 4784 Revera
1145 4727 1321 4784 extremam
1341 4719 1544 4785 clementiam
1563 4720 1791 4805 lenitatemque
1808 4721 1859 4784 his
1879 4722 1989 4786 verbis

801 4848 859 4888 ιιοιι
879 4826 1097 4890 describimus.
1125 4825 1234 4891 Potest
1255 4847 1322 4891 esse
1343 4826 1459 4911 aliquis
1478 4825 1651 4891 admodum
1672 4826 1808 4891 crudelis
1827 4834 1858 4890 et
1878 4835 1989 4892 tamen

801 4953 863 4996 non
881 4931 991 4996 eadem
1011 4954 1073 5017 qua
1089 4931 1293 4999 Domitianus
1312 4953 1346 4998 re
1366 4932 1530 5012 delectari,
1554 4938 1658 5019 potest
1677 4952 1744 4999 esse
1763 4933 1861 4997 durus
1882 4954 1989 5018 neque
