5125 6150
786 816 851 882 306
1219 830 1351 879 neonus
1374 830 1528 879 cononis.

784 996 978 1062 Plutarchus
1009 993 1093 1059 dixit
1117 995 1154 1057 de
1177 994 1248 1057 Sero
1272 994 1417 1058 Nominis
1447 995 1589 1058 Vindicta
1611 1016 1643 1079 p.
1669 994 1794 1061 564D:
1819 995 1979 1075 σύμβολον

786 1102 818 1168 ii
850 1125 894 1166 σοι
925 1105 975 1166 νῦν
1006 1099 1059 1164 καί
1093 1096 1175 1172 αὖθις
1207 1096 1264 1166 Ira
1296 1100 1331 1165 τὸ
1362 1100 1421 1171 τοὶς
1454 1101 1567 1180 ψυχας
1599 1102 1658 1165 τῶν
1689 1102 1873 1176 τεθνηκότων
1896 1104 1979 1180 μήτε

786 1208 877 1273 σκιίον
906 1214 1001 1271 ποιεῖν
1023 1206 1104 1282 μήτε
1130 1204 1391 1284 σκαρδαμύττειν,
1417 1227 1513 1290 quem
1534 1206 1643 1271 locum
1667 1206 1800 1293 longius
1824 1212 1979 1275 excitavit

786 1319 818 1379 et
849 1318 1011 1399 praeterea
1035 1311 1302 1397 wyttenbachius
1333 1311 1469 1376 conferri
1492 1313 1611 1396 poterit
1635 1334 1665 1397 p.
1691 1311 1757 1377 433
1781 1312 1839 1377 Ed.
1865 1312 1978 1390 Onon,

786 1440 883 1505 quem
913 1424 1019 1483 tamen
1044 1419 1144 1482 miror
1167 1438 1230 1480 non
1252 1437 1321 1481 esse
1344 1422 1529 1481 assecutum
1552 1417 1629 1501 quid
1654 1424 1736 1482 esset
1759 1419 1844 1503 quod
1868 1440 1980 1484 manes

785 1547 849 1590 non
879 1524 1059 1589 dicerentur
1088 1521 1357 1602 οκαρδαμύττειν;
1389 1522 1474 1586 idem
1498 1529 1605 1587 tamen
1629 1523 1735 1588 multa
1757 1527 1917 1609 congessit
1940 1530 1978 1588 ut

786 1632 933 1717 probaret
951 1634 1024 1692 tum
1043 1626 1218 1692 secundum
1236 1627 1408 1692 Persarum
1427 1648 1540 1712 magos
1562 1633 1633 1691 tum
1654 1628 1739 1712 apud
1754 1630 1977 1715 Pythagoreos

784 1737 952 1801 beatorum
980 1736 1102 1798 animas
1131 1738 1204 1819 post
1228 1739 1368 1798 mortem
1391 1734 1481 1796 σκιιὶν
1506 1736 1550 1809 μίν
1575 1740 1680 1797 ποιεῖν.
1704 1731 1821 1800 Contra
1844 1737 1872 1798 si
1895 1735 1978 1796 ον’-σον

784 1842 899 1906 umbra
921 1861 983 1905 non
1006 1843 1201 1922 sequeretur,
1226 1844 1320 1904 vetus
1344 1844 1412 1904 erat
1436 1841 1544 1923 opinio
1565 1838 1660 1924 vulgi
1681 1839 1823 1904 divinam
1843 1860 1978 1923 poenam

784 1965 952 2030 esse,qua
975 1944 1013 2009 de
1036 1964 1167 2008 recum
1190 1943 1290 2008 multi
1314 1943 1370 2008 alii
1394 1949 1491 2009 testes
1515 1944 1629 2009 adduci
1654 1951 1796 2029 possunt,
1822 1951 1893 2009 tum
1919 1945 1980 2009 Po-

783 2053 893 2140 lybius
915 2050 990 2115 XVI
1012 2048 1099 2115 127
1123 2056 1155 2114 et
1177 2050 1352 2115 Pausanias
1371 2049 1447 2115 VIII
1468 2050 1520 2116 38.
1546 2052 1651 2137 Atque
1674 2054 1720 2116 sic
1743 2053 1979 2136 superstitionis

783 2159 920 2223 historia
954 2154 1123 2241 aliquando
1158 2157 1197 2220 ab
1232 2155 1340 2240 aliquo
1376 2153 1518 2221 Gaxtone
1549 2159 1672 2241 pertexi
1704 2158 1821 2241 poterit
1851 2156 1889 2221 ab
1920 2156 1978 2221 illo

785 2261 1030 2349 Damayantidis
1052 2262 1251 2345 eoajomvoro,
1275 2282 1350 2326 nam
1373 2263 1541 2346 proprium
1564 2282 1679 2326 nomen
1702 2283 1760 2327 nec
1783 2259 1897 2328 Graeci
1921 2283 1979 2326 nec

784 2369 923 2434 Romani
944 2368 1081 2443 habent,
1105 2388 1206 2452 usque
1229 2367 1269 2431 ad
1292 2367 1428 2432 Petrum
1451 2365 1640 2432 Schlemihl.

829 2474 974 2559 Denique
1004 2474 1098 2537 venio
1130 2472 1169 2536 ad
1198 2480 1336 2557 ραονίιινο
1366 2475 1497 2559 signum
1527 2471 1719 2538 corollarum
1750 2473 1882 2538 deorum
1913 2494 1977 2537 non

783 2581 1058 2647 marcescentium.
1095 2576 1261 2643 Nimirum
1297 2582 1454 2663 quantam
1488 2579 1570 2643 mihi
1605 2582 1794 2663 comparuit,
1830 2580 1975 2645 nondum

784 2688 988 2753 observatum
1012 2684 1074 2748 suit
1097 2704 1133 2748 ea
1156 2686 1189 2747 in
1213 2705 1246 2748 re
1266 2683 1353 2748 indis
1373 2685 1542 2749 convenire
1561 2704 1636 2748 cum
1655 2684 1847 2771 Aegyptiis,
1866 2706 1975 2770 quem-

784 2790 958 2858 admodum
990 2794 1076 2853 certo
1105 2790 1256 2853 convenit
1287 2788 1325 2852 de
1349 2787 1485 2852 secundo
1508 2791 1601 2875 signo
1624 2794 1656 2853 et
1680 2788 1718 2854 de
1742 2792 1835 2854 tertio
1860 2796 1892 2855 et
1915 2791 1977 2855 sor·

784 2904 867 2962 tasse
886 2896 984 2959 etiam
1003 2893 1042 2958 de
1062 2895 1185 2978 quinto.
1209 2892 1272 2956 Hic
1293 2914 1429 2977 provoco
1448 2894 1486 2958 ad
1505 2893 1710 2959 Hellanioum
1730 2897 1786 2979 qui
1798 2895 1975 2961 secundum

784 3001 986 3066 Athenaeum
1018 2997 1077 3062 XV
1109 3020 1139 3083 p.
1165 2994 1267 3062 679F
1300 2998 1368 3078 περί
1392 3001 1450 3062 τῶν
1473 3001 1522 3064 oiri
1546 3001 1713 3065 οίνθούντιον
1736 3001 1879 3077 τεφοίνιον
1897 3001 1974 3066 haec

783 3109 912 3191 scripsit
942 3107 973 3168 ἕν
1003 3112 1064 3175 τοῖς
1097 3105 1344 3181 λίγυττιακοῖς·
1377 3106 1471 3177 Πθλις
1503 3108 1695 3182 ἐπιποταμίη
1724 3106 1844 3171 Τίνδιον
1867 3106 1973 3185 θνομοο.

784 3211 864 3286 αὕτη
897 3213 967 3274 θεῶν
998 3211 1146 3287 θμύνυρις
1175 3210 1227 3272 καί
1253 3210 1328 3288 ίερθν
1352 3208 1440 3288 μίγα
1466 3211 1518 3273 καί
1547 3211 1642 3288 cirris
1667 3212 1697 3275 ἓν
1719 3211 1800 3293 μίσρ
1822 3222 1860 3292 τῇ
1885 3210 1973 3277 τθλει

784 3317 892 3382 λίθινον
916 3315 967 3380 καί
994 3314 1120 3394 θύρετρα
1144 3312 1253 3378 λίθινα.
1279 3313 1335 3378 ἶσοι
1356 3319 1408 3378 τοῦ
1429 3316 1505 3394 tepea
1527 3313 1659 3380 σ’ίκανθαι
1680 3316 1843 3396 πεφύκασι
1864 3316 1973 3381 λευκαί

784 3422 836 3486 καί
860 3422 1017 3499 μέλαιναι.
1051 3421 1099 3484 ἐπ’
1123 3420 1235 3491 αύταῒς
1261 3420 1287 3483 οί
1310 3418 1438 3500 ripaue
1464 3420 1692 3497 ἐπιβέβληνται
1718 3421 1778 3486 οἶνοι
1802 3429 1857 3495 τῆς
1879 3424 1975 3487 οὶκοίν-

783 3530 833 3593 θον
865 3533 917 3592 τοῦ
948 3528 1054 3598 ἄνθους
1085 3527 1137 3590 καί
1169 3529 1246 3605 ρὀιΐις
1279 3524 1383 3597 ἄνθους
1416 3526 1467 3591 καί
1500 3527 1645 3603 οίμτίλου
1671 3528 1894 3607 πεπλεγμένοι.
1919 3529 1972 3592 καί

784 3630 862 3698 οὗτοι
888 3633 951 3696 οίεί
972 3631 1168 3696 θνθίουσι.
1193 3633 1263 3702 τοὺς
1286 3630 1439 3710 νεφοίνους
1461 3632 1610 3697 οίτίθεντο
1629 3636 1654 3698 oi
1675 3635 1731 3698 θεοί
1754 3635 1784 3697 ἓν
1804 3635 1973 3712 λίνύττῳ,

783 3736 943 3812 τυθθμενυν
973 3736 1153 3816 βασιλεύειν
1185 3735 1302 3815 Βοίβυν,
1333 3732 1363 3808 ὅς
1389 3737 1433 3804 iss
1456 3742 1583 3818 Τυφῶν.
1608 3739 1712 3804 Irocus
1736 3739 1819 3803 male
1841 3739 1973 3803 habitus

782 3849 846 3923 est;
879 3843 935 3908 sed
966 3845 1043 3907 satis
1065 3840 1282 3928 inteIIIgn'mus
1306 3864 1436 3907 coronas
1461 3843 1603 3927 quotidie
1628 3845 1666 3908 ab
1690 3844 1904 3909 sacerdotibus
1927 3865 1974 3908 re-

782 3956 915 4015 novatas
958 3950 1073 4024 faisse,
1112 3946 1235 4012 scilicet
1275 3970 1314 4013 ne
1347 3955 1577 4014 marcescerent
1611 3971 1687 4034 quas
1724 3950 1769 4014 dii
1803 3949 1992 4035 aliquando,

781 4062 970 4141 gestassent.
995 4053 1118 4137 Nempe
1138 4053 1222 4137 apud
1242 4053 1377 4118 eundem
1398 4055 1599 4120 Athenaeum
1619 4055 1647 4119 V
1664 4078 1694 4140 p.
1711 4055 1811 4120 196Ε
1831 4054 1974 4140 legimus

781 4162 815 4224 in
839 4161 989 4246 Aegypto
1012 4159 1082 4223 ούτε
1106 4156 1186 4235 ῥθθον
1206 4158 1275 4222 ούτε
1301 4160 1436 4223 λευκθιόν
1460 4159 1525 4223 οὔτ’
1548 4160 1629 4224 ἄλλο
1652 4160 1758 4244 ῥᾳδίοις
1783 4160 1869 4233 οίνθος
1895 4161 1976 4224 ἔκλι-

782 4273 851 4330 τεῖν
874 4265 956 4329 οὐδὲν
980 4263 1117 4328 οὐδέποτ’
1141 4264 1271 4328 είοιθίναι
1299 4270 1395 4348 atque
1418 4265 1463 4328 sic
1487 4268 1586 4330 etism
1611 4267 1696 4330 κατθο
1716 4266 1810 4341 με’συν
1829 4272 1973 4346 χειμῶνα

781 4392 909 4436 omnem
940 4372 1067 4434 narium
1095 4371 1220 4454 copiam
1244 4371 1387 4434 convivis
1411 4371 1588 4454 praebitam
1613 4372 1720 4436 fuisse.
1752 4370 1972 4456 Multiplicem

781 4474 896 4539 florum
919 4481 951 4539 et
974 4473 1166 4539 corollarum
1186 4495 1282 4538 usum
1305 4474 1389 4558 apud
1413 4477 1591 4562 Aegyptios
1615 4480 1761 4562 exposuit
1784 4476 1973 4542 Franciscas

782 4579 900 4666 deig
922 4582 956 4644 iu
977 4580 1059 4646 libro
1082 4582 1119 4643 de
1141 4581 1234 4644 Floro
1258 4580 1449 4664 Αορρροίθσοσ,
1476 4580 1561 4667 Lips.
1589 4581 1686 4646 1886.
