5125 6150
1115 790 1256 837 rscrrus.
1735 772 1777 839 99

582 956 720 1020 Senecae
752 955 969 1040 dignationem
1003 955 1105 1020 Burro
1135 960 1309 1021 retentam:
1335 956 1460 1021 Plinius
1483 961 1515 1022 st
1540 955 1676 1023 Cluvius
1700 954 1783 1021 nihil

583 1062 772 1126 dubitatum
796 1062 833 1125 de
858 1061 918 1125 fide
942 1062 1094 1145 praefecti
1119 1063 1261 1126 referunt
1283 1111 1379 1128 .....
1404 1064 1469 1126 Nos
1492 1085 1660 1126 comensem
1683 1069 1782 1125 aucto·

583 1190 649 1230 rum
674 1167 823 1244 secuturi,
848 1190 923 1251 quac
947 1168 1067 1230 diuerso
1086 1169 1280 1249 prodiderint
1304 1170 1356 1231 sud
1380 1169 1546 1232 nominibus
1570 1169 1782 1250 1333333133-

583 1276 694 1337 dcmne.
727 1275 810 1337 Ante
841 1281 993 1335 auctorum
1028 1274 1240 1358 Nipperdeius
1275 1275 1479 1338 inserendum
1514 1277 1628 1338 statuit
1659 1276 1780 1351 133333,

582 1400 720 1462 eamque
751 1382 968 1442 coniecturam
1001 1400 1061 1442 non
1095 1386 1261 1463 tamquam
1292 1382 1447 1444 incertam
1477 1383 1509 1444 in
1535 1380 1618 1444 calce
1642 1382 1778 1465 paginae

581 1487 849 1549 commemorarit
873 1485 927 1548 sed
952 1491 1118 1568 tamquam
1141 1484 1221 1549 nulli
1246 1486 1440 1549 dubitationi
1463 1486 1632 1550 obnoxiam
1656 1488 1689 1547 in
1713 1493 1779 1549 tex-

582 1599 655 1654 tum
680 1593 808 1674 recepit.
844 1590 902 1654 Est
926 1598 1035 1653 autem
1059 1611 1120 1654 non
1144 1589 1249 1654 solum
1272 1593 1442 1655 temeraria
1464 1597 1497 1655 31
1517 1590 1620 1655 audax
1645 1590 1699 1654 sed
1723 1589 1778 1653 fal·

580 1698 720 1761 sissima.
753 1695 837 1759 Beue
868 1698 954 1759 enim
986 1694 1217 1760 demonstravit
1247 1695 1416 1761 Furncaun
1449 1698 1616 1780 participio
1646 1694 1776 1758 cenitari

581 1823 647 1865 non
675 1800 781 1864 solum
798 1803 943 1883 ,fecerum
968 1806 1096 1884 tempus
1119 1801 1251 1865 iudicari
1276 1801 1331 1865 sed
1355 1809 1384 1864 et
1407 1804 1616 1886 praeteritum
1640 1809 1669 1863 et
1691 1802 1778 1864 futu·

580 1928 656 1970 rum
682 1909 853 1982 contineri,
878 1909 922 1969 sic
947 1907 1028 1970 fers:
1055 1905 1347 1989 „quemadmodum
1373 1909 1526 1971 hacteuus
1551 1929 1624 1970 sum
1648 1912 1776 1970 secutus

580 2015 629 2077 ita
659 2013 790 2095 posthac
821 2011 967 2096 sequar.’'
1000 2011 1082 2075 Nam
1108 2014 1135 2075 si
1159 2013 1230 2075 inde
1253 2015 1289 2074 ab
1313 2014 1366 2074 doc
1390 2013 1452 2076 dcco
1476 2034 1509 2077 ss
1533 2013 1689 2088 Fabium,
1712 2011 1777 2075 Pli-

580 2121 691 2194 nium,
717 2116 873 2183 Oluvium
898 2126 1085 2181 secuturum
1105 2117 1235 2182 Tacitus
1254 2118 1461 2196 declarasset,
1489 2118 1522 2182 id
1550 2121 1579 2183 ei
1606 2118 1776 2180 accuratius

580 2229 651 2287 erat
681 2222 937 2307 significandum.
971 2222 1054 2286 Tum
1087 2224 1134 2287 fac
1165 2243 1239 2287 eum
1272 2223 1310 2286 de
1341 2224 1450 2287 futuro
1481 2230 1609 2288 tantum
1634 2225 1777 2308 cogitare

581 2333 745 2412 tempore:
778 2348 896 2412 magna
918 2348 994 2412 ergo
1018 2331 1180 2413 gravitate
1204 2331 1391 2413 pronuntiat
1414 2350 1447 2394 se
1470 2331 1505 2392 iu
1528 2336 1693 2413 posterum
1717 2329 1776 2392 lac-

581 2440 693 2498 turum
729 2457 851 2514 semper,
887 2433 920 2497 id
956 2433 1041 2518 quod
1076 2455 1185 2498 revera
1216 2434 1370 2497 rarissime
1402 2435 1486 2499 fecit.
1519 2434 1580 2513 Qui
1612 2438 1698 2498 enim
1722 2434 1775 2497 bic

582 2547 727 2604 auctores
759 2543 966 2604 nominantur
998 2548 1165 2624 tamquam
1189 2541 1352 2603 identidem
1376 2540 1542 2618 afferendi,
1566 2539 1699 2605 illorum
1723 2560 1775 2604 no·

582 2648 671 2708 mina
689 2648 722 2708 in
742 2648 888 2730 sequenti
909 2644 1080 2710 Annalium
1096 2651 1185 2731 parte
1197 2652 1366 2709 recurrunt
1380 2693 1387 2709 .
1402 2695 1408 2710 .
1424 2693 1431 2710 .
1446 2644 1650 2731 singulorum
1663 2643 1771 2708 semel.

583 2751 748 2829 Quomodo
780 2752 913 2815 historia
944 2753 1003 2815 sibi
1035 2751 1199 2816 scribenda
1230 2751 1379 2816 videatur
1402 2751 1531 2816 Tacitus
1559 2751 1611 2816 hic
1635 2752 1776 2815 breviter

583 2859 731 2940 exponit,
756 2877 913 2940 quasnam
937 2857 1042 2921 studia
1066 2856 1148 2921 illud
1172 2856 1311 2941 postulet
1335 2878 1415 2942 opus
1438 2845 1471 2921 et
1493 2878 1649 2940 quasnam
1672 2860 1776 2921 inves-

582 2964 766 3047 tigationes.
797 2961 839 3025 Et
870 2961 908 3025 de
939 2961 994 3026 illa
1025 2983 1059 3026 re
1090 2964 1154 3026 fere
1185 2963 1271 3027 idem
1304 2965 1420 3027 statuit
1449 2961 1531 3025 illud
1561 2962 1646 3047 quod
1676 2965 1774 3027 etiam

582 3067 743 3131 hodiernis
774 3067 935 3132 historicis
965 3073 1013 3131 est
1044 3088 1232 3151 persuasum
1249 3066 1283 3146 ¹),
1317 3089 1513 3151 quamquam
1537 3067 1605 3145 illi,
1628 3071 1662 3132 in
1686 3074 1775 3132 tanta

581 3175 735 3236 materiae
759 3175 862 3257 copia,
888 3172 993 3237 multo
1016 3176 1225 3238 accuratiores
1249 3195 1316 3238 esse
1340 3173 1624 3260 diligentioresque
1648 3180 1680 3238 et
1708 3193 1776 3258 pos-

581 3285 659 3341 sunt
682 3283 714 3340 et
738 3278 862 3342 debent.

628 3382 821 3449 Consulendi
844 3385 1087 3468 conferendique
1111 3390 1186 3448 sunt
1210 3392 1372 3462 auctores,
1397 3386 1493 3471 idque
1513 3407 1610 3471 quam
1630 3385 1774 3471 plurimi.

580 3488 615 3554 Si
637 3489 674 3553 de
695 3491 858 3555 eademne
879 3512 988 3555 omnes
1009 3491 1139 3554 tradunt
1157 3491 1260 3566 idem,
1282 3490 1475 3557 confidenter
1495 3513 1548 3557 eos
1569 3496 1774 3578 aequipotest

582 3602 616 3659 et
648 3595 733 3658 idem
765 3617 892 3660 narrare
924 3600 979 3680 qui
1011 3596 1113 3660 denuo
1145 3597 1233 3660 idem
1257 3604 1372 3661 tractat
1397 3605 1542 3683 tempus:
1569 3605 1638 3662 tum
1663 3606 1773 3664 autem

582 3702 748 3765 nominare
771 3701 845 3765 illos
867 3701 960 3786 plane
983 3722 1219 3785 supervacuum
1243 3708 1310 3777 set,
1336 3724 1445 3767 omnes
1465 3707 1551 3768 enim
1570 3725 1774 3769 communem

583 3807 742 3890 quandam
778 3807 919 3871 efficiunt
954 3811 1153 3892 opinionem,
1189 3809 1228 3872 de
1263 3830 1325 3892 qua
1360 3830 1462 3892 neque
1492 3815 1584 3874 antea
1614 3810 1776 3875 dubitavit

583 3916 755 3996 quisquam
787 3934 889 3997 neque
921 3935 1005 3978 nunc
1037 3920 1086 3979 est
1116 3936 1173 3979 cur
1204 3935 1260 3980 nos
1292 3914 1487 3980 dubitemus.
1522 3913 1640 3981 Contra
1670 3918 1695 3979 si
1721 3913 1777 3979 alii

582 4027 728 4084 auctores
752 4017 814 4083 alia
837 4019 994 4103 produnt,
1019 4042 1122 4085 novus
1146 4023 1283 4104 scriptor
1306 4043 1367 4086 non
1390 4027 1497 4105 potest
1520 4021 1696 4106 quidquam
1719 4043 1776 4106 pro

582 4132 670 4190 certo
694 4124 848 4189 affirmare
872 4125 927 4190 sed
950 4128 1095 4190 nominat
1119 4124 1262 4211 singulos
1285 4128 1332 4191 ita
1352 4132 1388 4190 ut
1408 4126 1537 4192 illorum
1559 4125 1701 4211 periculo
1721 4126 1777 4190 liat

581 4232 734 4295 narratio.

629 4336 694 4400 Nos
726 4338 898 4401 severiores
929 4337 1060 4421 quidem
1091 4358 1203 4401 sumus
1235 4337 1387 4402 adversus
1418 4338 1624 4414 historicum,
1649 4336 1723 4422 plus
1747 4338 1777 4399 si

580 4444 780 4525 imponimus
803 4444 924 4514 oneris.
948 4445 1057 4527 ipsum
1080 4440 1163 4506 nihil
1187 4464 1248 4507 nou
1272 4448 1440 4527 tamquam
1463 4446 1497 4507 in
1517 4446 1639 4507 trutina
1659 4443 1777 4507 exami-

580 4568 657 4611 nare
688 4547 856 4623 iubemus,
890 4547 944 4612 sed
967 4551 1044 4632 quin
1070 4551 1199 4613 omniuo
1223 4549 1302 4613 bene
1325 4552 1522 4633 perspexerit
1545 4548 1673 4614 Tacitus
1696 4545 1773 4634 quid

580 4658 665 4719 esset
687 4652 856 4717 historiam
882 4654 1035 4731 scribere,
1059 4654 1206 4719 dubitare
1228 4657 1380 4739 iniquum
1404 4655 1456 4719 sit.

593 4802 789 4811 -——-=—-—-—

621 4878 646 4939 l)
666 4877 713 4925 llic
731 4892 824 4940 qnoque
842 4876 946 4927 Boissier
963 4877 988 4925 ll.
1006 4878 1149 4926 conletatur.
