5125 6150
686 823 752 889 284
1122 846 1166 892 na
1188 844 1298 892 aaran
1320 845 1431 893 uacus

685 1009 795 1085 runt'’,
814 1009 898 1074 dicat
917 1010 1048 1074 fortasse
1069 1011 1244 1093 quispiam,
1265 1010 1361 1074 verba
1380 1009 1517 1074 referens
1535 1011 1691 1096 Appiani,
1705 1012 1887 1096 quiHaaa.

688 1113 731 1178 56
758 1119 894 1180 iterem
919 1115 1016 1180 tradit
1039 1114 1197 1203 Sibyllam
1220 1118 1428 1180 vaticinatam
1452 1133 1535 1181 esse:
1562 1115 1617 1194 »ἐξ
1640 1119 1765 1196 οὐρανοῦ
1789 1143 1830 1182 τι
1856 1119 1887 1192 ἐς

686 1225 893 1286 Πεσσινοῦντα
924 1232 980 1295 σῆς
1013 1224 1169 1300 Φρυγίας,
1192 1221 1261 1286 ἔνθα
1286 1222 1427 1300 σθβονσιν
1451 1223 1477 1287 οῖ
1502 1221 1621 1301 Φρύγες
1646 1224 1716 1286 θεῶν
1740 1223 1888 1303 μητέρα,

683 1329 844 1392 πεσεῖσθαι
865 1327 960 1391 τῶνδε
979 1334 1037 1392 σῶν
1058 1334 1173 1407 ἡμερῶν
1194 1328 1244 1391 καῖ
1267 1327 1328 1392 δεῖν
1348 1328 1425 1393 αὖτθ
1448 1330 1479 1400 ἐς
1500 1330 1554 1403 την
1569 1329 1687 1406 Ῥώμην
1701 1329 1889 1410 ἐνεχθῆναι·

685 1436 757 1510 μετ’
789 1437 821 1497 οὐ
855 1436 934 1499 πολὺ
965 1434 997 1498 δέ
1029 1443 1133 1499 πεσεῖν
1158 1435 1376 1513 προσηγγέλθη
1401 1433 1453 1498 καῖ
1483 1435 1514 1505 ἐς
1539 1434 1655 1508 Ῥώμην
1681 1437 1833 1511 ἐκομίσθη
1854 1435 1889 1498 σθ

685 1539 837 1619 βρέτας”.
862 1539 984 1620 Quibus
1003 1562 1020 1606 e
1040 1541 1146 1604 verbis
1165 1543 1192 1604 si
1212 1543 1284 1625 quia
1304 1540 1424 1604 efficere
1446 1540 1525 1604 velit
1540 1540 1692 1604 Romanis
1706 1541 1890 1605 secundum

684 1649 870 1732 Appianum
890 1668 952 1710 non
972 1649 1080 1731 ipsum
1101 1646 1176 1711 deae
1196 1647 1348 1724 βαθτολον
1368 1646 1525 1710 traditum
1546 1667 1615 1711 esse
1636 1647 1891 1711 aPessinuntiis

683 1752 739 1817 sed
763 1773 884 1816 novum
910 1753 1067 1836 quandam
1091 1752 1249 1836 lapidem,
1274 1774 1313 1817 ex
1337 1755 1443 1816 auimo
1468 1753 1498 1816 ei
1518 1751 1725 1838 suffragabor,
1746 1760 1781 1816 et
1802 1752 1892 1818 ultro

684 1859 820 1923 monebo
856 1858 1014 1922 eiusmodi
1050 1858 1127 1943 quid
1160 1861 1195 1922 in
1226 1858 1342 1923 Matris
1373 1857 1463 1922 cultu
1495 1860 1622 1943 saepius
1653 1879 1719 1949 usu
1739 1863 1890 1937 venisse,

683 1963 786 2029 veluti
818 1984 856 2028 ex
887 1961 1043 2050 Cyzicena
1074 1963 1201 2029 Metroo
1232 1966 1433 2029 sanctissimo
1457 1962 1696 2029 Samothraciae
1720 1965 1890 2050 templum

686 2071 841 2135 donatum
854 2077 912 2136 est.
933 2069 996 2135 Sed
1009 2073 1074 2135 iam
1087 2091 1168 2135 anno
1181 2070 1246 2135 205
1259 2074 1305 2135 ita
1317 2073 1420 2157 egisse
1433 2071 1654 2136 Pessinuntios
1665 2094 1729 2136 non
1742 2073 1888 2138 credam.

686 2176 785 2252 Sane,
819 2174 951 2241 Galatas
976 2179 1096 2242 vicerat
1118 2176 1248 2241 Attalus
1256 2198 1264 2254 ;
1292 2199 1375 2253 „non
1400 2183 1507 2242 tamen
1529 2180 1577 2242 ita
1598 2178 1733 2263 infregit
1758 2182 1888 2243 animos

686 2304 814 2360 eorum,
845 2290 883 2347 ut
906 2284 1095 2347 absisterent
1117 2283 1274 2366 imperio''
1299 2282 1383 2358 (Liv.
1409 2281 1551 2361 38.16);
1576 2305 1630 2348 eos
1653 2290 1767 2349 autem
1793 2282 1890 2350 Gala·

685 2396 735 2453 tas
761 2409 840 2473 quos
864 2390 932 2472 ipss
956 2409 1036 2453 anno
1061 2387 1128 2452 218
1152 2409 1191 2452 ex
1214 2388 1343 2473 Europa
1366 2391 1574 2453 arcessiverat
1597 2389 1636 2453 ad
1659 2389 1789 2463 bellum
1814 2412 1888 2455 cum

687 2496 813 2560 Achaeo
853 2494 1048 2581 gerendum,
1086 2514 1198 2579 pacare
1234 2515 1296 2559 non
1330 2497 1440 2578 potuit
1475 2501 1587 2579 postea
1620 2497 1682 2559 nisi
1718 2495 1889 2581 pollicitus

687 2602 960 2673 οῖποιιαπασσιὶσιιν
986 2600 1097 2671 αὐτοὺς
1121 2601 1192 2679 ποθι
1217 2601 1272 2671 την
1296 2599 1443 2675 θιώβασιν
1469 2601 1519 2664 καῖ
1544 2601 1636 2665 σθπον
1656 2601 1763 2665 δώσειν
1786 2603 1886 2681 εὐφυῆ

687 2707 759 2786 πρὸς
780 2706 939 2770 κατοικίαν
964 2705 1091 2792 (Polyb.
1117 2705 1153 2770 V.
1177 2704 1247 2785 77);
1273 2709 1330 2791 qui
1353 2713 1462 2771 autem
1485 2728 1539 2771 eos
1562 2709 1673 2791 paucis
1699 2710 1795 2772 annis
1819 2710 1890 2792 post

686 2815 851 2898 regionem
882 2810 1051 2877 Troianam
1082 2811 1270 2876 invadentes
1300 2814 1451 2895 repressit
1480 2819 1512 2875 ot
1543 2815 1628 2876 intra
1656 2811 1735 2877 fines
1760 2816 1887 2899 coegn't,

687 2939 750 2982 non
770 2915 902 2981 Attalus
922 2918 1002 2993 fuit,
1023 2916 1077 2981 sed
1098 2916 1237 2981 Prusias.
1262 2916 1383 2981 Parum
1403 2937 1480 3002 ergo
1499 2917 1611 2981 idonea
1630 2918 1708 2982 haec
1727 2925 1886 3004 tempore,

687 3025 804 3109 quibus
837 3026 904 3088 sive
935 3044 1009 3088 cum
1031 3024 1133 3100 hisce,
1157 3025 1225 3088 sive
1250 3044 1324 3088 cum
1348 3025 1460 3088 ceteris
1483 3021 1587 3089 Gallis
1612 3020 1780 3089 Galatiam
1806 3028 1888 3089 inco

686 3132 825 3196 lentibus
846 3132 1022 3195 amicitiam
1043 3130 1242 3193 contraheret
1261 3128 1390 3194 Attalus
1404 3132 1436 3193 in
1451 3130 1544 3194 rebus
1556 3128 1687 3195 Graecis
1699 3134 1887 3216 ceteroquin

687 3245 852 3323 tantopere
875 3242 1067 3321 occupatus,
1087 3241 1124 3299 ut
1145 3234 1216 3320 plus
1237 3256 1335 3318 quam
1355 3234 1455 3300 semel
1474 3238 1506 3298 in
1527 3233 1661 3301 Graecia
1681 3236 1887 3313 hibernaret,

688 3344 884 3427 domumque
905 3342 1007 3407 redire
1028 3349 1099 3405 tum
1120 3347 1248 3406 tantum
1268 3341 1389 3405 solebat
1409 3363 1482 3405 cum
1502 3344 1600 3405 vicini
1621 3378 1663 3389 -
1680 3341 1791 3407 veluti
1810 3344 1887 3407 Pru·

687 3453 749 3514 sias
767 3487 806 3496 —
826 3470 904 3534 agro
923 3448 1136 3512 imminebant
1156 3447 1365 3532 Pergameno.
1390 3446 1460 3511 Nisi
1479 3455 1588 3511 autem
1609 3451 1793 3513 amicitiam
1813 3470 1887 3514 oum

688 3553 812 3620 Galatis
831 3557 943 3631 iniret,
960 3575 999 3617 ne
1015 3556 1122 3638 potuit
1137 3553 1267 3636 quidem
1282 3552 1369 3616 adire
1386 3553 1628 3629 Pessinuntem,
1645 3574 1740 3630 nam,
1759 3557 1888 3619 etiamsi

685 3664 751 3726 iam
777 3667 848 3723 tum
872 3660 1092 3724 Pessinuntiae
1116 3661 1258 3723 civitatis
1281 3657 1458 3722 sacerdotes
1481 3658 1574 3722 liberi
1597 3663 1629 3722 et
1651 3661 1822 3725 immunes
1846 3681 1889 3725 es

686 3773 757 3832 sent
778 3788 796 3830 a
817 3762 958 3842 Galatis,
980 3766 1057 3829 fines
1077 3771 1183 3828 tamen
1204 3761 1350 3828 Galatiae
1372 3763 1499 3828 tenebat
1518 3785 1597 3848 gens
1616 3764 1706 3828 ferox
1727 3772 1764 3829 et
1777 3766 1887 3830 Attalo

684 3874 819 3937 infensa.
850 3870 985 3955 Aliquot
1015 3872 1145 3934 demum
1170 3872 1260 3934 annis
1284 3877 1355 3954 post
1379 3876 1504 3934 mutata
1527 3870 1603 3934 haec
1627 3891 1697 3935 esse
1720 3873 1886 3937 videntur.

686 3980 760 4043 Alia
784 3979 924 4063 profecto
947 3980 1013 4040 iam
1038 3984 1106 4041 erat
1128 3977 1406 4040 Pessinuntiorum
1431 3975 1593 4051 condicio,
1619 3977 1730 4040 minus
1756 3980 1886 4063 superbi

685 4087 786 4149 animi
817 4081 1025 4159 Galatarum,
1057 4103 1130 4146 cum
1160 4102 1241 4146 anno
1275 4080 1338 4144 189
1364 4080 1421 4146 On.
1456 4080 1599 4145 Manlius
1633 4078 1785 4147 Galatiae
1808 4083 1886 4148 fines

685 4190 991 4274 transgrediebatur.
1028 4187 1117 4252 Tunc
1149 4189 1236 4251 enim
1266 4208 1285 4251 a
1316 4184 1441 4252 Galatis
1473 4207 1675 4272 nequaquam
1709 4190 1886 4271 prohibiti,

686 4296 761 4360 duci
794 4295 936 4359 Romano
968 4296 1095 4359 obviam
1128 4300 1284 4358 venerunt
1307 4293 1423 4357 Γιθλλοι
1448 4294 1533 4370 παρα
1553 4294 1704 4366 'arrabon
1729 4296 1784 4360 καῖ
1812 4308 1888 4361 Βατ-

685 4400 792 4478 cdxcv,
825 4406 882 4463 τῶν
915 4401 947 4463 εἰι
980 4404 1193 4471 Πεσσινοῦντος
1219 4398 1316 4476 ἱερέων
1339 4407 1396 4470 rac
1420 4401 1545 4475 Μητρὸς
1567 4406 1625 4462 σοῖν
1649 4401 1732 4478 θεῶν,
1759 4399 1884 4483 ἔχοντες

686 4505 883 4583 προσσηθῖδια
908 4505 960 4567 καὶ
986 4505 1118 4579 τύπους,
1143 4504 1320 4585 φθσκοισες
1345 4544 1386 4553 -
1409 4504 1442 4568 id
1461 4504 1545 4589 quod
1564 4507 1618 4567 vix
1640 4509 1787 4571 nuntiari
1808 4529 1886 4593 opus

686 4614 784 4676 fuisse
806 4609 961 4698 Polybius
983 4632 1124 4695 quoque,
1145 4614 1201 4696 qui
1222 4612 1297 4675 baec
1317 4612 1445 4686 scribit,
1464 4610 1652 4686 iudicasset,
1674 4614 1701 4675 si
1715 4617 1887 4699 cognitum

689 4718 854 4781 habuisset
886 4716 1044 4781 Romanos
1076 4719 1142 4781 iam
1166 4723 1236 4781 tum
1261 4715 1399 4780 Matrem
1425 4715 1646 4779 I’eeeiauatiom
1671 4722 1835 4804 recepisse
1856 4723 1887 4785 in

686 4823 793 4904 ipsam
829 4823 941 4886 urbem
976 4822 1111 4885 Romam
1145 4859 1186 4870 -
1218 4826 1326 4905 itaque
1360 4822 1534 4899 Φθσιιονσες
1565 4824 1803 4900 carantanas
1834 4828 1887 4900 πηι

689 4925 751 4989 θεὸν
784 4929 864 5001 ιιίιην
897 4929 947 4993 καὶ
982 4928 1092 5005 κράτος
1125 4928 1255 5014 (Polyb.
1282 4927 1335 4993 22.
1352 4927 1403 4992 18.
1419 4928 1461 5006 5).
1497 4926 1546 4991 Ex
1576 4926 1634 4993 illo
1668 4934 1817 5018 tempore
1844 4968 1885 4981 -
