5125 6150
1094 817 1302 866 moeremus.
1749 804 1790 872 77

653 984 863 1060 ἒταινούαενοι
888 983 918 1048 δὲ
943 983 1010 1062 περὶ
1036 984 1117 1059 ἡμῶν
1142 983 1210 1058 (ἢ)
1234 983 1387 1060 μεμπτοὶ
1413 984 1701 1064 (γιγνόμενοι)

602 1091 730 1158 dedisse
753 1089 974 1177 Thucydidem
998 1097 1030 1154 et
1054 1089 1113 1154 hoc
1136 1089 1199 1154 fere
1222 1089 1341 1156 dixisse
1363 1089 1564 1157 Plataeenses
1587 1094 1745 1178 suspicor:

652 1199 723 1275 „Ad
756 1200 840 1263 hunc
869 1217 971 1281 usque
1005 1195 1107 1272 diem,
1139 1195 1398 1276 Lacedaemonii,
1424 1219 1479 1263 vos
1503 1201 1670 1264 universae
1694 1220 1791 1284 paene

602 1301 756 1370 Graeciae
787 1305 918 1368 virtutis
950 1308 983 1367 st
1012 1302 1182 1387 probitatis
1206 1301 1369 1389 exemplar
1390 1303 1593 1369 videbamini.
1618 1304 1721 1384 Quare
1744 1327 1792 1371 ca·

601 1419 677 1477 vete
695 1433 735 1476 ne
755 1431 839 1475 nnnc
859 1411 969 1494 iniqua
988 1411 1144 1473 sententia
1165 1408 1292 1473 ferenda
1310 1412 1344 1474 in
1356 1413 1501 1475 omnium
1513 1413 1789 1496 reprehensionem

600 1520 751 1584 veniatis.
785 1515 946 1601 Quidquid
976 1518 1061 1580 enim
1085 1517 1152 1580 sive
1175 1517 1245 1580 iure
1269 1518 1337 1581 sive
1360 1518 1476 1582 iniuria
1499 1517 1538 1582 de
1561 1519 1650 1584 nobis
1672 1525 1789 1585 status·

599 1626 691 1700 ritis,
716 1622 815 1689 latere
838 1645 900 1688 non
926 1624 1061 1708 poterit:
1086 1629 1143 1686 aut
1166 1620 1376 1686 laudabimini
1398 1630 1527 1709 propter
1550 1646 1606 1690 nos
1629 1632 1686 1690 aut
1704 1628 1789 1690 vitu·

600 1728 828 1815 potabimini'.

645 1836 697 1900 Ad
728 1857 783 1900 vv.
815 1833 965 1905 αὐτοὺς
996 1833 1139 1910 άμεύνονς
1163 1832 1253 1905 ὄντας
1276 1837 1311 1898 in
1335 1833 1396 1899 fine
1419 1837 1594 1902 sententiae
1618 1836 1788 1903 scholiasta

598 1949 749 2008 annotat:
783 1943 850 2005 cieri
885 1947 938 2005 τού
971 1943 1077 2016 ὑμᾶς
1109 1941 1177 2012 τούς
1202 1940 1473 2017 Λακεδαιμονίους.
1495 1945 1577 2024 Ὀρα
1601 1943 1631 2008 δὲ
1655 1947 1719 2016 πῶς
1743 1969 1788 2010 κο-

599 2050 729 2113 λακεύει
753 2047 963 2119 λανθανόντων
987 2047 1058 2119 τοὺς
1083 2047 1246 2119 Λάκωνας.
1270 2048 1315 2112 At
1333 2049 1366 2111 iu
1387 2051 1533 2134 antiquos
1551 2048 1787 2116 Plataeensium

598 2176 707 2221 mores
731 2176 795 2220 non
817 2155 902 2219 cadit
926 2161 993 2219 tam
1017 2153 1106 2218 foeda
1128 2152 1280 2218 adulatio.
1305 2154 1375 2240 Ego
1399 2153 1494 2241 longe
1518 2155 1740 2242 praetulerim:

918 2260 1031 2334 αὐτοὺς
1056 2261 1156 2338 (οὐκ)
1182 2262 1326 2338 άμείνονς
1348 2260 1452 2333 ὄντας.

645 2480 693 2546 III
718 2502 745 2544 c.
770 2480 813 2545 62
836 2479 897 2564 54.

644 2586 854 2664 „Gloriantur
870 2584 1104 2661 Plataeeusos''‚
1125 2588 1217 2650 aiunt
1236 2582 1394 2663 Thebani,
1418 2607 1476 2662 „ex
1497 2587 1645 2652 omnibus
1657 2587 1783 2655 Boeotis

595 2716 629 2759 se
663 2692 748 2757 solos
779 2713 853 2757 cum
880 2693 1018 2757 barbaris
1041 2713 1105 2757 non
1128 2692 1255 2770 fecisse;
1281 2714 1338 2757 nos
1361 2713 1436 2757 vero
1461 2694 1521 2757 hoc
1543 2697 1672 2761 nomine
1696 2696 1784 2762 duris

594 2800 705 2864 serbis
736 2802 899 2884 increpant
928 2797 1011 2862 nihil
1042 2797 1105 2864 tale
1128 2801 1341 2864 commeritus.
1373 2797 1519 2885 Namque
1542 2803 1655 2866 civitas
1679 2814 1785 2869 nostra

592 2913 672 2971 tunc
694 2908 847 2990 temporis
867 2925 968 2990 neque
987 2904 1136 2992 legitimo
1157 2904 1294 2991 quodam
1314 2926 1487 2991 paucorum
1506 2906 1670 2973 dominatu
1682 2931 1783 2994 neque

592 3012 742 3100 populari
764 3015 900 3099 imperio
924 3013 1103 3098 regebatur,
1123 3012 1177 3078 sed
1199 3049 1239 3060 —
1260 3012 1345 3098 quod
1364 3012 1403 3077 ad
1423 3014 1626 3100 tyrannidem
1637 3019 1781 3102 proxime

591 3121 716 3186 accedit
740 3140 980 3205 -paucorum
1009 3122 1154 3184 virorum
1185 3122 1378 3205 potentia
1408 3118 1645 3200 (δυναστεία
1669 3123 1781 3201 ὀλίγων

590 3227 719 3302 ἀνδρῶν)
755 3229 832 3312 reip.
868 3224 1083 3312 gubernacula
1118 3227 1286 3291 tenebat’':
1322 3228 1373 3291 καὶ
1410 3222 1491 3291 οὐτοι
1526 3228 1605 3300 ἰδίας
1637 3229 1780 3305 δυνάμεις

593 3333 783 3403 ἐκτίσαντες
807 3330 850 3397 ἔτι
876 3336 998 3408 μᾶλλον
1022 3335 1160 3414 σχήσειν,
1185 3335 1211 3397 εὐ
1231 3333 1272 3397 τά
1293 3338 1346 3397 τοῦ
1368 3334 1474 3408 Μήδου
1494 3336 1670 3413 κρατήσειε,
1691 3336 1781 3401 κατά-

592 3461 706 3519 χοντες
738 3438 823 3518 ἰσχύι
855 3439 889 3503 τὸ
922 3438 1036 3510 πλῆθος
1067 3438 1264 3515 ἐπηγάγοντο
1297 3440 1407 3504 αὐτόν·
1441 3440 1491 3503 καὶ
1526 3440 1542 3510 i
1578 3440 1777 3517 ξυμπάσω

594 3545 716 3613 πάλιν
747 3546 814 3609 οὐκ
845 3543 1107 3625 αὐτοκράτωρ
1139 3541 1236 3610 οὐσα
1268 3545 1414 3618 ἑαυτῆς
1447 3547 1552 3609 τοῦτ’
1585 3545 1777 3627 ἔπραξεν,

593 3652 657 3717 οὐδ’
679 3648 762 3726 άξιον
787 3652 867 3730 αὐτῇ
892 3650 1032 3715 ὀνειδίσαι
1057 3647 1093 3714 ὦν
1117 3652 1162 3725 μὴ
1185 3651 1269 3728 μετά
1294 3650 1389 3725 νόμων
1414 3647 1558 3730 ἥμαρτεν.
1764 3648 1769 3661 '

639 3757 721 3837 Quia
751 3759 856 3822 omnis
888 3755 981 3843 culpa
1011 3757 1166 3822 tribuitur
1195 3756 1268 3820 eolis
1299 3755 1465 3829 δυνάσταις
1495 3756 1579 3834 illis,
1615 3758 1683 3824 ficri
1714 3782 1777 3825 non

592 3870 701 3951 potest
737 3868 772 3928 nt
806 3861 1009 3949 Thucydides
1044 3866 1221 3948 scripserit:
1256 3865 1273 3936 ἡ
1304 3860 1504 3938 ξνμσύσα
1535 3865 1655 3937 πόλις
1681 3916 1775 3934 .....

592 3972 679 4036 τοῦτ’
711 3965 850 4047 ἔπραξεν.
882 3969 1096 4049 Quamobrem
1124 3969 1355 4034 Herwerdenus
1386 3969 1582 4036 emendavit:
1617 3971 1725 4054 (οὐχ)
1758 3976 1774 4047 ἡ

593 4078 621 4155 ξ.
646 4102 682 4141 τ.
707 4076 783 4140 οὐδ’
815 4076 1009 4156 αὐτοκράτωρ
1040 4070 1117 4140 οὐσα
1149 4077 1279 4154 ἓωντνῑι;
1313 4073 1468 4142 Cobetns:
1501 4079 1609 4159 (οὐχ)
1642 4081 1658 4152 ἡ
1687 4076 1715 4153 ξ.
1740 4104 1774 4143 ιι.

591 4181 787 4262 αὐτοκράτωρ
812 4176 888 4246 οὐσα
909 4180 1036 4261 ἓαντιῑι;
1058 4180 1228 4266 Steupius:
1251 4181 1267 4253 ἡ
1288 4179 1317 4256 ξ.
1337 4204 1371 4246 τ.
1391 4181 1469 4246 οὐτ’
1491 4183 1683 4263 αὐτοκράτωρ
1700 4178 1775 4247 οὐσα

591 4290 705 4362 ἑαυτῆς
729 4290 813 4353 τοῦτ’
836 4288 966 4366 ἓτραξεν
990 4286 1066 4352 οὐτ’
1090 4285 1175 4363 άξιον
1198 4287 1261 4352 κτὲ.

635 4396 722 4460 Mihi
743 4398 777 4460 in
800 4400 941 4460 mentem
965 4396 1054 4460 venit
1076 4398 1296 4478 transponere:

636 4503 690 4568 xci
722 4503 808 4580 οὐκ,
840 4500 1098 4579 αὐτοκράτωρ
1130 4495 1227 4565 οὐσα
1260 4500 1426 4577 ἑαυτῆς,
1452 4501 1468 4573 οἱ
1493 4497 1691 4576 ξνμσάσα
1714 4499 1775 4564 τά·

587 4624 653 4679 λιι
678 4609 763 4672 τοῦτ’
786 4604 916 4686 ἔκραξεν
940 4605 1000 4672 οὐδ’
1024 4605 1108 4684 άξιον
1131 4605 1195 4670 xci.

633 4817 683 4882 ιιι
706 4838 732 4881 0.
759 4816 801 4882 cc
825 4819 843 4901 s
864 4817 895 4880 a.

634 4924 802 4999 άτιάάροενοι
827 4923 858 4986 ii
882 4922 968 4998 ταρὰ
993 4923 1045 4994 τὴν
1067 4921 1237 4997 ξύμβασιν,
1257 4917 1304 4988 οὐκ
1327 4923 1381 4991 μὲν
1403 4920 1432 4982 ἕν
1450 4919 1554 4999 χερσὶν
1568 4921 1772 4986 άτεκτείνοιτε
