5125 6150
786 790 852 855 242
1289 809 1463 859 aouamca.

784 992 873 1036 arma
904 973 1073 1057 hastasque
1103 973 1252 1056 praebere
1284 974 1391 1035 visum
1422 978 1488 1048 est,
1520 978 1552 1036 et
1583 974 1627 1035 sic
1658 993 1768 1057 pugna
1791 993 1848 1057 per
1869 972 1975 1037 Ulixis

783 1075 920 1155 μέγαρον
951 1084 1097 1141 aestuans
1129 1079 1222 1140 novis
1252 1075 1427 1139 identidem
1459 1078 1613 1160 novisque
1644 1079 1783 1142 inventis
1808 1086 1856 1141 est
1880 1084 1975 1141 aucta

784 1202 820 1245 eo
856 1203 935 1247 aevo
968 1202 1030 1265 quo
1065 1184 1165 1246 etiam
1200 1180 1320 1244 ducum
1355 1179 1563 1265 militumque
1593 1181 1721 1246 'l'roiam
1754 1181 1973 1247 obsidentium

783 1289 885 1351 crevit
914 1308 1066 1351 numerus
1081 1284 1116 1366 ¹).
1153 1285 1295 1350 Obscum
1325 1291 1434 1350 autem
1463 1293 1494 1350 et
1527 1286 1677 1371 perplexa
1707 1295 1739 1352 et
1761 1292 1888 1352 tautum
1912 1310 1975 1352 non

783 1391 918 1455 absurda
948 1394 1087 1456 narratio
1118 1398 1194 1455 tunc
1228 1396 1276 1455 est
1308 1390 1408 1467 facta,
1437 1391 1515 1454 dum
1539 1411 1668 1475 operam
1691 1391 1808 1456 dabant
1831 1400 1974 1456 cantores

782 1504 820 1560 ut
849 1494 1024 1581 probabilia
1055 1495 1222 1560 redderent
1252 1498 1377 1570 omnia,
1413 1516 1466 1560 eas
1496 1517 1621 1580 quoque
1651 1502 1757 1581 partes
1789 1496 1872 1561 clara
1902 1496 1975 1561 luce

781 1601 977 1666 illustrantes
1001 1622 1082 1686 quae
1105 1604 1139 1663 in
1162 1600 1278 1664 umbra
1302 1600 1381 1664 olim
1404 1602 1482 1665 bene
1505 1600 1684 1665 latuissent.

827 1780 913 1859 Quae
947 1784 1051 1867 igitur
1084 1780 1245 1857 doctriua,
1281 1800 1363 1864 quae
1399 1801 1466 1857 are,
1503 1801 1583 1865 quae
1619 1780 1761 1846 sollertia
1792 1781 1906 1847 efficiat
1936 1787 1975 1846 ut

779 1893 888 1951 cocant
923 1885 1077 1971 quadrata
1110 1883 1277 1950 rotundis?
1318 1885 1413 1950 Patet
1447 1907 1522 1950 eum
1558 1888 1614 1970 qui
1652 1886 1778 1962 ,Ulixis
1816 1886 1973 1951 domum''

779 1991 937 2056 linearum
961 2013 1019 2075 ope
1043 1990 1142 2055 oculis
1166 1990 1332 2054 ostendere
1354 1997 1495 2066 conetur,
1519 1991 1551 2054 id
1575 2012 1670 2076 agere
1693 1997 1731 2055 ut
1754 2013 1827 2056 cum
1852 1994 1975 2056 ratione

781 2098 929 2160 insaniat.
972 2095 1055 2160 Nam
1090 2094 1362 2180 quemadmodum
1400 2094 1554 2170 „heroum
1588 2096 1824 2160 homericarum
1861 2095 1972 2160 arma”

781 2203 874 2286 pingi
904 2207 1083 2285 nequeunt,
1115 2206 1222 2283 potest
1251 2221 1328 2264 vero
1359 2198 1434 2263 talis
1464 2199 1529 2264 fere
1552 2198 1704 2265 delineari
1727 2199 1821 2264 miles
1845 2201 1974 2285 qualem

781 2307 878 2390 prisci
901 2306 1085 2389 cogitabant
1109 2312 1236 2390 poetae,
1261 2308 1405 2388 itemque
1430 2342 1472 2353 -
1497 2303 1551 2368 sed
1575 2304 1642 2367 clia
1665 2307 1808 2391 imagine
1833 2342 1875 2354 —
1901 2305 1975 2369 talis

781 2408 909 2495 qualem
929 2413 1134 2487 recentiores;
1157 2448 1199 2459 -
1221 2408 1492 2494 quemadmodum
1513 2407 1731 2486 „Graecorum
1751 2416 1824 2474 ante
1844 2410 1974 2474 Troiam

781 2515 904 2580 castra'’
929 2536 1023 2579 nemo
1045 2536 1189 2600 unquam
1214 2513 1420 2599 probabiliter
1445 2515 1617 2591 describet,
1638 2521 1671 2578 at
1690 2521 1822 2599 possunt
1839 2515 1974 2579 indicari

780 2623 915 2684 navium
944 2623 978 2683 in
1009 2621 1118 2685 littore
1146 2618 1375 2683 subductarum
1400 2619 1526 2683 ordines
1549 2617 1628 2683 tales
1651 2619 1716 2683 fere
1739 2618 1848 2703 quales
1872 2627 1975 2683 canto

782 2746 831 2789 res
862 2726 1058 2808 antiquiores
1088 2727 1207 2788 mentis
1238 2722 1340 2787 oculis
1373 2723 1538 2799 videbant,
1571 2724 1636 2786 olio
1666 2728 1775 2787 autem
1807 2726 1841 2786 in
1865 2725 1974 2788 charta

782 2828 855 2893 duci
878 2836 1010 2913 possunt
1031 2829 1227 2894 lineamenta
1250 2834 1428 2893 castrorum
1451 2829 1532 2893 fossa
1556 2834 1588 2892 et
1612 2830 1778 2893 moenibus
1798 2831 1975 2893 moenium·

781 2956 842 3020 que
865 2934 1114 3020 propugnaculis
1137 2938 1331 3009 cinctorum,
1357 2954 1438 3018 quae
1462 2935 1500 2998 ab
1521 2935 1663 3018 imagine
1683 2937 1846 2998 iuniorum
1866 2938 1974 2998 animo

782 3041 964 3107 obversanti
985 3061 1045 3105 non
1065 3042 1162 3104 nimis
1174 3041 1379 3114 abhorreant;
1395 3077 1438 3087 -
1450 3038 1719 3123 quemadmodum
1734 3037 1861 3115 „Ulixis
1872 3038 1973 3104 ratis’'

780 3150 923 3232 imagine
953 3147 1062 3211 referri
1092 3149 1219 3230 nequit,
1249 3152 1354 3230 potest
1377 3166 1453 3209 vero
1477 3153 1530 3206 act
1553 3143 1690 3229 simplex
1715 3151 1818 3208 strues
1842 3145 1971 3208 trabum

781 3253 853 3316 rudi
877 3259 944 3316 arte
967 3250 1208 3337 colligatarum,
1233 3270 1330 3334 quam
1353 3252 1510 3334 cogitavit
1533 3252 1656 3334 priscus
1680 3256 1786 3324 vates,
1812 3256 1865 3311 aut
1888 3251 1975 3314 navi·

780 3361 874 3444 gium
904 3359 1000 3422 costis
1026 3363 1058 3420 et
1089 3354 1232 3419 tabulato
1255 3361 1404 3418 ornatum
1429 3354 1513 3439 quod
1537 3357 1750 3419 recentiorum
1774 3354 1905 3418 debetur
1927 3357 1976 3418 in·

781 3465 938 3540 ventioni;
964 3461 1302 3545 -quemadmodum
1330 3482 1368 3524 ne
1394 3460 1558 3537 „cantiae”
1584 3459 1713 3543 quidem
1739 3459 1973 3534 „Homericae”

783 3567 886 3651 figura
916 3565 1039 3630 ostendi
1070 3570 1193 3650 potest,
1226 3567 1377 3649 quoniam
1407 3567 1558 3649 primitus
1582 3566 1705 3640 obicem,
1729 3571 1838 3648 postea
1862 3565 1974 3626 artocem

782 3671 839 3736 illa
872 3692 937 3735 vox
971 3670 1115 3748 valebat,
1144 3706 1182 3718 -
1210 3674 1254 3734 sic
1290 3671 1440 3747 „aedium
1471 3669 1598 3734 Ulixis”
1632 3669 1832 3755 diagramma
1862 3668 1974 3733 confici

783 3780 904 3860 nequit.
940 3776 1077 3840 Possunt
1114 3797 1188 3840 sane
1219 3775 1292 3840 duci
1323 3775 1425 3840 lineae
1456 3796 1573 3859 paucae
1597 3782 1629 3838 et
1653 3773 1832 3859 simplices,
1856 3774 1974 3857 quibus

783 3884 973 3946 summatim
1003 3880 1162 3945 indicetur
1193 3881 1306 3945 domus
1338 3882 1535 3956 subrustice,
1560 3878 1687 3964 qualem
1712 3885 1818 3944 mente
1843 3879 1903 3942 sibi
1925 3882 1973 3942 in-

781 3987 961 4052 formabant
991 3989 1087 4070 prisci
1119 3992 1244 4070 poetae;
1275 3993 1382 4069 potest
1412 3988 1511 4049 etiam
1535 4021 1577 4032 -
1602 3985 1657 4049 sed
1680 3987 1756 4049 haec
1780 4006 1842 4068 quo
1865 3988 1973 4069 magis

783 4092 941 4157 elaborata
972 4112 1008 4155 eo
1035 4094 1143 4154 minus
1166 4089 1249 4155 clara
1272 4091 1327 4154 liet
1350 4094 1458 4177 imago
1483 4126 1525 4139 —
1551 4089 1625 4155 talis
1649 4091 1712 4154 fere
1736 4089 1859 4154 ostendi
1882 4092 1973 4174 regia

781 4195 909 4282 qualem
940 4197 1122 4279 cogitabant
1154 4198 1360 4260 recentiores:
1385 4202 1547 4278 nequeunt
1572 4216 1634 4258 uno
1659 4195 1810 4278 adspectu
1833 4215 1975 4279 compre·

781 4301 878 4365 hendi
901 4300 1035 4364 diversa.

828 4404 1000 4489 Nunquam
1034 4408 1139 4489 igitur
1172 4408 1377 4469 invenientur
1414 4403 1540 4482 „Ulixis
1573 4404 1698 4481 aedes”,
1742 4407 1809 4468 sive
1843 4404 1973 4470 ithacae

783 4516 946 4574 evertetur
979 4509 1101 4585 solum,
1138 4513 1207 4575 sive
1239 4509 1412 4585 Leucadia,
1444 4512 1513 4573 sive
1543 4509 1622 4573 alios
1655 4514 1811 4572 terrarum
1836 4509 1973 4594 angulos

783 4614 915 4678 adibunt
946 4618 1008 4678 viri
1039 4616 1125 4679 docti
1156 4617 1210 4698 qui
1242 4621 1343 4679 terrae
1375 4616 1557 4699 aenigmata
1587 4618 1620 4677 et
1643 4634 1755 4678 arcana
1778 4619 1972 4678 scrutantur.

819 4814 844 4875 Ι)
867 4812 946 4861 Multa
969 4827 1029 4875 quse
1053 4812 1098 4860 buc
1122 4810 1244 4875 pertinent
1267 4813 1292 4859 et
1315 4809 1357 4858 alii
1376 4809 1532 4859 observarunt
1549 4814 1574 4858 ct
1592 4809 1665 4858 Seeck
1683 4809 1709 4857 iu
1727 4807 1788 4857 libro
1806 4809 1835 4856 de
1852 4809 1973 4871 Odysseae

780 4892 892 4941 lontibus.
