5125 6150
1120 828 1331 878 ruuernmne.
1778 807 1821 876 27

621 996 661 1061 ad
692 1016 846 1071 sensum,
882 998 946 1059 nisi
979 995 1062 1080 quod
1094 994 1180 1058 haud
1212 992 1305 1059 faeile
1335 994 1395 1058 tibi
1425 993 1635 1079 explicaveris
1665 993 1825 1078 quomodo

622 1100 749 1172 πᾶνποις
773 1104 806 1164 in
832 1100 954 1170 δικαίως
982 1085 1105 1165 abierit.
1130 1099 1233 1179 Quare
1258 1098 1483 1184 praetulerim:

671 1207 803 1285 τιμωρία
830 1207 894 1284 γὰρ
918 1209 971 1271 ούκ
997 1207 1112 1281 (aar)
1134 1207 1265 1284 εὐτυχεῖ
1282 1207 1405 1275 δικαίως
1417 1254 1425 1283 ,
1448 1203 1494 1270 ύπι
1515 1205 1565 1269 καί
1585 1206 1738 1270 ἄδικεῖται
1756 1205 1821 1270 κτὲ.

667 1313 702 1378 δι
716 1312 840 1385 κονίας
866 1312 1031 1399 intellige:
1055 1312 1147 1375 eieati
1170 1312 1307 1375 iustitiae
1330 1318 1554 1376 οοαεοιιίααονια
1578 1319 1606 1375 et
1622 1335 1686 1393 par
1709 1318 1783 1376 erat.

668 1547 711 1611 ιν
736 1569 761 1612 0.
788 1545 830 1610 ea
856 1546 925 1631 §a

668 1655 722 1717 ἐὰν
753 1654 779 1716 δ’
805 1653 1038 1727 ἀπιστήσαντες
1062 1650 1172 1724 ἄλλοις
1196 1650 1428 1729 ὑπακούσαιμεν,
1452 1653 1485 1716 ού
1509 1651 1580 1728 περί
1604 1655 1658 1715 τού
1677 1651 1702 1714 ·)
1725 1673 1819 1729 τιμα-

622 1760 775 1840 ρήσασύαί
797 1782 865 1822 τινα
890 1759 910 1798 *
933 1757 1021 1821 ἄλλα
1046 1758 1111 1821 καί
1138 1754 1246 1834 ἄγαν
1269 1758 1296 1822 εί
1321 1758 1471 1836 τύχοιμεν
1493 1758 1579 1835 Φίλοι
1603 1755 1661 1832 μὲν
1686 1753 1724 1822 ἄν
1749 1762 1812 1828 τοῖς

622 1866 793 1944 ε’χύίστοις,
819 1863 955 1943 διᾶφομοι
980 1863 1005 1927 δ’
1029 1859 1070 1935 οίς
1096 1864 1128 1928 οὒ
1152 1865 1213 1944 xit
1238 1868 1308 1928 κατ’
1332 1864 1474 1940 ἄνᾶγκιιν
1496 1862 1681 1940 γιγνοίμεθα
1692 1859 1729 1926 bl.

657 1984 682 2046 e)
707 1982 838 2042 περιέσται
864 1998 908 2047 pro
933 1980 989 2041 περὶ
1010 1984 1056 2029 τού
1078 1980 1207 2030 infeliciter
1230 1981 1271 2031 eit.
1297 1981 1405 2041 lindiam
1434 1980 1461 2045 b)
1488 1980 1638 2045 γιγνοίμεθα
1656 1982 1708 2031 edd.
1727 1996 1809 2031 omnes

622 2063 761 2126 γιγνόμεθα
779 2079 904 2129 μετρεῖται
921 2063 987 2113 codd.
1006 2079 1095 2112 ornnes.

668 2164 718 2228 Ad
741 2186 795 2230 vv.
821 2164 854 2228 ού
878 2162 946 2243 περὶ
971 2166 1024 2226 τοῦ
1048 2162 1282 2240 τιμωρήσασθαί
1305 2185 1376 2226 τινα
1401 2161 1509 2229 Schol.
1535 2168 1692 2228 annotat:
1717 2163 1819 2228 λείπει

622 2271 676 2349 τὸ,
707 2270 721 2334 ί
745 2270 854 2347 ἀγὼν
879 2270 973 2344 ἡμῖν
997 2267 1116 2332 ἔσται
1141 2270 1206 2333 xri.
1240 2268 1290 2332 Ad
1312 2269 1393 2334 hane
1416 2268 1522 2334 lucem
1547 2291 1621 2333 eum
1645 2267 1764 2335 (lebete
1787 2275 1820 2335 et

623 2376 814 2441 Leeuweuio
834 2375 1038 2438 manifestam
1059 2372 1207 2438 lacunam
1227 2373 1393 2439 commodo
1413 2374 1540 2459 explere
1559 2373 1644 2441 lieet.
1668 2372 1819 2441 Ueterum

621 2504 680 2567 pro
712 2480 779 2546 καί
812 2479 922 2556 ἄγαν
954 2481 986 2543 εί
1018 2481 1223 2561 τύχοιμεν
1249 2478 1390 2548 Cobetus
1413 2481 1523 2545 ἄλλα
1547 2480 1619 2545 κᾶν
1645 2483 1817 2559 εὐτυχῶ-

622 2611 713 2665 μεν,
750 2586 866 2649 etiamei
902 2586 1020 2670 relique
1054 2586 1137 2648 nobie
1165 2608 1310 2669 prospere
1344 2589 1472 2662 eadent;
1507 2586 1721 2652 Herwerdeuo
1750 2588 1818 2652 iam

624 2697 698 2758 ante
730 2694 763 2755 in
798 2698 941 2755 mentem
978 2697 1125 2756 venerat:
1161 2692 1271 2756 ἀλλὰ
1304 2690 1396 2770 κᾶν,
1429 2693 1512 2770 <εί>
1544 2694 1815 2773 εύτνχοῖμεν;

623 2797 832 2862 Leeuweniue
864 2802 972 2861 autem
1004 2799 1148 2861 coniicit:
1182 2797 1292 2862 ἄλλα
1325 2798 1410 2875 καί,
1442 2798 1475 2861 εί
1508 2798 1723 2878 τύχοιμεν.
1748 2798 1818 2865 Ele

624 2909 738 2988 gauter
761 2922 797 2965 ae
820 2901 1029 2986 probabiliter
1047 2923 1174 2979 omnes,
1194 2909 1231 2966 ut
1252 2903 1351 2968 vides.
1377 2902 1613 2968 Damnantibus
1633 2924 1708 2969 vero
1726 2925 1820 2969 vocu-

622 3008 687 3072 lam
721 3006 805 3085 ἄγαν
832 3029 896 3071 non
919 3006 1012 3092 plane
1035 3011 1200 3072 assentior.
1225 3005 1312 3084 ἄγαν
1336 3016 1408 3094 poet
1433 3010 1470 3073 ἄν
1494 3016 1648 3095 (quonum
1670 3013 1704 3074 in
1728 3009 1818 3076 librie

622 3114 716 3179 Mea.
748 3114 912 3178 interdum
944 3114 1164 3193 confunditur)
1196 3135 1301 3179 errore
1334 3118 1420 3180 nasei
1444 3137 1534 3201 posse
1559 3137 1576 3180 e
1601 3116 1820 3202 dittograpbia

623 3226 871 3284 consentaneum
902 3224 967 3298 eet3
1001 3227 1143 3284 attamen
1174 3222 1203 3284 si
1235 3221 1370 3285 πασσυδί
1397 3220 1481 3297 ἄγαν
1504 3222 1710 3301 διαφθαρῆναι
1734 3222 1820 3287 'Phu-

623 3326 733 3411 eydidi
759 3324 847 3402 (VIII
870 3346 896 3389 e.
924 3324 956 3404 l)
980 3332 1029 3389 est
1047 3348 1221 3406 prorsus
1238 3327 1361 3408 perire,
1388 3327 1500 3412 quidni
1522 3327 1609 3392 idem
1634 3327 1671 3393 de
1690 3329 1732 3392 iie
1752 3331 1820 3414 qui-

624 3433 683 3496 bue
704 3434 813 3496 omnia
833 3452 930 3515 quam
949 3434 1161 3516 prosperrime
1180 3432 1373 3517 procedunt,
1393 3432 1502 3510 ἄγαν
1523 3435 1667 3514 εύτνχεῖν
1679 3432 1819 3499 dederit?

625 3537 842 3617 Quamobrem
865 3557 926 3621 ego
950 3536 1156 3601 commendo:

670 3646 703 3708 ού
725 3644 790 3721 περὶ
811 3647 864 3706 τοῦ
884 3644 1117 3720 τιμωρήσασθαί
1135 3667 1204 3707 τινα
1227 3644 1265 3719 (ί
1290 3644 1398 3723 ἄγίον
1424 3645 1519 3721 ἡμῖν
1543 3643 1697 3726 ἔσται),
1717 3645 1818 3724 drab,

626 3747 700 3813 κᾶν
722 3747 832 3826 ἄγαν
856 3749 1049 3828 εύσνχῶμεν,
1074 3750 1138 3813 κτὲ.

672 3967 716 4031 IV
742 3988 768 4031 ο.
795 3966 837 4032 66
860 3968 877 4050 §
900 3968 928 4031 1.

671 4076 724 4136 τοῦ
757 4072 782 4136 δ’
814 4074 908 4137 αὑτοῦ
942 4071 1038 4151 ύὲρονς
1071 4080 1222 4152 Μεγαρῆς
1254 4070 1301 4155 [σί
1330 4075 1367 4138 ε’ν
1401 4082 1449 4155 τῇ
1482 4071 1617 4157 πόλει]
1649 4071 1819 4156 πιεζόμενοι

626 4175 687 4241 ύπύ
707 4202 742 4241 τε
767 4177 932 4250 Ἀθηναίων
955 4180 997 4256 τῷ
1022 4176 1147 4257 πολέμῳ
1171 4178 1219 4243 ἄεί
1244 4180 1316 4244 κατ’
1344 4176 1409 4251 ἔτος
1433 4175 1563 4243 ἕκαστον
1586 4179 1629 4251 δίς
1651 4179 1822 4256 ίσβαλλύν-

625 4309 684 4348 παν
708 4290 906 4365 πανστρατιᾷ
933 4284 962 4354 ἐς
988 4285 1042 4358 τὴν
1065 4285 1181 4363 χώραν,
1206 4286 1258 4349 καί
1282 4284 1340 4349 tet
1364 4291 1439 4351 τῶν
1463 4289 1671 4366 σφετέρων
1694 4285 1822 4364 Φνγᾶ-

627 4389 643 4453 δ
652 4414 697 4452 σιν
722 4395 781 4452 τῶν
806 4391 840 4452 ἐκ
865 4395 978 4468 Πηγῶν
1002 4390 1067 4454 κτὲ.

671 4493 774 4558 Verba
798 4493 920 4558 seclusa
944 4497 1074 4559 omnino
1100 4496 1200 4559 otiosa
1223 4516 1291 4560 esse
1315 4502 1347 4561 et
1370 4494 1593 4582 magistellum
1616 4517 1725 4581 eapere
1748 4497 1820 4580 quie

623 4601 811 4686 praesertim
853 4599 1036 4664 admonitus
1075 4621 1137 4664 uon
1178 4598 1295 4664 sentit?
1340 4601 1568 4687 „Megarenses
1602 4623 1677 4666 eum
1711 4607 1744 4666 et
1778 4602 1817 4666 ab

623 4705 872 4770 Atheniensibus
901 4704 986 4771 bello
1017 4713 1239 4791 premerentur
1260 4712 1293 4771 et
1317 4727 1335 4771 a
1358 4706 1424 4770 eale
1448 4705 1605 4770 οιιιιίὶύαι”
1630 4713 1723 4792 (quos
1746 4706 1815 4778 τοὺς

625 4809 681 4886 ἔξω
715 4817 809 4875 vocat
838 4809 896 4875 Th.
928 4810 1012 4896 W),
1043 4833 1123 4876 num
1153 4812 1234 4876 forte
1263 4811 1444 4897 periculum
1475 4819 1543 4877 eret
1573 4833 1613 4877 ne
1639 4815 1711 4898 quie
1734 4815 1819 4878 iuter

625 4915 800 5003 legendum
823 4920 908 4982 cives
930 4917 1005 4983 illos
1029 4917 1250 5003 Megarenses,
1275 4919 1314 4983 de
1338 4918 1455 5002 quibus
1477 4940 1561 4984 nune
1585 4922 1728 5004 primum
1750 4941 1820 4986 nar-
