5125 6150
1059 1449 1132 1539 AD
1162 1449 1552 1542 ARISTOPHANIS
1581 1453 1732 1543 Avis,

1342 1656 1465 1698 scnlrsrr

1140 1809 1169 1875 J.
1194 1807 1281 1874 vsu
1303 1808 1516 1874 nnnuvnn
1540 1809 1570 1875 J.
1582 1829 1611 1875 ι.
1629 1811 1652 1890 1)

1308 2082 1493 2127 *090—

1384 2312 1410 2377 l.

849 2496 896 2562 De
918 2497 1042 2562 Avibus
1064 2496 1304 2582 Aristophanis,
1328 2496 1420 2560 euius
1443 2494 1571 2560 fabulae
1591 2495 1765 2562 editionem
1784 2515 1877 2582 paro,
1898 2514 1989 2580 quaa

804 2603 878 2667 dam
902 2602 1143 2680 observaturus,
1167 2605 1298 2666 initium
1316 2602 1433 2667 faciam
1451 2601 1490 2666 ab
1510 2623 1574 2668 uno
1593 2609 1626 2667 et
1644 2601 1744 2669 altero
1762 2601 1848 2679 loeo,
1871 2601 1987 2686 quibus

804 2713 913 2776 nocuit
935 2713 1035 2775 nimia
1056 2709 1249 2774 Ravennatis
1271 2708 1387 2774 codicis
1411 2709 1504 2773 lama.

850 2816 876 2882 E
900 2817 1043 2882 versibus
1066 2816 1280 2881 festivissimis
1305 2814 1436 2880 39-41

986 2923 1011 2988 ol
1034 2923 1090 3000 μὲν
1115 2923 1177 3005 γὰρ
1200 2918 1249 2987 οὖν
1273 2923 1416 3001 τέττιγες
1440 2918 1494 2986 ἕνα
1516 2925 1588 3001 μῆν’
1612 2924 1629 2999 ἢ
1654 2922 1705 2988 δύο

986 3029 1035 3095 ἐπὶ
1059 3036 1117 3095 τῶν
1139 3029 1252 3110 κραδῶν
1275 3028 1388 3113 ᾄδοιτ’,
1414 3029 1566 3104 Ἀθηναῖοι
1589 3028 1614 3094 δ’
1639 3029 1687 3094 osi

986 3136 1036 3202 tet
1059 3142 1116 3200 τῶν
1140 3137 1225 3202 δικῶν
1248 3138 1352 3220 ᾅδουσι
1378 3136 1483 3201 πάντα
1508 3140 1560 3202 τὸν
1582 3137 1660 3216 βίον,

803 3243 952 3308 librarius
982 3242 1176 3309 Ravennatis
1205 3245 1302 3309 verba
1333 3246 1484 3318 'Ainesios
1499 3282 1540 3292 —-
1554 3244 1657 3328 ᾅδουσι
1688 3246 1813 3322 omisit,
1844 3264 1919 3308 oum
1947 3243 1986 3308 ab

803 3350 902 3415 altero
936 3350 1039 3433 ᾄδουσι
1074 3349 1113 3414 ad
1147 3348 1286 3415 alterum
1320 3351 1516 3416 aberrassent
1550 3354 1619 3415 eius
1649 3349 1750 3429 oouli;
1781 3349 1988 3415 Piceolomini

805 3465 914 3522 autom
944 3458 1075 3522 fortasse
1105 3458 1163 3522 hae
1193 3478 1287 3523 oausa
1318 3467 1441 3536 motus,
1466 3457 1541 3524 lieet
1563 3461 1631 3543 ipse
1654 3464 1767 3544 neget,
1790 3477 1920 3522 versum
1944 3456 1986 3519 41

805 3562 902 3630 deleri
936 3566 1041 3628 iussit.
1077 3566 1119 3628 At
1151 3585 1187 3629 eo
1219 3566 1336 3629 omisso
1368 3586 1461 3630 nemo
1491 3563 1657 3651 intelleget
1688 3585 1745 3629 cur
1769 3585 1870 3649 quove
1894 3584 1988 3628 sensu

805 3669 1013 3734 Athenienses
1047 3692 1159 3751 semper
1193 3693 1298 3734 canere
1332 3670 1487 3736 dicantur.
1530 3670 1564 3736 Si
1598 3674 1669 3756 quis
1704 3677 1813 3735 autom
1848 3667 1990 3734 cumula-

804 3780 890 3842 tione
925 3777 1096 3842 verbornm
1130 3777 1180 3840 aial
1307 3781 1413 3843 adora
1450 3778 1500 3841 τὸν
1535 3778 1603 3857 βίον
1637 3778 1814 3851 offenditur,
1853 3779 1990 3842 coniciet

805 3886 912 3971 potius
936 3882 967 3947 δέ
992 3906 1035 3947 τοι
1059 3903 1115 3968 pro
1138 3884 1164 3947 δ’
1188 3885 1239 3948 ἀεί
1262 3905 1358 3970 quam
1381 3892 1486 3950 totum
1511 3906 1639 3949 versum
1664 3886 1789 3950 abiciat.
1813 3882 1874 3948 Sed
1897 3904 1936 3947 ne
1955 3882 1989 3947 id

805 3990 934 4076 quidem
968 3991 1181 4055 necessarium
1217 3991 1313 4074 duco,
1351 4013 1424 4056 nam
1460 3998 1532 4077 apto
1563 3999 1633 4077 post
1657 3992 1751 4056 breve
1773 3988 1854 4055 illud
1876 4013 1989 4071 semper

804 4098 914 4163 sudem
937 4099 1026 4162 notio
1050 4095 1279 4174 ἐτεξηγητικῶς
1305 4098 1407 4163 denuo
1433 4104 1578 4184 urgetur,
1602 4099 1695 4161 utin
1719 4117 1862 4162 sermone
1884 4098 1989 4181 quoti·

805 4204 918 4282 diano,
950 4202 1067 4268 additis
1097 4206 1130 4267 in
1161 4202 1222 4267 fine
1245 4207 1420 4269 sententiae
1444 4204 1549 4269 verbis
1571 4203 1677 4268 πάντα
1702 4203 1753 4267 τὸν
1776 4203 1853 4280 βίον,
1879 4222 1990 4287 quem·

803 4310 976 4377 admodum
1000 4309 1076 4375 alibi
1100 4313 1279 4396 iunguntur
1303 4310 1350 4373 ἀεὶ
1455 4311 1602 4374 ἑκάστοτε
1616 4311 1653 4396 ²).

849 4494 961 4560 Simile
983 4495 1059 4580 quid
1082 4493 1167 4560 valet
1190 4494 1228 4559 ds
1251 4513 1345 4559 versu
1369 4492 1422 4558 59.
1443 4493 1526 4559 Sunt
1543 4490 1708 4578 Euelpidis
1728 4491 1824 4557 verba
1842 4490 1987 4577 Epopem

805 4605 984 4667 evocantis:

807 4739 975 4748 ——---—..
988 4744 998 4749 -

841 4815 865 4875 1)
886 4814 917 4859 De
935 4812 1039 4861 versibus
1059 4812 1105 4863 147
1124 4818 1148 4861 et
1168 4813 1215 4864 785
1230 4829 1280 4877 sqq.
1298 4829 1358 4877 quse
1375 4812 1511 4870 observavi,
1529 4812 1630 4877 repetitu
1647 4816 1702 4861 sunt
1719 4828 1732 4861 s
1749 4809 1810 4862 libro
1827 4812 1851 4862 iu
1870 4812 1987 4864 bonorem

805 4893 849 4940 viri
867 4893 896 4940 ol.
916 4893 976 4940 Boot
994 4909 1068 4957 nuper
1085 4911 1099 4942 a
1115 4895 1242 4959 philologis
1259 4895 1404 4944 nostratibus
1420 4894 1564 4958 conscripto.

839 4973 863 5033 2)
881 4975 944 5024 Nub.
963 4974 1026 5025 127⁹
1035 4991 1068 5039 sq.
1087 4978 1123 5038 (et
1142 4978 1243 5038 lesse).

667 5217 852 5345 A
