5125 6150
686 804 750 870 164
1192 818 1360 867 summus.

730 986 748 1069 ξ
768 984 827 1049 27:
848 985 900 1047 καὶ
922 985 956 1048 σὲ
976 981 1121 1059 α’ξιοῦμεν
1140 981 1387 1057 τιμωρήσειν
1409 981 1491 1053 ἡμῖν.
1512 980 1646 1044 Prorsus
1662 985 1875 1047 necessarium

684 1097 733 1154 est
755 1098 1006 1169 τιμωρῆσαι,
1032 1089 1072 1153 cf.
1097 1089 1197 1153 Reitz.
1222 1108 1253 1171 p.
1279 1085 1343 1150 481
1370 1085 1429 1150 ud.
1455 1086 1526 1170 Bip.

728 1309 746 1392 ᾖ
768 1307 821 1370 34.
854 1306 1011 1370 Ridentur
1034 1304 1217 1389 philosophi
1239 1305 1279 1370 ad
1304 1306 1445 1370 divitum
1468 1325 1595 1368 mensas
1618 1304 1773 1381 adhibiti,
1798 1305 1875 1380 πέρα

682 1418 735 1476 τοῦ
766 1419 868 1484 καλῶς
900 1412 1025 1490 ἔχοντος
1056 1412 1276 1490 ἐμφορούμενοι
1309 1412 1361 1474 καὶ
1386 1411 1590 1490 μεμψίμοιροι
1615 1411 1794 1487 φαινόμενοι
1821 1410 1873 1472 καὶ

683 1520 734 1584 ἐπὶ
759 1526 814 1590 τῆς
836 1519 959 1590 κύλικος
979 1520 1099 1591 α’τερπιῖ
1123 1518 1175 1580 καὶ
1198 1517 1308 1596 ἀπῳδὰ
1329 1522 1571 1594 φιλοσοφοῦντες
1593 1517 1718 1580 καὶτὸν
1740 1514 1875 1589 ἄκρατον

683 1627 724 1688 οθ
756 1625 962 1704 φέροντες.
1001 1623 1164 1688 Ultimum
1193 1623 1252 1687 hoe
1283 1618 1389 1686 nescio
1420 1621 1579 1706 quomodo
1611 1622 1693 1686 mihi
1718 1621 1877 1707 displicet.

683 1729 766 1794 Sunt
798 1728 848 1792 illi
882 1749 1010 1793 voraces
1045 1735 1077 1792 et
1112 1727 1200 1791 ultre
1232 1748 1331 1812 quam
1361 1727 1451 1792 deeet
1482 1730 1579 1812 genio
1607 1726 1788 1812 indulgent,
1820 1728 1876 1791 sed

682 1834 876 1899 temulentia
910 1856 994 1898 nune
1028 1833 1158 1919 quidem
1193 1854 1255 1897 non
1290 1835 1449 1918 arguitur.
1485 1832 1619 1896 Malim:
1657 1835 1707 1895 τὸν
1741 1829 1876 1912 ἄκρατον

683 1943 913 2020 ῥοφοῦντες.

1206 2120 1360 2201 Colopho.

728 2287 805 2371 §lt
838 2285 882 2353 έςι
915 2287 949 2348 πθ
980 2252 1140 2362 πορθμεῖον
1171 2284 1235 2363 τρὶς
1267 2284 1323 2359 ἤδη
1347 2285 1475 2361 τήμερον
1501 2285 1875 2350 ἀναπεπλευκέναι

684 2393 858 2469 δυνάμενον.
882 2391 988 2456 Malo:
1013 2391 1387 2468 θιατεπλευκέναι,
1410 2389 1483 2455 coll.
1509 2389 1583 2471 §20
1607 2396 1639 2455 et
1662 2390 1716 2455 21.

730 2613 748 2696 ᾗ
769 2609 830 2674 29:
864 2609 991 2674 δεθέσθυ
1018 2607 1280 2684 μεμνημένος
1303 2605 1341 2671 ὦν
1365 2605 1480 2685 ἔπραξε
1504 2607 1592 2687 παρὰ
1616 2608 1667 2671 πθν
1691 2606 1771 2683 βίον.
1796 2607 1878 2693 Sup-

685 2716 857 2801 plendum:
888 2716 1083 2791 μεμνημένος
1113 2714 1214 2794 (θεέ).
1248 2713 1352 2778 Aliter
1381 2712 1602 2778 Hartmannus
1629 2713 1714 2775 stud.
1746 2713 1875 2778 dociae

685 2844 716 2906 p.
743 2820 797 2886 64.

1090 3001 1138 3063 De
1158 3002 1289 3063 mercede
1312 3000 1472 3063 conductio.

731 3183 808 3271 §72
840 3183 926 3247 θσαοι
957 3186 1020 3259 γὰρ
1053 3183 1083 3245 έν
1105 3185 1146 3260 τῷ
1172 3190 1281 3261 τυχεῖν
1306 3182 1360 3255 την
1382 3183 1521 3245 θιθλυσιν
1545 3186 1598 3245 τοῦ
1622 3178 1729 3256 ἔρωτος
1752 3205 1877 3258 γενησο-

685 3291 797 3367 μένην·
834 3288 951 3361 ταύτην
983 3283 1032 3351 οὖν
1067 3285 1339 3351 ἀποκλείουσι
1371 3288 1423 3349 καὶ
1457 3285 1635 3366 ζηλοτύπως
1666 3288 1875 3365 φυλάττουσι.

685 3394 805 3460 Vemm
835 3398 863 3459 si
893 3394 969 3479 quid
997 3394 1212 3472 φυλάττομεν,
1245 3413 1307 3456 non
1339 3391 1549 3468 excludimus,
1578 3392 1633 3456 sed
1658 3391 1875 3457 occludimus:

685 3501 769 3565 unde
793 3508 952 3584 praestare
976 3499 1129 3563 dixerim:
1154 3499 1467 3562 κατακλείουσι.

732 3715 831 3801 §l2:
864 3716 997 3786 ε’ννθησον
1030 3713 1124 3791 ιἰνθρα
1156 3715 1186 3777 έν
1216 3716 1314 3789 βαθεῖ
1341 3713 1499 3791 πώγωνι
1526 3714 1576 3777 καὶ
1602 3720 1698 3797 πολιᾷ
1722 3724 1760 3795 τῇ
1785 3716 1874 3794 κόμη.

686 3821 808 3886 Immo:
834 3821 863 3883 ε’ν
881 3823 983 3899 βαθεῖ
1003 3823 1081 3902 (τῷ)
1104 3823 1236 3897 πώγωνι.

731 4036 830 4124 517:
862 4043 952 4102 τοῦτο
986 4039 1058 4112 ἡμῖν
1089 4038 1162 4115 πρὸς
1193 4044 1255 4107 τοῖς
1280 4034 1389 4109 ἄλλοις
1414 4036 1552 4107 δεινοῖς
1577 4038 1727 4102 έλεέπετο.
1753 4037 1874 4102 Verum

687 4165 754 4209 esse
778 4145 926 4208 coniieio:
951 4141 1090 4206 θεινθν.

732 4359 831 4444 517:
865 4360 964 4424 καίτοι
997 4361 1028 4422 τι’
1059 4361 1120 4427 ἕςιν
1151 4360 1203 4438 ἐφ’
1235 4356 1292 4437 ὅτῳ
1317 4365 1522 4435 προτιμῶνται
1550 4362 1649 4437 luein
1680 4362 1712 4424 οὐ
1736 4361 1876 4439 ῥημάτια

687 4466 801 4536 δθςηνα
834 4467 978 4541 λέγοντες
1002 4463 1117 4528 οθονταέ
1140 4488 1168 4526 τι
1194 4464 1400 4539 παμμέγεθες
1423 4467 1571 4541 θφελεῖν;
1597 4464 1793 4529 Fritzsehius
1815 4487 1878 4529 rec-

690 4572 813 4633 tissime
837 4574 935 4634 sensit
958 4571 1009 4633 hic
1033 4568 1155 4653 aliquid
1178 4568 1285 4633 deesse
1307 4569 1346 4633 ed
1370 4569 1432 4633 loci
1454 4572 1694 4654 integritatem,
1719 4571 1773 4634 sed
1793 4571 1878 4654 quod

687 4682 846 4758 expuncta
876 4677 1044 4760 negatione
1073 4677 1107 4738 in
1140 4680 1265 4737 textum
1296 4672 1424 4737 intulit:
1458 4681 1521 4747 μῶν
1546 4676 1696 4751 ῥημάτια,
1727 4678 1760 4738 in
1785 4696 1821 4738 ea
1844 4696 1877 4739 re

688 4800 763 4843 eum
794 4782 876 4843 ratio
899 4783 1027 4866 egregie
1051 4778 1173 4843 fefellit.
1198 4779 1292 4843 Latet
1316 4782 1436 4844 vitium
1459 4780 1634 4844 admodum
1660 4779 1809 4868 vulgare:
1842 4777 1877 4845 ol

687 4882 835 4963 ῥημθτια.
859 4884 998 4949 Verbum
1023 4907 1085 4950 non
1107 4883 1233 4949 addam.
