5125 6150
696 783 740 849 28
1043 802 1083 848 nr
1106 800 1315 847 :comosus
1336 800 1523 847 mneosu.

695 988 713 1032 e
736 965 841 1032 Marte
865 966 932 1032 deo.
967 966 1056 1032 Idem
1078 967 1208 1031 fortasse
1230 982 1325 1051 poeta
1348 982 1500 1051 quartum
1524 967 1652 1032 heroem
1674 970 1801 1033 invonit
1825 967 1884 1033 Er-

694 1076 827 1160 ginum,
859 1088 982 1158 patrem
1013 1072 1186 1157 Trophonii
1209 1086 1238 1136 et
1264 1072 1455 1158 Agamedis.
1478 1094 1535 1137 nec
1558 1073 1728 1138 obscurum
1752 1073 1886 1138 videtur

694 1201 790 1265 quare
812 1201 888 1245 eum
911 1181 1034 1244 crearit.
1066 1177 1134 1257 Qua
1158 1178 1196 1242 de
1218 1199 1251 1242 re
1274 1177 1370 1262 paulo
1393 1179 1497 1242 fusius
1520 1179 1600 1243 mihi
1624 1179 1788 1265 agendum
1812 1186 1882 1257 est,

692 1308 766 1351 cnm
790 1290 898 1372 ipsum
919 1285 1017 1349 huius
1040 1287 1233 1369 quaestionis
1256 1283 1416 1349 cardinem
1439 1292 1562 1371 tangat.

738 1393 813 1457 lude
844 1414 862 1456 a
893 1404 1035 1476 tempore
1062 1393 1286 1474 antiquissimo
1308 1389 1507 1475 Trophonius
1530 1406 1563 1455 et
1586 1392 1682 1456 irater
1704 1396 1882 1456 structores

693 1501 788 1583 periti
811 1497 960 1561 videntur
983 1518 1049 1561 esse
1069 1497 1187 1561 habiti:
1208 1499 1377 1581 scriptores
1396 1512 1502 1560 tamen
1520 1500 1576 1581 qui
1594 1504 1668 1562 ante
1685 1498 1881 1563 Pausaniam

693 1606 841 1669 vixeumt
862 1606 981 1667 mirum
1001 1603 1038 1667 de
1057 1623 1093 1667 ea
1114 1623 1147 1666 re
1160 1620 1287 1667 servam
1300 1601 1474 1667 silentium.
1495 1602 1620 1689 Hymn.
1633 1602 1736 1689 Apoll.
1751 1626 1797 1670 vs.
1812 1603 1879 1669 296

692 1709 832 1796 legimus
854 1709 997 1795 quidem:

869 1815 971 1879 λάϊνον
994 1814 1077 1879 οὐδὸν
1101 1814 1186 1888 ἔθηκε
1211 1816 1383 1895 Τροφῶννος
1406 1814 1452 1889 ἠδ’
1474 1815 1661 1892 'Arestoridae

870 1923 943 1992 υἱεῖς
969 1922 1117 1999 Ἐργῖνον,
1141 1922 1226 2001 Φίλον
1252 1922 1430 1986 ὶθενότοιοι
1453 1924 1571 1999 θεοῖσιν,

693 2030 750 2092 ubi
779 2029 817 2093 de
845 2027 913 2093 solo
941 2026 1065 2114 lapideo
1095 2031 1128 2091 in
1153 2026 1312 2112 Apollinis
1334 2026 1483 2114 Delphici
1506 2050 1594 2094 sacro
1617 2048 1721 2093 sermo
1745 2027 1797 2104 fit,
1822 2029 1876 2094 sed

690 2155 791 2218 nequo
821 2133 1019 2209 Herodotus,
1051 2133 1125 2198 licet
1157 2133 1279 2199 duobus
1310 2132 1387 2198 locis
1416 2133 1610 2213 q1,to,12;
1642 2133 1726 2212 VIII,
1753 2132 1830 2211 134,
1843 2133 1878 2214 3)

645 2232 650 2239 ’
690 2239 854 2305 oraculum
885 2238 1059 2326 Trophonii
1083 2255 1320 2313 commemoret,
1346 2239 1419 2305 licet
1445 2241 1625 2306 uberrimus
1650 2243 1692 2304 sit
1716 2242 1750 2303 in
1772 2261 1878 2305 narra-

690 2350 776 2413 tione
797 2347 836 2411 de
855 2349 1002 2411 thesauro
1022 2346 1254 2432 Rhampsiniti,
1275 2367 1356 2433 quae
1368 2348 1490 2411 homini
1502 2345 1554 2411 rel
1566 2349 1707 2411 maximo
1718 2345 1875 2412 oblivioso

690 2455 857 2518 historiam
877 2452 915 2517 de
931 2453 1091 2516 architecto
1110 2450 1293 2538 Trophonio
1310 2455 1344 2516 in
1364 2455 1551 2517 memoriam
1571 2473 1717 2518 revocare
1728 2452 1874 2529 deberet,

688 2579 790 2644 neque
825 2561 939 2644 tragici
974 2557 1082 2622 ullum
1116 2559 1250 2623 verbum
1280 2558 1318 2623 de
1349 2558 1405 2621 dac
1434 2557 1610 2644 Trophonii
1636 2557 1874 2644 Agamedisque

689 2667 803 2751 peritia
833 2664 951 2728 dicunt.
988 2664 1156 2750 Euripides
1188 2664 1410 2729 tantummodo
1439 2663 1583 2749 loquitur
1611 2663 1694 2744 (Ion.
1718 2685 1765 2728 vs.
1792 2663 1874 2745 300)

690 2771 728 2836 dc
764 2778 864 2844 σηκοῖς
895 2771 1080 2851 Τροφωνίου,
1111 2774 1132 2834 i.
1153 2792 1180 2835 e.
1213 2771 1251 2835 de
1281 2792 1368 2835 sacro
1398 2769 1476 2835 loco.
1512 2767 1635 2837 Comici
1658 2791 1793 2856 quoque,
1818 2774 1874 2856 qui

690 2878 894 2944 vehomenter
916 2880 950 2941 in
973 2880 1150 2941 vanitatem
1172 2878 1270 2941 huius
1293 2879 1529 2962 superstitionis
1552 2879 1672 2940 insecti
1689 2882 1764 2940 sunt
1780 2876 1815 2956 ¹),
1834 2876 1873 2941 de

688 2990 756 3049 arte
779 2982 961 3048 aedificandi
985 2982 1089 3048 chidra
1112 2982 1214 3060 λέγον.
1240 2982 1416 3068 Suspiceris
1440 2984 1505 3048 fore
1528 2997 1629 3048 totam
1647 2984 1872 3066 antiquitatem

687 3111 841 3155 versuum
865 3089 1021 3174 Apollinis
1043 3089 1168 3176 Hpmni
1193 3092 1290 3154 fuisse
1313 3088 1446 3154 oblitam
1472 3110 1572 3175 usque
1594 3088 1633 3153 od
1656 3087 1872 3168 scholiastam,

687 3198 744 3280 qui
766 3194 850 3258 Nub.
875 3194 940 3259 :308
965 3196 1128 3260 observat:
1150 3198 1220 3278 [Το.
1242 3196 1293 3259 καὶ
1314 3198 1378 3277 Ἀ.]
1398 3196 1449 3259 τὸν
1468 3196 1497 3259 ἐν
1518 3202 1656 3273 Δελφοῖς
1675 3195 1873 3267 ’Λπόλλωνος

687 3301 758 3365 ναὸν
787 3301 1019 3379 insidiisque.
1053 3300 1179 3366 Dixeris
1209 3301 1427 3387 Trophonium
1451 3300 1579 3366 Graecis
1603 3299 1735 3365 Periclis
1757 3303 1873 3365 aetatis

688 3428 815 3472 merum
844 3419 950 3472 vatem
983 3408 1096 3482 fuisse,
1128 3410 1273 3492 quinimo
1303 3407 1454 3472 audacius
1477 3409 1647 3471 conieceris
1670 3426 1780 3471 versus
1805 3403 1873 3471 lau·

689 3514 778 3579 datos
807 3535 875 3578 sero
905 3518 938 3578 in
968 3514 1129 3599 hymnum
1159 3536 1225 3578 esse
1255 3513 1361 3578 illatos
1389 3516 1442 3579 rel
1466 3521 1566 3578 totam
1590 3515 1705 3600 hymni
1728 3519 1872 3598 partem,

689 3640 769 3704 quae
799 3619 837 3683 de
868 3619 925 3684 deo
957 3620 1087 3705 pythico
1118 3635 1193 3704 agat
1224 3616 1389 3705 Cynaetho
1419 3620 1578 3697 (Κύναιθος
1604 3626 1674 3690 Χῖος
1697 3615 1728 3689 ὃν
1752 3619 1803 3683 τὸν
1827 3620 1872 3692 εἰς

687 3724 873 3788 Ἀπόλλωνα
906 3727 1125 3803 γεγραμμένον
1157 3722 1248 3801 ὕμνον
1272 3725 1403 3802 λέγετον
1427 3723 1623 3799 πεπονηκέναι
1646 3723 1752 3789 Schol.
1774 3724 1869 3789 Pind.

686 3830 778 3895 Nem.
803 3829 845 3907 II,
869 3829 903 3909 2)
934 3852 1001 3895 esse
1032 3833 1237 3895 recentiorem
1250 3829 1286 3910 ’λ
1318 3830 1380 3895 Sed
1404 3829 1561 3896 scholium
1585 3830 1743 3915 quoddam
1766 3850 1871 3895 recen-

686 3939 812 4001 tissimo
842 3945 984 4021 tompore
1015 3939 1183 4000 inventum
1215 3946 1336 4001 tantam
1367 3937 1532 4002 eudociam
1563 3936 1698 4023 repellit.
1733 3935 1871 4023 Scripsit

686 4044 772 4108 enim
802 4040 839 4105 E.
864 4041 972 4106 Rohde
994 4044 1029 4105 in
1052 4039 1222 4128 Philologo
1248 4041 1371 4105 XXXV
1395 4065 1425 4127 p.
1452 4042 1516 4108 199
1540 4045 1634 4108 haec:
1668 4042 1738 4120 „lm
1761 4039 1868 4108 Codex

686 4147 850 4213 Palatinus
872 4146 914 4211 73
938 4147 994 4211 der
1016 4147 1248 4212 vaticanischen
1273 4147 1450 4213 bibliothek
1473 4148 1569 4213 findet
1588 4150 1655 4213 sich
1674 4170 1712 4212 zu
1730 4147 1871 4214 hucians

686 4251 768 4317 Dial.
793 4253 889 4319 Mort.
914 4252 961 4317 III
985 4267 1087 4318 zuerst
1112 4257 1163 4318 ein
1188 4253 1353 4329 Scholion,
1380 4253 1513 4320 welches
1536 4259 1597 4320 mit
1621 4254 1726 4319 Sohol.
1751 4253 1791 4319 G.
1817 4256 1869 4320 bei

686 4358 775 4421 Reitz
806 4359 830 4435 1,
863 4384 892 4444 p.
927 4358 1058 4436 338,11
1098 4360 1364 4425 tibereiustimmt.
1401 4359 1492 4425 Danu
1523 4363 1622 4427 heiszt
1653 4383 1685 4426 es
1717 4362 1790 4426 eber
1818 4365 1867 4426 im

687 4461 852 4527 Palatinus
884 4469 1007 4531 weiter:
1039 4470 1145 4530 τοῦτον
1176 4468 1238 4545 γὰρ
1270 4469 1321 4532 τὸν
1344 4470 1514 4547 Τροφώνιον
1539 4469 1591 4532 καὶ
1614 4470 1666 4534 τὸν
1688 4465 1785 4532 ἄλλον
1808 4475 1869 4546 (eo-

721 4676 743 4734 l)
769 4673 820 4722 t'id.
846 4692 883 4740 ap.
911 4678 1056 4727 hlcinckiun
1080 4679 1166 4741 fragm.
1190 4679 1298 4737 Cratini,
1323 4679 1491 4744 Cephisodoti,
1516 4681 1633 4739 Alexidis,
1657 4681 1785 4730 Menandri
1808 4697 1825 4730 s
1843 4697 1866 4730 v.

686 4756 843 4820 Trophonius.

718 4839 742 4898 2)
767 4840 819 4887 Vid.
845 4843 887 4889 ilie
911 4840 1081 4891 Homerischeu
1106 4844 1217 4907 Hymueu
1240 4844 1334 4892 Gemoll
1358 4862 1381 4908 p.
1399 4846 1458 4893 lta:
1480 4846 1559 4893 ‚Oder
1576 4845 1645 4893 sollte
1662 4846 1703 4893 der
1720 4850 1868 4908 sogennuute

684 4921 806 4988 pythische
825 4924 935 4986 Hymnus
952 4928 1001 4972 eret
1017 4926 1075 4973 nach
1093 4925 1239 4989 Thucydides
1255 4927 1362 4975 ἰιΙΙεοῖ)υ
