5125 6150
1117 798 1283 847 numurus.
1746 779 1787 846 15

597 966 851 1045 συναθριντα
874 962 982 1041 λέγειν
1005 963 1104 1047 φασί,
1130 966 1229 1028 miror
1251 962 1516 1029 Vulelrenaerium
1535 984 1598 1028 nou
1616 963 1787 1029 attendisse

597 1075 750 1138 enimnm
770 1092 828 1137 neo
847 1072 1037 1137 correxisse:
1059 1070 1306 1147 συνείροντα.
1328 1068 1437 1134 Unum
1456 1075 1616 1155 praeterea
1627 1068 1791 1154 Euripidis

595 1179 709 1245 locum
745 1179 896 1245 enotsbo:
932 1180 962 1242 is
996 1175 1117 1263 legitur
1150 1174 1263 1240 Troad.
1302 1173 1406 1240 1039:
1443 1177 1488 1257 χή
1522 1175 1637 1255 Κύπρις
1672 1174 1791 1250 sem

598 1285 697 1366 χάριν
718 1323 763 1337 -
784 1285 887 1363 iem
909 1284 1082 1360 ἐνεῖται,
1103 1282 1157 1347 sed
1177 1281 1357 1369 elegantius
1377 1281 1457 1347 duoo
1478 1283 1673 1359 ἕνεῒρται,
1698 1284 1792 1347 sicuti

598 1392 739 1458 Romani
763 1413 859 1457 suum
881 1391 1012 1455 inserere
1033 1396 1198 1475 usurpent.
1223 1387 1279 1455 off.
1299 1394 1461 1475 praeterea
1480 1387 1644 1454 Fritosohii
1664 1386 1789 1469 Quseet.

597 1499 735 1566 Lucien.
760 1520 790 1584 p.
818 1497 871 1562 41.

645 1734 718 1818 ξ9.
750 1732 825 1798 Sine
856 1753 952 1797 sensu
982 1730 1104 1796 editur:
1132 1733 1225 1793 ἐκεῖνα
1250 1728 1306 1802 μὲν
1330 1724 1386 1796 ico
1411 1728 1578 1807 πρθχειραν,
1603 1732 1641 1801 ὠς
1666 1727 1789 1805 θμεινιν

597 1836 642 1914 ἦν
676 1839 728 1902 καὶ
749 1837 887 1909 ἄλλως
910 1838 924 1902 θ
949 1838 1073 1911 ποιητὴς
1097 1833 1167 1906 ἴσως
1190 1830 1313 1914 διεξῄει.
1344 1833 1415 1919 Ipse
1438 1840 1603 1900 contextus
1628 1836 1791 1903 evidenter

596 1945 743 2030 flagitet:
772 1946 809 2015 ὥς
835 1941 1101 2019 bostrensium}
1126 1942 1247 2011 αὐτὸς
1272 1941 1286 2002 θ
1310 1941 1446 2014 roseric.

645 2177 746 2264 §131
782 2181 886 2258 ἡσυχῇ
921 2200 967 2246 τις
1003 2175 1047 2240 tv
1081 2172 1303 2254 ὑπεφθέγξατο
1335 2176 1588 2255 προσποιούμενος
1620 2176 1790 2242 λανθάνειν.

598 2286 714 2351 Otiose
737 2283 894 2369 partionis
915 2289 979 2359 est;
1004 2302 1172 2366 reponam:
1196 2283 1298 2364 ἡσυχῇ
1318 2305 1365 2353 τις
1389 2281 1768 2362 θνθνιιεφθέγξατι.

647 2519 747 2600 §142
774 2519 876 2597 Φωνθρν
900 2519 1031 2582 ἀκοῦσαι
1053 2515 1176 2579 πάντων
1196 2513 1256 2590 ἔφη
1278 2525 1358 2596 καινῇ
1383 2515 1617 2593 προεμένων.
1644 2515 1790 2581 Stultum

598 2626 662 2691 hoo
692 2631 742 2689 est
772 2645 829 2710 pro
862 2621 1117 2701 προϊεμένων.
1150 2622 1215 2686 Neo
1243 2619 1399 2685 dissimile
1423 2623 1542 2686 vitium
1565 2628 1612 2685 est
1634 2621 1707 2707 §35
1731 2647 1791 2687 κα-

599 2733 743 2795 dixero
769 2751 824 2816 pro
849 2731 1028 2795 καθῖιιτι.

647 2961 740 3049 §38
774 2962 810 3027 In
840 2963 932 3029 libris
961 2968 1010 3028 est
1033 2965 1100 3027 sine
1123 2981 1232 3026 sensu:
1259 2962 1362 3025 οὐκοῦν
1386 2961 1453 3024 καὶ
1479 2963 1601 3032 αὐτὸς
1626 2965 1698 3036 ἡμῖν
1722 2964 1792 3040 ε’ρᾶν

598 3070 783 3148 ductorum
814 3067 1008 3135 Fritzsehius
1039 3072 1110 3155 post
1140 3068 1232 3138 αὐτὸς
1263 3070 1398 3133 inseruit
1422 3073 1479 3131 τῶν
1504 3070 1620 3132 αὐτῶν·
1644 3074 1729 3136 reete
1752 3071 1792 3136 ad

599 3180 814 3253 sententiam,
839 3177 893 3241 sed
917 3197 1031 3262 perum
1050 3175 1227 3262 elegantem
1248 3175 1361 3259 quodsi
1380 3178 1413 3238 in
1434 3182 1576 3260 tempore
1595 3180 1794 3244 meminisset

599 3284 757 3350 confundi
786 3283 886 3349 solere
918 3285 956 3354 ὥς
987 3289 1018 3348 st
1049 3283 1121 3359 καθ,
1153 3304 1215 3347 non
1246 3281 1357 3346 dubito
1381 3284 1457 3366 quin
1482 3281 1665 3348 maluisset:
1688 3286 1791 3349 ιθκιῡν

599 3390 792 3460 draitona
817 3391 889 3464 ἡμῖν
912 3390 981 3468 ἐρᾶν
1005 3389 1183 3466 duetorem
1209 3387 1327 3453 Itidem
1347 3387 1612 3453 Hemsterhusius
1633 3391 1790 3456 conferen-

601 3498 665 3563 dus
688 3519 719 3582 p.
745 3494 810 3560 294
833 3495 891 3560 Idd.
919 3494 989 3580 Bip.

1030 3690 1179 3753 Iudicium
1211 3690 1240 3752 V
1236 3690 1371 3754 ocultum.

649 3846 667 3929 ᾗ
687 3843 720 3909 2.
752 3842 837 3908 Leve
868 3850 915 3907 est
938 3863 1086 3928 reponere
1109 3848 1260 3907 neutrum
1283 3863 1387 3927 genus
1410 3842 1573 3920 φυλάσσιν
1597 3849 1628 3908 et
1653 3843 1789 3925 θγαγθν,

601 3953 655 4016 uti
686 3956 719 4015 et
750 3948 807 4033 §6
831 3947 999 4012 ἀπελάσαν
1021 3955 1052 4013 et
1077 3946 1237 4022 ἐκδιῶξαν·
1261 3947 1301 4012 de
1325 3969 1360 4013 ee
1384 3970 1416 4013 re
1439 3951 1505 4013 iam
1528 3949 1791 4017 Hemsterhusins

601 4057 688 4122 dixit
710 4058 854 4138 itemque
877 4052 1074 4119 Schwerzius
1097 4055 1207 4117 dinem.
1232 4052 1317 4118 1885
1338 4076 1368 4139 p.
1390 4052 1443 4118 91.
1469 4054 1587 4120 Verum
1610 4058 1686 4141 quid
1709 4057 1791 4122 illud

599 4170 651 4228 est
682 4160 768 4246 qnod
799 4157 965 4244 sequitur?
996 4159 1109 4246 Sigma
1138 4160 1233 4224 dicit:
1257 4162 1296 4231 u<
1321 4160 1426 4238 ὀλίγον
1451 4160 1512 4226 δεῖν
1536 4164 1671 4244 ἡσυχίαν
1694 4164 1793 4239 dya-

598 4268 735 4347 γθντα
767 4262 979 4346 (ιθγαγθιθ)
1011 4265 1088 4341 unii
1121 4267 1150 4329 εἰι
1181 4265 1367 4345 γράμμασιν
1397 4269 1605 4343 ἀριθμεῖσθαι,
1632 4268 1661 4329 ἒν
1684 4266 1737 4346 iro
1761 4267 1791 4332 δὲ

600 4377 721 4441 νεῖσθαι
755 4376 808 4435 τοῦ
839 4370 983 4449 ψθφιυ.
1007 4371 1194 4437 Postremus
1218 4375 1272 4457 qui
1296 4381 1453 4456 quantum
1478 4375 1553 4436 novi
1577 4372 1661 4436 huno
1684 4371 1791 4437 looum

601 4481 717 4566 attigit
748 4477 984 4543 Herwerdenus
1007 4483 1056 4543 est
1080 4479 1190 4542 Μαινα.
1218 4477 1304 4544 1879
1329 4500 1359 4563 p.
1385 4478 1461 4555 211,
1486 4479 1607 4560 quiite
1633 4477 1792 4563 disputet:

602 4585 723 4665 „Recte
754 4584 886 4670 quidem
914 4583 1052 4649 editores
1078 4573 1286 4669 repudiarunt
1312 4583 1445 4649 alteram
1470 4582 1638 4648 lectionem
1662 4588 1715 4649 roi
1738 4585 1794 4664 φθ-

600 4691 679 4770 βιιι,
713 4690 768 4757 sed
800 4696 908 4755 tumen
940 4687 1031 4755 valde
1054 4697 1238 4774 suspectum
1261 4691 1360 4754 habeo
1384 4691 1574 4775 genetivum
1598 4710 1672 4753 oum
1695 4689 1793 4755 Hem·

599 4797 762 4864 sterhnsio
792 4804 825 4861 et
849 4795 1050 4872 Lehmann0,
1076 4817 1213 4881 quorum
1237 4796 1289 4860 hio
1314 4803 1374 4865 ταῖς
1400 4796 1531 4875 ψθΦιις,
1555 4793 1610 4859 ille
1633 4796 1674 4875 τῷ
1698 4797 1791 4878 ψόφῳ

600 4902 795 4987 corrigebat.
817 4899 904 4965 Mihi
924 4921 999 4986 prae
1018 4904 1142 4966 utrovis
1162 4901 1285 4986 placet:
1306 4902 1336 4962 ἕν
1357 4899 1408 4979 ἴσῳ
1430 4900 1460 4963 δὲ
1482 4901 1602 4964 κεῖσθαί
1613 4924 1653 4979 ro
1666 4901 1793 4981 ψθφα”.
