5125 6150
683 892 686 897 ,
805 801 871 867 100
1333 818 1475 866 auarus.

851 985 887 1048 B.
922 986 1004 1049 Anu.
1028 983 1085 1062 III,
1110 983 1141 1048 3.
1173 981 1303 1050 Cineres
1334 981 1517 1050 Germanici
1548 1004 1623 1048 cum
1651 983 1788 1049 Romam
1812 984 1996 1052 afferrentur

804 1111 1010 1155 communem
1041 1090 1140 1154 fuisse
1171 1092 1312 1166 civium,
1349 1092 1617 1175 magistratuum,
1654 1095 1838 1156 senatorum
1872 1090 1996 1158 luctum

804 1195 964 1280 praeclare
983 1194 1112 1261 Tacitus
1130 1198 1275 1281 exponit,
1295 1198 1329 1259 iu
1342 1201 1494 1280 tantaque
1506 1198 1652 1260 omnium
1667 1195 1855 1261 mortalium
1869 1201 1998 1264 tristitia

802 1302 898 1387 vulgi
922 1303 1019 1366 fuisse
1044 1323 1211 1366 conversos
1236 1299 1344 1365 oculos
1368 1301 1408 1365 ed
1431 1298 1618 1366 Germanici
1643 1321 1775 1367 uxorem
1799 1301 1994 1389 liberosque,

802 1406 843 1472 ad
874 1406 1047 1473 Claudium
1077 1406 1218 1471 defuncti
1242 1408 1375 1471 fratrem
1399 1427 1610 1492 germanum,
1635 1407 1674 1471 ad
1698 1406 1843 1472 Drusum
1866 1408 1995 1475 fratrem

803 1513 1011 1597 adoptivum,
1045 1534 1182 1598 quorum
1214 1511 1303 1577 dolor
1330 1512 1487 1598 fletusque
1511 1518 1579 1577 1111
1602 1515 1803 1598 conspicuus.
1827 1513 1864 1578 ln
1890 1514 1996 1581 eodem

803 1622 907 1705 capite
930 1619 1063 1684 ethaeo
1087 1618 1259 1705 leguntur:

847 1724 987 1790 Matrem
1018 1728 1192 1790 Antoniam
1223 1746 1289 1789 non
1321 1723 1406 1808 apud
1437 1726 1606 1809 scriptores
1636 1745 1763 1803 rerum,
1797 1747 1861 1791 non
1886 1726 1993 1792 diurna

802 1844 947 1895 actorum
970 1833 1129 1915 scriptura
1153 1833 1276 1913 reperio
1301 1828 1369 1895 ullo
1394 1832 1516 1914 insigni
1539 1829 1640 1895 officio
1664 1831 1818 1895 functam.

849 1934 1002 2001 Dicebam
1025 1934 1191 2013 Tacitum,
1216 1956 1389 2019 omnesque
1413 1936 1510 2000 bonos
1534 1936 1702 2000 historicos
1726 1939 1894 2023 antiquos,
1912 1937 1991 2002 idem

806 2043 872 2109 fere
902 2048 1059 2126 spectasse
1083 2042 1167 2126 quod
1191 2041 1376 2118 hodiernos,
1400 2041 1509 2107 eodem
1535 2041 1724 2118 tetendisse,
1748 2042 1854 2107 eidem
1878 2043 1992 2108 reida

805 2148 887 2212 disse
923 2167 1063 2231 operam.
1099 2147 1143 2211 Ut
1174 2147 1252 2231 quid
1285 2145 1364 2212 olim
1395 2154 1526 2232 gestum
1558 2150 1600 2211 sit
1631 2167 1729 2232 quam
1760 2152 1991 2214 accuratissime

806 2253 987 2328 doceantur,
1020 2273 1119 2335 quam
1151 2255 1273 2336 optime
1304 2254 1498 2336 perspiciant
1530 2255 1666 2336 posteri,
1699 2253 1758 2318 hoc
1788 2255 1852 2318 sibi
1884 2254 1993 2320 habent

804 2360 1005 2444 propositum
1036 2361 1174 2442 utrique.
1206 2359 1250 2421 At
1280 2359 1334 2422 hic
1364 2360 1567 2443 agnoscimus
1598 2357 1721 2442 aliquid
1751 2357 1836 2443 quod
1859 2361 1993 2445 antiquis

805 2465 966 2528 historicis
998 2484 1095 2547 quam
1126 2465 1267 2527 maxime
1291 2463 1376 2527 cordi
1400 2466 1459 2539 sit,
1484 2484 1558 2527 cum
1583 2463 1729 2527 hodierni
1751 2463 1857 2530 multo
1882 2469 1993 2532 rectius

804 2572 949 2635 sentiunt
971 2568 1054 2633 illud
1078 2591 1097 2634 a
1121 2590 1153 2634 se
1177 2572 1245 2634 sine
1269 2568 1337 2634 ullo
1362 2571 1466 2653 operis
1490 2573 1540 2634 sui
1561 2569 1752 2634 detrimento
1773 2573 1882 2635 omitti
1902 2569 1995 2658 negli-

804 2679 902 2762 gique
926 2696 1027 2759 posse.
1057 2674 1238 2738 Historicus
1263 2674 1452 2751 hodiernus,
1477 2677 1504 2738 si
1529 2695 1607 2759 pure
1631 2681 1714 2739 terso
1738 2678 1907 2760 perspicue
1929 2677 1994 2742 scri·

805 2783 868 2857 bit,
892 2783 920 2845 si
942 2802 992 2845 res
1015 2786 1089 2864 apte
1110 2779 1268 2864 disponit,
1294 2783 1322 2844 si
1345 2783 1447 2844 oratio
1473 2779 1566 2844 rebus
1585 2800 1664 2865 quas
1685 2787 1792 2845 narrat
1811 2788 1861 2847 est
1880 2802 1995 2848 accom-

804 2886 950 2960 modata,
975 2885 1074 2959 nihil,
1096 2886 1181 2970 quod
1200 2885 1329 2970 quidem
1351 2885 1390 2949 ad
1410 2891 1576 2950 externam
1595 2887 1669 2950 libri
1689 2889 1829 2971 speciem
1848 2890 1993 2971 pertinet,

803 2990 889 3056 ultra
906 2993 1044 3077 quaerit:
1064 2993 1135 3055 iure
1142 3013 1150 3068 ;
1172 2997 1203 3054 et
1223 2997 1331 3077 potest
1350 2994 1394 3056 sic
1415 3012 1540 3077 quoque
1554 2996 1720 3077 tamquam
1733 2992 1848 3056 artifex
1862 2992 1993 3059 laudari.

802 3100 846 3162 At
876 3099 1028 3182 antiquus
1052 3098 1225 3162 historicus
1249 3136 1291 3145 -
1315 3104 1348 3161 11
1373 3097 1411 3162 de
1435 3095 1526 3162 nullo
1550 3100 1656 3183 magis
1679 3097 1762 3162 illud
1786 3097 1875 3163 valet
1900 3118 1992 3184 quam

802 3203 841 3266 de
871 3202 981 3267 'l'acito
1011 3204 1080 3286 ipso
1112 3238 1153 3250 -
1187 3202 1299 3268 eodem
1331 3202 1426 3268 modo
1456 3202 1601 3288 legentes
1633 3202 1753 3267 afficere
1785 3203 1912 3281 studet,
1936 3223 1994 3289 quo

803 3310 859 3392 qui
890 3328 973 3371 nunc
1002 3307 1111 3372 fictam
1135 3315 1241 3372 narrat
1265 3307 1426 3385 fabulam,
1452 3329 1549 3392 quam
1573 3308 1805 3373 Romanensem
1829 3328 1993 3383 vocamus;

803 3434 878 3477 cum
911 3416 1026 3498 tragici
1058 3419 1125 3477 arte
1148 3411 1237 3476 illius
1261 3420 1334 3496 apte
1357 3419 1462 3498 potest
1486 3413 1620 3478 conferri
1643 3414 1797 3477 studium.
1823 3414 1866 3478 111
1891 3435 1995 3499 quem·

802 3519 976 3584 admodum
1010 3521 1043 3582 in
1080 3521 1193 3603 quavis
1230 3520 1395 3603 tragoedia
1429 3525 1533 3584 certae
1569 3526 1644 3583 sunt
1679 3540 1846 3604 personae,
1881 3522 1993 3604 quibus

803 3631 909 3709 partes
940 3625 1097 3708 quaedam
1120 3631 1195 3688 sunt
1219 3624 1433 3701 mandendae,
1459 3634 1490 3689 et
1512 3627 1545 3688 in
1570 3624 1679 3688 fabula
1702 3624 1899 3689 Remanensi
1921 3626 1996 3690 certi

803 3728 933 3813 quidem
957 3750 1064 3793 rerum
1089 3736 1255 3815 gestarum
1278 3750 1396 3805 nexus,
1421 3750 1628 3813 neruumque
1650 3728 1780 3794 illorum
1806 3729 1993 3806 solutiones,

801 3836 918 3918 quibus
942 3855 1036 3919 aegre
1060 3841 1165 3899 111111
1189 3836 1244 3918 qui
1264 3833 1355 3897 illam
1376 3834 1556 3918 pervolvit,
1578 3837 1623 3899 sic
1642 3837 1794 3919 antiquus
1813 3835 1994 3899 Historicus

802 3961 912 4006 omnes
931 3946 1021 4004 notos
1042 3940 1137 4004 habet
1155 3938 1278 4003 loculos
1299 3940 1382 4004 unde
1402 3946 1490 4025 petat
1509 3960 1546 4004 ea
1566 3939 1682 4023 quibus
1702 3938 1847 4024 legentes
1860 3940 1994 4005 delectet

800 4044 854 4109 vel
885 4053 1036 4110 terrorem
1069 4047 1108 4107 iis
1140 4047 1295 4122 incutiat,
1328 4043 1381 4109 vel
1411 4050 1539 4110 moveat
1563 4044 1826 4109 misericordiam.
1852 4046 1995 4110 Nuncsi

801 4154 853 4215 cui
876 4153 909 4213 in
933 4152 1085 4214 historiae
1109 4170 1184 4212 suae
1204 4148 1311 4233 alique
1331 4156 1420 4235 parte
1440 4149 1478 4214 de
1499 4151 1608 4214 funere
1629 4150 1770 4213 hominis
1789 4151 1996 4216 vehementer

803 4254 910 4319 defleti
951 4261 1046 4337 atque
1090 4254 1260 4318 desiderati
1304 4261 1352 4318 est
1394 4254 1571 4340 agendum,
1616 4274 1749 4338 parum,
1793 4264 1831 4318 ut
1876 4260 1995 4341 opinor,

802 4367 893 4426 curat
924 4359 1001 4443 quid
1032 4358 1154 4444 singuli
1178 4362 1246 4423 eius
1270 4363 1400 4445 cognati
1423 4360 1595 4444 affinesque
1618 4360 1749 4424 fecerint
1774 4359 1996 4447 dixerintque,

802 4474 834 4532 et
861 4487 900 4531 ne
925 4468 1036 4529 matris
1060 4465 1190 4550 quidem
1214 4486 1294 4549 quae
1317 4465 1438 4530 fuerint
1461 4465 1603 4530 lamenta
1626 4471 1822 4550 questusque
1847 4470 1942 4532 anxie
1964 4470 1997 4531 in

802 4573 945 4637 fontibus
970 4572 1036 4635 suis
1060 4577 1190 4656 quaeret
1198 4593 1206 4649 ;
1231 4574 1259 4635 si
1283 4570 1365 4636 nihil
1388 4571 1547 4636 eiusmodi
1565 4574 1726 4635 invenerit
1746 4573 1813 4635 sine
1833 4569 1904 4636 ullo
1924 4571 1999 4637 libri

802 4676 945 4760 periculo
981 4677 1019 4741 de
1055 4675 1122 4740 illis
1156 4678 1253 4740 taceri
1289 4697 1381 4760 posse
1417 4679 1447 4741 ei
1477 4679 1538 4742 erit
1568 4696 1766 4760 persuasum.
1798 4677 1843 4739 At
1865 4675 1997 4742 Tacitus

802 4782 950 4866 aequales
980 4804 1053 4848 suos
1085 4790 1292 4868 posterosque
1324 4782 1571 4848 commovendos
1594 4803 1660 4847 esse
1683 4788 1806 4857 censet,
1829 4782 1944 4867 idque,
1970 4785 1997 4847 si

803 4887 872 4952 fieri
903 4896 1025 4972 potest,
1057 4889 1279 4967 vehementer;
1313 4910 1374 4952 non
1407 4909 1484 4974 ergo
1506 4885 1643 4953 libenter
1664 4889 1716 4953 hic
1739 4887 1882 4972 aliquam
1905 4889 1997 4956 lacri-
