5125 6150
817 829 883 894 430
1346 848 1466 896 ursus.

812 1015 847 1076 iu
870 1017 1030 1076 structura
1053 1014 1160 1076 minus
1182 1015 1351 1089 concinna,
1375 1019 1432 1077 aut
1454 1013 1578 1078 Reiskii
1602 1017 1814 1079 mutationem
1834 1014 2000 1094 (τραπομέ-

813 1126 906 1199 νοις)
936 1120 1081 1205 probans.
1114 1117 1176 1184 Sed
1208 1122 1287 1184 satis
1319 1120 1357 1185 de
1389 1121 1455 1199 bie,
1481 1142 1554 1186 cum
1578 1144 1639 1187 uon
1662 1143 1828 1187 censuram
1853 1122 2000 1188 editionis

813 1224 1073 1291 Thalbeimianae
1092 1226 1173 1290 mibi
1192 1227 1328 1291 scribere
1347 1229 1389 1292 sit
1408 1230 1621 1313 propositum,
1642 1229 1696 1293 sed
1716 1231 1824 1315 paucis
1837 1232 1999 1294 variarum

813 1331 1064 1418 corruptelarum
1087 1333 1241 1419 exemplis
1261 1332 1393 1419 prolatis
1413 1333 1514 1420 qualis
1534 1337 1577 1399 sit
1594 1335 1723 1423 Lysiaci
1743 1335 1999 1401 textuscouditio

814 1445 884 1525 post
907 1439 987 1504 ebus
1010 1439 1173 1505 ostendere
1197 1443 1430 1506 constituerim.
1528 1451 1534 1461 '

858 1546 979 1612 Tantus
1009 1551 1076 1612 tem
1106 1545 1320 1612 multifariam
1350 1550 1491 1633 corrupti
1523 1550 1684 1613 restitutio
1708 1549 1771 1613 fere
1795 1555 1862 1614 tota
1886 1548 2000 1635 pendet

813 1674 832 1719 a
855 1655 964 1718 critica
985 1652 1198 1718 coniecturali.
1222 1652 1259 1717 ln
1281 1656 1519 1741 grammaticis,
1544 1657 1662 1718 artium
1686 1657 1868 1741 magistris,
1888 1654 2001 1720 lexico

813 1781 887 1824 rum
905 1759 1121 1825 conditoribus
1142 1781 1313 1845 perparum
1332 1768 1380 1825 est
1398 1760 1557 1845 praesidii.
1577 1761 1702 1826 Paucae
1714 1781 1794 1846 quae
1806 1760 1845 1825 ad
1856 1767 1999 1825 nostram

813 1872 952 1931 aetatem
983 1866 1237 1951 perduraverunt
1268 1869 1424 1932 orationes
1454 1866 1538 1952 apud
1561 1873 1682 1932 veteres
1704 1873 1753 1932 ter
1776 1872 1922 1942 tantum,
1948 1865 1999 1931 vel

813 1973 852 2037 ad
883 1994 1048 2037 summum
1081 1978 1202 2058 quater,
1234 1974 1280 2037 ita
1310 1978 1602 2037 commemorantur
1632 1980 1670 2036 ut
1693 1993 1773 2058 quae
1795 1971 1846 2037 illi
1869 1972 2001 2037 afferant

813 2080 910 2145 rerba
940 2079 1084 2144 codicum
1116 2085 1298 2145 nostrorum
1328 2079 1519 2144 lectionibus
1550 2082 1724 2166 integriora
1746 2079 1900 2145 censenda
1923 2082 1997 2143 sint.

812 2186 866 2252 Or.
891 2185 949 2251 VII
972 2184 1070 2270 §102
1103 2185 1137 2248 τὸ
1167 2187 1276 2265 χωρίον
1295 2188 1592 2263 --οὶτεμΙσθωσσο
1618 2186 1841 2266 Καλλιστράτῳ
1866 2186 1915 2250 ἐπὶ
1941 2196 1999 2252 Πν-

812 2292 932 2371 coactos
964 2291 1130 2374 ἄρχοντος·
1164 2288 1195 2363 ὃς
1228 2291 1273 2357 δύ’
1298 2292 1351 2366 ἔτη
1375 2294 1575 2371 ἐγεώργησεν.
1600 2292 1648 2357 Ita
1671 2315 1756 2358 nunc
1779 2292 1924 2357 Bekkero
1950 2314 2001 2358 ex·

812 2406 903 2485 cepto
927 2398 1064 2464 editores
1088 2420 1124 2463 ex
1152 2398 1401 2484 Harpocratione
1421 2421 1445 2464 s.
1460 2420 1490 2463 v.
1514 2398 1628 2476 Σηκός,
1650 2419 1746 2483 quem
1763 2401 1999 2484 exscripserunt

812 2506 948 2571 Photiue
979 2512 1011 2570 et
1041 2503 1172 2582 Suidue;
1205 2504 1238 2568 X
1264 2527 1338 2569 cum
1363 2508 1492 2570 ceteris:
1512 2542 1588 2552 --
1607 2504 1772 2583 ἄρχοντος·
1804 2504 1854 2568 δύο
1880 2506 1919 2567 Δ’
1944 2504 1997 2578 ἔτη

812 2613 940 2691 ε’γεώργ.
965 2613 1106 2697 Apparet
1129 2618 1161 2676 et
1181 2632 1276 2677 causa
1295 2614 1409 2677 erroris
1428 2618 1459 2676 et
1478 2610 1589 2676 infelix
1608 2610 1719 2697 pusilli
1734 2614 1805 2676 vitii
1817 2611 1999 2697 corrigendi

811 2738 980 2794 conamen,
999 2717 1147 2782 omnibus
1168 2716 1253 2782 baud
1273 2717 1367 2782 dubie
1387 2716 1547 2782 codicibus
1567 2720 1683 2782 nostris
1703 2719 1876 2803 antiquius.
1898 2716 1999 2782 Maio

810 2827 854 2889 ris
885 2826 1041 2890 momenti
1071 2829 1120 2888 est
1152 2823 1237 2908 quod
1268 2827 1413 2910 sequenti
1443 2823 1585 2891 eiusdem
1616 2827 1767 2889 orationis
1797 2824 1998 2909 paragrapho

811 2930 926 2997 Suidas
956 2930 1045 3007 σηκὸν
1077 2931 1240 3016 praebeat,
1272 2931 1392 2996 codices
1424 2952 1520 3017 prave
1544 2927 1630 3008 οἶκον,
1653 2933 1718 2995 iem
1743 2951 1838 3016 supra
1861 2951 1999 2996 comme

809 3043 972 3103 moratum
1003 3043 1035 3102 et
1066 3057 1104 3102 ne
1135 3057 1153 3101 a
1183 3035 1327 3103 Bellero
1359 3037 1488 3123 quidem
1512 3058 1601 3104 caeco
1624 3037 1765 3123 alioquin
1789 3036 1997 3102 laurentiani

808 3146 931 3210 fautore
951 3149 1105 3230 spretum.
1130 3142 1182 3208 Or.
1203 3143 1236 3207 X
1254 3146 1272 3229 ξ
1295 3142 1355 3209 l7':
1375 3149 1464 3209 τοῦτο
1485 3151 1518 3210 τὸ
1538 3145 1761 3223 ἐπιορκήσαντα
1785 3142 1995 3218 ὀμόσαντα

806 3251 881 3316 ἔστι.
905 3251 955 3316 lta
979 3250 1209 3335 Harpocration
1231 3272 1254 3316 s.
1269 3273 1300 3315 v.
1314 3252 1571 3331 Ἑτνορκησονντσ,
1592 3254 1638 3316 ita
1658 3254 1755 3316 etiam
1776 3250 1993 3337 praeterBelr·

808 3358 922 3423 karum
946 3358 1095 3435 editores;
1121 3356 1232 3431 δμοσσο
1255 3356 1296 3421 X.
1320 3356 1461 3423 Tandem
1486 3357 1538 3423 Or.
1567 3357 1673 3422 XVIII
1696 3359 1713 3442 ᾖ
1733 3356 1771 3422 2;
1797 3358 1906 3427 ἐκεῖνος
1931 3359 1993 3436 γὰρ

808 3464 942 3546 (Niciae)
956 3469 1212 3545 --τοιντοοχοῦ
1236 3468 1411 3543 Φοονησετοιν
1436 3466 1634 3541 catadupla
1658 3465 1725 3527 καὶ
1749 3466 1873 3540 trater
1897 3465 1994 3534 οο1τιος

808 3583 846 3654 τῇ
878 3573 966 3636 πόλει
997 3571 1219 3649 γεγενημένος,
1245 3579 1382 3635 πλεῖστα
1405 3570 1437 3635 δὲ
1461 3571 1512 3635 κον)
1538 3571 1676 3647 μέγιστοι
1703 3571 1785 3635 κακοὶ
1810 3570 1879 3641 τοὺς
1905 3585 1994 3636 τολε·

808 3680 896 3756 μίσος
927 3678 1136 3754 εἰργασμένος.
1169 3676 1290 3742 Attulit
1314 3681 1360 3742 ita
1383 3678 1499 3765 Lysiae
1523 3678 1620 3743 verba
1644 3676 1786 3743 Galenus
1810 3684 1846 3756 (t.
1872 3676 1990 3755 XVIII,

809 3786 839 3864 2,
864 3807 894 3870 p.
920 3782 1059 3862 657K.),
1084 3783 1335 3871 adstipulatique
1355 3793 1429 3849 sunt
1448 3785 1581 3870 plurimi
1600 3784 1751 3862 editores;
1773 3790 1847 3849 sunt
1867 3805 1992 3870 quoque

808 3895 863 3978 qui
893 3892 1020 3956 Baitero
1052 3891 1131 3956 duce
1162 3893 1370 3977 oppositionis
1399 3894 1503 3977 gratia
1526 3889 1706 3955 addendum
1729 3893 1915 3955 existiment
1940 3891 1990 3953 καὶ

809 3999 1022 4080 (μεγάλων)
1054 4000 1190 4076 ἀγαθῶν,
1230 3997 1314 4083 quod
1349 4004 1382 4063 et
1416 3997 1578 4076 Scheibio,
1611 3996 1747 4075 Oobeto,
1777 3998 1991 4063 Heruerdeno

807 4106 928 4192 placuit
957 4111 989 4170 et
1019 4105 1100 4170 mihi
1133 4104 1293 4190 probabile
1327 4105 1468 4182 videtur,
1500 4105 1554 4169 sed
1578 4106 1746 4170 manifesto
1768 4107 1924 4170 vitiosum
1946 4112 1993 4170 est

808 4213 891 4299 quod
922 4211 1043 4298 legitur
1072 4214 1105 4275 in
1138 4211 1185 4274 X:
1217 4217 1338 4276 πολλῶν
1369 4211 1425 4287 μὲν
1457 4210 1698 4289 tristandos,
1723 4213 1919 4278 fortassean
1944 4213 1992 4278 de

806 4325 937 4407 pravato
961 4323 1117 4397 (η)Α1ΑΓ.
1143 4316 1328 4403 corrigendo
1353 4316 1487 4381 ulterius
1510 4317 1730 4403 depravatum.
1754 4319 1864 4403 Neque
1888 4319 1993 4385 multa

807 4427 884 4491 haec
915 4430 990 4489 sunt
1020 4445 1121 4509 neque
1145 4445 1247 4488 unum
1270 4423 1375 4489 locum
1399 4427 1427 4488 si
1449 4426 1626 4509 excipimus
1650 4424 1722 4505 (VII
1746 4425 1832 4509 all)
1856 4428 1993 4490 maximi

808 4534 974 4596 momenti.
1002 4527 1118 4596 Contra
1142 4551 1239 4615 quam
1262 4542 1410 4616 corrupto
1433 4530 1548 4617 Lysiae
1572 4531 1746 4617 exemplari
1770 4553 1846 4595 usus
1870 4534 1930 4609 sit,
1956 4537 1994 4595 ut

808 4658 909 4701 unum
943 4658 1204 4713 commemorem,
1241 4637 1356 4702 Suidas
1390 4636 1442 4701 vel
1477 4641 1657 4723 quicunque
1693 4639 1887 4724 farraginem
1923 4641 1992 4703 eius

807 4745 930 4808 nomini
961 4743 1154 4828 adscriptam
1183 4745 1497 4819 consarcinaverunt,
1529 4747 1606 4809 satis
1637 4745 1801 4829 apparebit
1825 4743 1993 4829 descriptis

808 4871 839 4913 v.
860 4870 886 4912 c.
918 4868 998 4932 quae
1021 4849 1076 4914 ille
1099 4849 1195 4913 habet
1219 4871 1243 4913 s.
1263 4870 1294 4913 v.
1319 4848 1541 4926 Ἀνοὶτηρον
1566 4851 1712 4929 ψυχήν.
1738 4849 1787 4914 Ibi
1810 4857 1842 4914 et
1865 4850 1928 4914 alia
1950 4849 1994 4916 Ie·

808 4960 929 5037 guntur
960 4961 992 5016 et
1022 4954 1115 5019 haec:
1153 4953 1204 5017 sal
1237 4955 1438 5033 ἀνάπηρος
1472 4955 1868 5035 1χσλ1ο--.Λυσ1σς
1896 4956 1926 5018 ἐν
1950 4957 1993 5036 τῷ
