5125 6150
956 879 999 928 nu
1022 881 1253 929 uarsrornssrs
1275 881 1413 929 auorum.
1710 865 1775 929 423

585 1048 701 1126 tanda,
731 1048 765 1113 id
797 1051 925 1113 tantum
955 1069 1016 1111 non
1047 1053 1171 1111 certum
1202 1052 1260 1111 est.
1294 1046 1494 1132 Quapropter
1517 1050 1611 1112 reicio
1635 1048 1668 1111 id
1693 1050 1776 1133 quod

585 1153 708 1220 scholia
738 1153 923 1239 perhibent:
958 1151 1109 1231 „nibtiae
1131 1152 1312 1215 vacationem
1337 1154 1565 1217 mercatoribus
1588 1154 1686 1218 tuisse
1709 1176 1780 1219 con-

585 1259 741 1326 cessam'’.
766 1257 956 1325 Cuiusmodi
976 1261 1088 1336 σκῆψις
1109 1259 1136 1322 si
1158 1256 1226 1321 ulla
1246 1259 1361 1334 fuerit,
1376 1297 1417 1307 -
1430 1280 1505 1323 nam
1525 1259 1614 1323 aliud
1634 1265 1682 1324 est
1701 1259 1778 1324 belli

585 1373 731 1451 tempore
750 1389 810 1429 non
829 1367 932 1429 adeon
949 1368 983 1428 in
995 1367 1108 1449 patria,
1121 1362 1205 1447 quod
1218 1363 1363 1429 Leocrati
1376 1364 1426 1428 illi
1439 1370 1487 1429 est
1500 1366 1727 1450 exprobratum
1744 1363 1778 1445 ¹),

585 1471 677 1537 aliud
695 1477 768 1536 tum
788 1493 862 1536 oum
885 1469 1009 1536 bellum
1033 1472 1077 1533 sit
1098 1469 1276 1554 gerendum
1300 1470 1440 1533 militiam
1464 1472 1632 1534 detractare
1654 1474 1779 1535 itineris

587 1599 664 1643 mox
694 1576 890 1662 suscipiendi
919 1596 1031 1651 causa,
1057 1575 1180 1639 —sed
1212 1577 1239 1638 si
1270 1574 1339 1640 ulla
1361 1576 1474 1653 fuerit,
1499 1597 1517 1640 a
1540 1582 1646 1641 nostro
1671 1581 1778 1642 tamen

586 1682 659 1748 loco
690 1682 792 1748 aliena
823 1686 887 1760 est3
918 1702 1020 1766 neque
1049 1679 1339 1746 lloclesiazusarum
1369 1679 1419 1745 illi
1447 1680 1516 1746 loco
1541 1686 1608 1747 tam
1633 1688 1679 1747 est
1704 1688 1779 1767 apta

587 1809 686 1874 qnam
716 1809 791 1853 cum
822 1787 894 1852 aliis
921 1787 1085 1872 perhibuit
1108 1785 1236 1850 Boeckh
1251 1784 1288 1861 ²).
1313 1785 1396 1850 Nam
1420 1788 1563 1864 iuvenis,
1589 1790 1643 1872 qui
1668 1808 1778 1853 causas

584 1894 653 1959 illic
682 1894 865 1970 interserit,
894 1900 931 1957 ut
956 1890 1084 1957 vetulae
1110 1891 1241 1976 effugiat
1265 1891 1449 1975 amplexus,
1476 1894 1635 1978 „praedem
1659 1894 1778 1956 dabo!”

588 2001 708 2066 elamat
730 2002 851 2085 primo;
882 1999 971 2063 dein:
997 1998 1227 2075 „iusiurandum
1249 1997 1454 2079 interponam,
1479 2021 1534 2083 qao
1558 2021 1688 2063 eaensen
1711 2023 1780 2063 ean·

587 2130 651 2170 caea
680 2105 869 2169 sonticaml''
896 2140 937 2153 -
962 2103 1091 2168 tandem
1116 2100 1220 2168 veluti
1244 2103 1283 2168 ad
1306 2106 1420 2168 incitas
1444 2104 1606 2169 redactus:
1634 2113 1686 2182 „at
1707 2128 1781 2169 ner·

586 2219 714 2276 cannen
744 2233 806 2275 esse
827 2233 872 2274 ne
894 2209 988 2273 oio!''
1013 2208 1102 2273 Haec
1126 2211 1230 2294 igitur
1253 2211 1376 2293 profert
1399 2230 1438 2274 ne
1462 2209 1494 2272 ia
1518 2211 1565 2273 ins
1591 2248 1631 2258 —
1657 2209 1689 2275 id
1713 2218 1778 2288 est,

586 2319 622 2382 in
653 2315 758 2381 cubile
782 2352 824 2366 -
847 2317 993 2400 rapiatur
1015 2319 1162 2379 actutum
1170 2335 1178 2392 ;
1205 2318 1294 2380 totus
1317 2317 1403 2379 enim
1426 2336 1509 2378 nunc
1533 2321 1581 2380 est
1603 2319 1637 2380 in
1662 2323 1783 2382 vetera·

588 2430 699 2486 torum
731 2423 854 2486 artibus
885 2419 1061 2485 imitandis.
1094 2418 1207 2486 Cetera
1230 2426 1339 2484 autem
1363 2441 1438 2484 cum
1461 2441 1478 2485 e
1501 2419 1616 2506 lingua
1637 2421 1782 2494 iudiciali

589 2530 657 2592 sint
686 2527 851 2603 desumto,
884 2526 996 2611 quidni
1028 2525 1184 2589 ultimum
1216 2545 1341 2611 quoque
1370 2528 1413 2590 sit
1444 2524 1637 2590 verbulum?
1668 2526 1780 2611 ltaque

589 2635 750 2698 comicum
786 2632 923 2711 „ameris
957 2631 1049 2697 illam
1084 2631 1246 2695 mititian'’
1282 2652 1380 2716 quam
1414 2639 1542 2717 crepant
1575 2631 1643 2696 illic
1677 2631 1779 2697 nihilo

588 2741 696 2825 magis
719 2741 875 2825 cogitasse
898 2759 995 2824 quam
1018 2744 1125 2804 nostro
1149 2737 1218 2802 loco
1240 2737 1434 2802 confidenter
1456 2744 1570 2804 statuo.

635 2954 689 3021 Vs.
711 2953 787 3021 972.
808 2992 851 3006 -
871 2955 996 3022 iratum
1016 2956 1253 3043 sycophantam
1272 2957 1406 3042 querula
1419 2960 1537 3043 excipit
1550 2961 1647 3024 Anus.
1670 2959 1781 3044 Itaque

587 3063 770 3148 improbam
800 3083 871 3128 eam
898 3084 1024 3149 quoque
1047 3085 1114 3130 esse
1138 3066 1319 3149 suspicatus
1343 3062 1553 3151 Obremylus:
1581 3067 1676 3150 „qnid
1698 3065 1782 3129 istnd

589 3168 680 3232 Μ’
706 3206 749 3216 -
772 3171 818 3234 ait
842 3205 884 3218 -

818 3274 848 3336 ἐν
871 3282 942 3344 ταῖς
965 3274 1106 3352 γυναιξὶν
1129 3271 1207 3349 ἧσθαι
1231 3275 1459 3355 annectionem

591 3380 758 3465 „nnmquid
790 3380 870 3444 inter
894 3382 1035 3466 feminas
1064 3381 1177 3445 similes
1207 3383 1359 3444 exercebas
1390 3389 1469 3444 artes
1500 3390 1588 3467 atqae
1618 3382 1672 3447 ille
1702 3384 1782 3448 inter

588 3486 718 3549 eiros?''
744 3522 786 3534 -
812 3486 1005 3563 „Mataei”
1031 3486 1188 3552 exclamat
1211 3486 1277 3551 illa.
1301 3486 1386 3551 Tum
1411 3486 1622 3574 Ghremylus:

820 3593 895 3655 ἀλλ’
918 3594 952 3657 οὔ
976 3596 1110 3673 λαχοῦσ’
1135 3592 1233 3664 ἔπινες
1259 3594 1353 3673 ἐντῷ
1376 3593 1562 3673 radanem

590 3697 638 3762 De
669 3698 720 3762 his
751 3698 871 3776 verbis,
903 3720 984 3784 quae
1015 3720 1117 3784 neque
1148 3705 1297 3784 corrupta
1320 3707 1396 3763 sunt
1420 3721 1522 3785 neque
1546 3703 1696 3778 obscura,
1722 3704 1782 3768 for·

590 3811 675 3869 tasse
707 3810 812 3869 tacere
843 3812 997 3891 poteram.
1030 3803 1114 3872 Cum
1139 3812 1248 3871 tamen
1272 3806 1400 3871 videam
1426 3806 1504 3872 olim
1527 3806 1727 3872 Brunolrium
1750 3815 1781 3871 et

589 3912 641 3975 his
683 3913 774 3975 annis
808 3910 1018 3997 Blaydesium
1054 3914 1087 3974 in
1123 3914 1163 3976 iis
1198 3913 1445 3997 interpretandis
1480 3916 1608 3998 egregie
1644 3933 1780 3990 errasse,

589 4036 703 4100 operae
727 4018 869 4101 pretium
893 4037 961 4081 esse
985 4019 1128 4101 suspicor
1151 4038 1251 4101 pauca
1273 4018 1311 4082 de
1335 4021 1375 4083 iis
1399 4020 1588 4083 observasse.

640 4121 723 4202 Quid
743 4122 865 4202 initur?
888 4145 947 4186 non
971 4124 1217 4206 sycophantarum
1238 4125 1354 4187 antibat
1374 4124 1549 4205 indulcatae
1567 4126 1620 4186 sed
1637 4124 1779 4200 indicam,

587 4227 635 4290 ita
666 4235 701 4290 at
731 4228 764 4290 in
795 4228 942 4291 tribunati
972 4231 1088 4291 sedenes
1119 4228 1190 4292 licet
1219 4237 1298 4293 sorte
1329 4251 1388 4292 non
1419 4251 1495 4291 esses
1524 4230 1707 4309 decianata?
1737 4265 1779 4278 —

575 4332 675 4397 ·Haec
707 4332 811 4398 dicere
843 4342 967 4419 poterat
998 4333 1208 4421 Ghremylus,
1241 4334 1293 4398 vel
1324 4337 1370 4399 sic
1400 4337 1477 4398 satis
1500 4334 1634 4399 ridicule
1658 4335 1781 4422 fingens

586 4439 742 4503 feminam
787 4442 985 4505 veteratoriis
1028 4440 1170 4506 artificiis
1206 4443 1330 4504 victum
1367 4447 1580 4523 quaerentem.
1628 4439 1689 4505 Sed
1724 4464 1780 4527 pro

588 4545 773 4625 „litandae”
805 4545 936 4631 linguae
966 4548 1101 4631 quodam
1127 4546 1220 4630 lapsu
1244 4545 1323 4609 dicit
1346 4545 1379 4608 id
1404 4545 1488 4629 quod
1512 4553 1543 4611 et
1566 4549 1718 4611 iocosum·
1733 4553 1781 4611 est

584 4653 694 4736 magis
717 4656 749 4715 et
772 4651 877 4716 aridae
902 4652 1045 4717 aniculae
1068 4655 1325 4717 convenientius:
1352 4650 1505 4727 „laracni
1542 4650 1593 4717 Sic
1616 4655 1650 4715 in
1673 4652 1779 4717 Eleale-

623 4911 651 4970 1)
669 4910 769 4973 Iryeurg.
788 4910 870 4958 Iaeocr.
889 4911 941 4969 §55
956 4925 1006 4973 sqq.

622 4993 653 5053 2)
669 4992 834 5041 Smtcbausb.
855 4992 881 5039 1·
904 5008 928 5056 p.
947 4992 1009 5039 10⁹0
