<?xml version="1.0" encoding="UTF-8"?>
<!DOCTYPE html PUBLIC "-//W3C//DTD XHTML 1.0 Transitional//EN"
    "http://www.w3.org/TR/xhtml1/DTD/xhtml1-transitional.dtd">
<html xmlns="http://www.w3.org/1999/xhtml" xml:lang="en" lang="en">
 <head>
  <title>
</title>
<meta http-equiv="Content-Type" content="text/html;charset=utf-8" />
  <meta name='ocr-system' content='tesseract 3.04.00' />
  <meta name='ocr-capabilities' content='ocr_page ocr_carea ocr_par ocr_line ocrx_word'/>
</head>
<body>
  <div class='ocr_page' id='page_1' title='image "./mnemosyne04verdgoog_0279.png"; bbox 0 0 5125 6150; ppageno 0'>
   <div class='ocr_carea' id='block_1_1' title="bbox 804 828 1479 897">
    <p class='ocr_par' dir='ltr' id='par_1_1' title="bbox 804 828 1479 897">
     <span class='ocr_line' id='line_1_1' title="bbox 804 828 1479 897; baseline 0.004 -3"><span class='ocrx_word' id='word_1_1' title='bbox 804 828 871 894; x_wconf 81' lang='lat'><strong>280</strong></span> <span class='ocrx_word' id='word_1_2' title='bbox 1312 848 1479 897; x_wconf 73' lang='lat' dir='ltr'><strong>sumanus.</strong></span> 
     </span>
    </p>
   </div>
   <div class='ocr_carea' id='block_1_2' title="bbox 801 1008 1993 1207">
    <p class='ocr_par' dir='ltr' id='par_1_2' title="bbox 801 1008 1993 1207">
     <span class='ocr_line' id='line_1_2' title="bbox 847 1008 1993 1102; baseline 0.007 -29"><span class='ocrx_word' id='word_1_3' title='bbox 847 1010 922 1094; x_wconf 77' lang='lat'><strong>§82</strong></span> <span class='ocrx_word' id='word_1_4' title='bbox 948 1010 1035 1087; x_wconf 71' lang='grc' dir='ltr'><strong>κάγὼ</strong></span> <span class='ocrx_word' id='word_1_5' title='bbox 1059 1010 1115 1087; x_wconf 71' lang='grc' dir='ltr'><strong>μὲν</strong></span> <span class='ocrx_word' id='word_1_6' title='bbox 1139 1017 1225 1075; x_wconf 81' lang='grc' dir='ltr'><strong><em>καλῶ</em></strong></span> <span class='ocrx_word' id='word_1_7' title='bbox 1249 1010 1319 1082; x_wconf 73' lang='grc' dir='ltr'><strong><em>τοὺς</em></strong></span> <span class='ocrx_word' id='word_1_8' title='bbox 1344 1011 1509 1088; x_wconf 75' lang='grc' dir='ltr'><strong>βελτίςοιις</strong></span> <span class='ocrx_word' id='word_1_9' title='bbox 1535 1008 1637 1078; x_wconf 81' lang='grc' dir='ltr'><strong><em>εἶναι</em></strong></span> <span class='ocrx_word' id='word_1_10' title='bbox 1662 1011 1759 1086; x_wconf 73' lang='grc' dir='ltr'><strong><em>ὅλους.</em></strong></span> <span class='ocrx_word' id='word_1_11' title='bbox 1793 1014 1897 1102; x_wconf 79' lang='lat' dir='ltr'><strong>Lege:</strong></span> <span class='ocrx_word' id='word_1_12' title='bbox 1922 1017 1993 1087; x_wconf 72' lang='grc' dir='ltr'><strong><em>τοὺς</em></strong></span> 
     </span>
     <span class='ocr_line' id='line_1_3' title="bbox 801 1116 1993 1207; baseline 0.005 -26"><span class='ocrx_word' id='word_1_13' title='bbox 801 1116 966 1194; x_wconf 72' lang='grc' dir='ltr'><strong><em>βελτίςους</em></strong></span> <span class='ocrx_word' id='word_1_14' title='bbox 988 1119 1079 1181; x_wconf 77' lang='grc' dir='ltr'><strong><em>δεῖν.</em></strong></span> <span class='ocrx_word' id='word_1_15' title='bbox 1099 1117 1240 1203; x_wconf 80' lang='lat' dir='ltr'>Respicit</span> <span class='ocrx_word' id='word_1_16' title='bbox 1257 1119 1480 1203; x_wconf 77' lang='lat' dir='ltr'><strong>metaphoram</strong></span> <span class='ocrx_word' id='word_1_17' title='bbox 1498 1140 1594 1204; x_wconf 89' lang='lat' dir='ltr'><strong>quam</strong></span> <span class='ocrx_word' id='word_1_18' title='bbox 1612 1119 1715 1203; x_wconf 73' lang='lat' dir='ltr'><strong>§tab</strong></span> <span class='ocrx_word' id='word_1_19' title='bbox 1728 1121 1833 1207; x_wconf 89' lang='lat' dir='ltr'><strong>lepore</strong></span> <span class='ocrx_word' id='word_1_20' title='bbox 1847 1122 1993 1188; x_wconf 87' lang='lat' dir='ltr'><strong>duxerat.</strong></span> 
     </span>
    </p>
   </div>
   <div class='ocr_carea' id='block_1_3' title="bbox 801 1305 1995 1488">
    <p class='ocr_par' dir='ltr' id='par_1_3' title="bbox 801 1305 1995 1488">
     <span class='ocr_line' id='line_1_4' title="bbox 846 1305 1995 1391; baseline 0.004 -20"><span class='ocrx_word' id='word_1_21' title='bbox 846 1306 914 1388; x_wconf 67' lang='lat' dir='ltr'><strong>§ld</strong></span> <span class='ocrx_word' id='word_1_22' title='bbox 945 1305 1140 1391; x_wconf 85' lang='lat' dir='ltr'><strong>Interpolata</strong></span> <span class='ocrx_word' id='word_1_23' title='bbox 1171 1307 1269 1372; x_wconf 85' lang='lat' dir='ltr'><strong>verba</strong></span> <span class='ocrx_word' id='word_1_24' title='bbox 1300 1313 1392 1371; x_wconf 89' lang='lat' dir='ltr'><strong>sunt:</strong></span> <span class='ocrx_word' id='word_1_25' title='bbox 1425 1305 1500 1373; x_wconf 80' lang='grc' dir='ltr'><strong><em>ἔοικε</em></strong></span> <span class='ocrx_word' id='word_1_26' title='bbox 1526 1308 1556 1372; x_wconf 76' lang='grc' dir='ltr'><strong>δὲ</strong></span> <span class='ocrx_word' id='word_1_27' title='bbox 1580 1308 1748 1376; x_wconf 72' lang='grc' dir='ltr'><strong><em>σολοικίσαι</em></strong></span> <span class='ocrx_word' id='word_1_28' title='bbox 1771 1314 1807 1376; x_wconf 81' lang='lat' dir='ltr'><strong>rt</strong></span> <span class='ocrx_word' id='word_1_29' title='bbox 1831 1310 1917 1387; x_wconf 68' lang='grc' dir='ltr'><em>νυνδὴ</em></span> <span class='ocrx_word' id='word_1_30' title='bbox 1941 1337 1995 1390; x_wconf 75' lang='grc' dir='ltr'><strong>γε·</strong></span> 
     </span>
     <span class='ocr_line' id='line_1_5' title="bbox 801 1411 1345 1488; baseline 0.007 -14"><span class='ocrx_word' id='word_1_31' title='bbox 801 1415 942 1488; x_wconf 62' lang='lat' dir='ltr'><strong>circum.</strong></span> <span class='ocrx_word' id='word_1_32' title='bbox 967 1411 1109 1477; x_wconf 82' lang='lat' dir='ltr'><strong>Verbum</strong></span> <span class='ocrx_word' id='word_1_33' title='bbox 1131 1434 1194 1477; x_wconf 88' lang='lat' dir='ltr'><strong>non</strong></span> <span class='ocrx_word' id='word_1_34' title='bbox 1218 1413 1345 1479; x_wconf 80' lang='lat' dir='ltr'><strong>addam.</strong></span> 
     </span>
    </p>
   </div>
   <div class='ocr_carea' id='block_1_4' title="bbox 1297 1565 1495 1648">
    <p class='ocr_par' dir='ltr' id='par_1_4' title="bbox 1297 1565 1495 1648">
     <span class='ocr_line' id='line_1_6' title="bbox 1297 1565 1495 1648; baseline 0.015 -20"><span class='ocrx_word' id='word_1_35' title='bbox 1297 1565 1495 1648; x_wconf 75' lang='lat' dir='ltr'><strong>Philoputrc&#39;s.</strong></span> 
     </span>
    </p>
   </div>
   <div class='ocr_carea' id='block_1_5' title="bbox 799 1699 1992 1992">
    <p class='ocr_par' dir='ltr' id='par_1_5' title="bbox 799 1699 1992 1992">
     <span class='ocr_line' id='line_1_7' title="bbox 844 1699 1992 1784; baseline 0.004 -19"><span class='ocrx_word' id='word_1_36' title='bbox 844 1701 863 1784; x_wconf 55' lang='grc' dir='ltr'>ᾗ</span> <span class='ocrx_word' id='word_1_37' title='bbox 883 1699 920 1765; x_wconf 85' lang='lat'><strong>3:</strong></span> <span class='ocrx_word' id='word_1_38' title='bbox 946 1700 998 1764; x_wconf 76' lang='grc' dir='ltr'><strong>καὶ</strong></span> <span class='ocrx_word' id='word_1_39' title='bbox 1019 1701 1081 1779; x_wconf 76' lang='grc' dir='ltr'><strong>γὰρ</strong></span> <span class='ocrx_word' id='word_1_40' title='bbox 1102 1701 1254 1777; x_wconf 68' lang='grc' dir='ltr'><strong><em>κνήμην</em></strong></span> <span class='ocrx_word' id='word_1_41' title='bbox 1273 1701 1434 1781; x_wconf 74' lang='grc' dir='ltr'><strong><em>γαςέρα</em></strong></span> <span class='ocrx_word' id='word_1_42' title='bbox 1455 1700 1601 1766; x_wconf 74' lang='grc' dir='ltr'><strong>τεθέασαι</strong></span> <span class='ocrx_word' id='word_1_43' title='bbox 1622 1703 1674 1767; x_wconf 75' lang='grc' dir='ltr'><strong>καὶ</strong></span> <span class='ocrx_word' id='word_1_44' title='bbox 1696 1705 1839 1784; x_wconf 63' lang='grc' dir='ltr'><strong><em>κεφαλὴν</em></strong></span> <span class='ocrx_word' id='word_1_45' title='bbox 1859 1705 1992 1771; x_wconf 80' lang='grc' dir='ltr'><strong><em>κύουσαν</em></strong></span> 
     </span>
     <span class='ocr_line' id='line_1_8' title="bbox 800 1807 1991 1888; baseline 0.006 -17"><span class='ocrx_word' id='word_1_46' title='bbox 800 1808 851 1871; x_wconf 77' lang='grc' dir='ltr'><strong>καὶ</strong></span> <span class='ocrx_word' id='word_1_47' title='bbox 895 1807 1036 1887; x_wconf 69' lang='grc' dir='ltr'><strong>ἀνδρείαν</strong></span> <span class='ocrx_word' id='word_1_48' title='bbox 1080 1808 1174 1886; x_wconf 80' lang='grc' dir='ltr'><strong><em>Φύσιν</em></strong></span> <span class='ocrx_word' id='word_1_49' title='bbox 1218 1809 1248 1878; x_wconf 81' lang='grc' dir='ltr'><strong>ἒς</strong></span> <span class='ocrx_word' id='word_1_50' title='bbox 1288 1809 1468 1885; x_wconf 66' lang='grc' dir='ltr'><strong>γυναικείαν</strong></span> <span class='ocrx_word' id='word_1_51' title='bbox 1503 1809 1779 1888; x_wconf 75' lang='grc' dir='ltr'><strong><em>ἕνερροβοιτοῦοαν.</em></strong></span> <span class='ocrx_word' id='word_1_52' title='bbox 1823 1811 1991 1878; x_wconf 87' lang='lat' dir='ltr'><strong>Praefero:</strong></span> 
     </span>
     <span class='ocr_line' id='line_1_9' title="bbox 799 1911 1991 1992; baseline 0.004 -15"><span class='ocrx_word' id='word_1_53' title='bbox 799 1913 1119 1992; x_wconf 72' lang='grc' dir='ltr'><strong><em>γαςροκοκραίαν.</em></strong></span> <span class='ocrx_word' id='word_1_54' title='bbox 1152 1911 1200 1979; x_wconf 77' lang='lat' dir='ltr'><strong>Of.</strong></span> <span class='ocrx_word' id='word_1_55' title='bbox 1233 1912 1305 1978; x_wconf 89' lang='lat' dir='ltr'><strong>Ver.</strong></span> <span class='ocrx_word' id='word_1_56' title='bbox 1339 1914 1425 1979; x_wconf 87' lang='lat' dir='ltr'><strong>Hist.</strong></span> <span class='ocrx_word' id='word_1_57' title='bbox 1457 1914 1481 1979; x_wconf 91' lang='grc' dir='ltr'><strong>Ι.</strong></span> <span class='ocrx_word' id='word_1_58' title='bbox 1515 1913 1568 1980; x_wconf 77' lang='grc'><strong>22.</strong></span> <span class='ocrx_word' id='word_1_59' title='bbox 1599 1915 1730 1981; x_wconf 81' lang='lat' dir='ltr'>Ostendi</span> <span class='ocrx_word' id='word_1_60' title='bbox 1762 1919 1875 1981; x_wconf 76' lang='lat' dir='ltr'><strong>Meem.</strong></span> <span class='ocrx_word' id='word_1_61' title='bbox 1902 1918 1991 1983; x_wconf 82' lang='lat'>1900</span> 
     </span>
    </p>
   </div>
   <div class='ocr_carea' id='block_1_6' title="bbox 798 2018 1955 2107">
    <p class='ocr_par' dir='ltr' id='par_1_6' title="bbox 798 2018 1955 2107">
     <span class='ocr_line' id='line_1_10' title="bbox 798 2018 1955 2107; baseline 0.004 -23"><span class='ocrx_word' id='word_1_62' title='bbox 798 2042 829 2105; x_wconf 93' lang='lat' dir='ltr'><strong>p.</strong></span> <span class='ocrx_word' id='word_1_63' title='bbox 855 2018 910 2096; x_wconf 81' lang='lat'><strong>87,</strong></span> <span class='ocrx_word' id='word_1_64' title='bbox 933 2019 1091 2104; x_wconf 91' lang='lat' dir='ltr'><strong>quomodo</strong></span> <span class='ocrx_word' id='word_1_65' title='bbox 1114 2018 1238 2084; x_wconf 89' lang='lat' dir='ltr'><strong>librarii</strong></span> <span class='ocrx_word' id='word_1_66' title='bbox 1261 2023 1438 2106; x_wconf 90' lang='lat' dir='ltr'><strong>composita</strong></span> <span class='ocrx_word' id='word_1_67' title='bbox 1460 2023 1493 2084; x_wconf 88' lang='lat' dir='ltr'><strong>in</strong></span> <span class='ocrx_word' id='word_1_68' title='bbox 1516 2029 1622 2107; x_wconf 87' lang='lat' dir='ltr'><strong>partes</strong></span> <span class='ocrx_word' id='word_1_69' title='bbox 1646 2022 1800 2088; x_wconf 80' lang='lat' dir='ltr'><strong>dissecare</strong></span> <span class='ocrx_word' id='word_1_70' title='bbox 1823 2023 1955 2089; x_wconf 80' lang='lat' dir='ltr'><strong>soleant.</strong></span> 
     </span>
    </p>
   </div>
   <div class='ocr_carea' id='block_1_7' title="bbox 797 2204 1992 2392">
    <p class='ocr_par' dir='ltr' id='par_1_7' title="bbox 797 2204 1992 2392">
     <span class='ocr_line' id='line_1_11' title="bbox 844 2204 1992 2292; baseline 0.005 -22"><span class='ocrx_word' id='word_1_71' title='bbox 844 2206 912 2291; x_wconf 74' lang='lat'><strong>§41</strong></span> <span class='ocrx_word' id='word_1_72' title='bbox 938 2205 990 2272; x_wconf 79' lang='grc' dir='ltr'><strong>Σὺ</strong></span> <span class='ocrx_word' id='word_1_73' title='bbox 1013 2207 1071 2283; x_wconf 75' lang='grc' dir='ltr'><strong>μὲν</strong></span> <span class='ocrx_word' id='word_1_74' title='bbox 1095 2204 1203 2271; x_wconf 71' lang='lat' dir='ltr'><strong>adura</strong></span> <span class='ocrx_word' id='word_1_75' title='bbox 1227 2207 1422 2288; x_wconf 74' lang='grc' dir='ltr'><strong><em>ταρὲδροιμες</em></strong></span> <span class='ocrx_word' id='word_1_76' title='bbox 1446 2209 1487 2274; x_wconf 75' lang='grc' dir='ltr'><strong>τὰ</strong></span> <span class='ocrx_word' id='word_1_77' title='bbox 1512 2213 1566 2273; x_wconf 80' lang='grc' dir='ltr'><strong>τοῦ</strong></span> <span class='ocrx_word' id='word_1_78' title='bbox 1592 2210 1682 2289; x_wconf 77' lang='grc' dir='ltr'><strong><em>Διός,</em></strong></span> <span class='ocrx_word' id='word_1_79' title='bbox 1708 2211 1794 2288; x_wconf 67' lang='grc' dir='ltr'>ἀλλ’,</span> <span class='ocrx_word' id='word_1_80' title='bbox 1819 2209 1848 2275; x_wconf 73' lang='grc' dir='ltr'><strong>εἴ</strong></span> <span class='ocrx_word' id='word_1_81' title='bbox 1869 2236 1914 2276; x_wconf 83' lang='grc' dir='ltr'><strong>τοι</strong></span> <span class='ocrx_word' id='word_1_82' title='bbox 1939 2214 1992 2292; x_wconf 76' lang='grc' dir='ltr'><strong>φί-</strong></span> 
     </span>
     <span class='ocr_line' id='line_1_12' title="bbox 797 2309 1453 2392; baseline 0.003 -15"><span class='ocrx_word' id='word_1_83' title='bbox 797 2327 859 2392; x_wconf 84' lang='grc' dir='ltr'><strong>λοι,</strong></span> <span class='ocrx_word' id='word_1_84' title='bbox 884 2311 986 2378; x_wconf 71' lang='grc' dir='ltr'><strong><em>ἄκουε.</em></strong></span> <span class='ocrx_word' id='word_1_85' title='bbox 1011 2311 1150 2378; x_wconf 84' lang='lat' dir='ltr'><strong>Melius:</strong></span> <span class='ocrx_word' id='word_1_86' title='bbox 1175 2309 1228 2378; x_wconf 85' lang='grc' dir='ltr'><strong>Εὖ</strong></span> <span class='ocrx_word' id='word_1_87' title='bbox 1252 2314 1309 2390; x_wconf 74' lang='grc' dir='ltr'><strong>μὲν</strong></span> <span class='ocrx_word' id='word_1_88' title='bbox 1334 2313 1453 2380; x_wconf 74' lang='grc' dir='ltr'><strong><em>πάντα.</em></strong></span> 
     </span>
    </p>
   </div>
   <div class='ocr_carea' id='block_1_8' title="bbox 797 2501 1988 2681">
    <p class='ocr_par' dir='ltr' id='par_1_8' title="bbox 797 2501 1988 2681">
     <span class='ocr_line' id='line_1_13' title="bbox 842 2501 1988 2589; baseline 0.003 -22"><span class='ocrx_word' id='word_1_89' title='bbox 842 2502 934 2588; x_wconf 78' lang='lat'><strong>§13.</strong></span> <span class='ocrx_word' id='word_1_90' title='bbox 965 2502 1203 2589; x_wconf 79' lang='lat' dir='ltr'><strong>Supplandum:</strong></span> <span class='ocrx_word' id='word_1_91' title='bbox 1236 2501 1288 2566; x_wconf 75' lang='lat' dir='ltr'><strong>acl</strong></span> <span class='ocrx_word' id='word_1_92' title='bbox 1313 2501 1405 2584; x_wconf 72' lang='grc' dir='ltr'>(θεὸς)</span> <span class='ocrx_word' id='word_1_93' title='bbox 1429 2502 1491 2570; x_wconf 66' lang='lat' dir='ltr'><strong>isra</strong></span> <span class='ocrx_word' id='word_1_94' title='bbox 1515 2503 1545 2566; x_wconf 79' lang='grc' dir='ltr'><strong>ἐν</strong></span> <span class='ocrx_word' id='word_1_95' title='bbox 1569 2503 1680 2584; x_wconf 78' lang='grc' dir='ltr'><strong><em>οὐρανῷ</em></strong></span> <span class='ocrx_word' id='word_1_96' title='bbox 1703 2501 1832 2581; x_wconf 75' lang='grc' dir='ltr'><strong><em>βλέπων</em></strong></span> <span class='ocrx_word' id='word_1_97' title='bbox 1854 2504 1988 2578; x_wconf 75' lang='grc' dir='ltr'><strong>δικαίους</strong></span> 
     </span>
     <span class='ocr_line' id='line_1_14' title="bbox 797 2610 1065 2681; baseline 0.004 -8"><span class='ocrx_word' id='word_1_98' title='bbox 797 2634 832 2674; x_wconf 81' lang='grc' dir='ltr'><strong>τε</strong></span> <span class='ocrx_word' id='word_1_99' title='bbox 856 2612 907 2674; x_wconf 73' lang='grc' dir='ltr'><strong>καὶ</strong></span> <span class='ocrx_word' id='word_1_100' title='bbox 933 2610 1065 2681; x_wconf 69' lang='grc' dir='ltr'><strong><em>ἀδίκους.</em></strong></span> 
     </span>
    </p>
   </div>
   <div class='ocr_carea' id='block_1_9' title="bbox 794 2795 1987 3074">
    <p class='ocr_par' dir='ltr' id='par_1_9' title="bbox 794 2795 1987 3074">
     <span class='ocr_line' id='line_1_15' title="bbox 840 2795 1987 2880; baseline 0.002 -18"><span class='ocrx_word' id='word_1_101' title='bbox 840 2797 938 2880; x_wconf 76' lang='lat'><strong>§29:</strong></span> <span class='ocrx_word' id='word_1_102' title='bbox 970 2802 1059 2862; x_wconf 80' lang='grc' dir='ltr'><strong><em>τοῦτο</em></strong></span> <span class='ocrx_word' id='word_1_103' title='bbox 1090 2798 1179 2876; x_wconf 72' lang='grc' dir='ltr'><strong><em>ἀρκεῖ</em></strong></span> <span class='ocrx_word' id='word_1_104' title='bbox 1208 2804 1271 2870; x_wconf 79' lang='grc' dir='ltr'><strong><em>τοῖς</em></strong></span> <span class='ocrx_word' id='word_1_105' title='bbox 1296 2797 1414 2875; x_wconf 72' lang='lat' dir='ltr'><strong>rasela,</strong></span> <span class='ocrx_word' id='word_1_106' title='bbox 1439 2799 1480 2862; x_wconf 76' lang='lat' dir='ltr'><strong>al</strong></span> <span class='ocrx_word' id='word_1_107' title='bbox 1506 2798 1581 2874; x_wconf 69' lang='lat' dir='ltr'><strong>alred</strong></span> <span class='ocrx_word' id='word_1_108' title='bbox 1590 2821 1654 2876; x_wconf 88' lang='grc' dir='ltr'><strong>ραι</strong></span> <span class='ocrx_word' id='word_1_109' title='bbox 1678 2802 1730 2861; x_wconf 82' lang='grc' dir='ltr'><strong>τοῦ</strong></span> <span class='ocrx_word' id='word_1_110' title='bbox 1755 2795 1987 2878; x_wconf 73' lang='grc' dir='ltr'><strong><em>αὐτοκράτορος.</em></strong></span> 
     </span>
     <span class='ocr_line' id='line_1_16' title="bbox 794 2903 1987 2990; baseline 0.002 -22"><span class='ocrx_word' id='word_1_111' title='bbox 794 2903 956 2968; x_wconf 78' lang='lat' dir='ltr'><strong>Scribam:</strong></span> <span class='ocrx_word' id='word_1_112' title='bbox 993 2904 1194 2981; x_wconf 70' lang='grc' dir='ltr'><strong><em>εὐκμεριοο</em></strong></span> <span class='ocrx_word' id='word_1_113' title='bbox 1229 2907 1283 2967; x_wconf 81' lang='grc' dir='ltr'><strong>τοῦ</strong></span> <span class='ocrx_word' id='word_1_114' title='bbox 1320 2903 1540 2985; x_wconf 74' lang='grc' dir='ltr'><strong><em>αὐτοκράτορος</em></strong></span> <span class='ocrx_word' id='word_1_115' title='bbox 1551 2953 1559 2982; x_wconf 87' lang='grc'><em>,</em></span> <span class='ocrx_word' id='word_1_116' title='bbox 1591 2907 1612 2968; x_wconf 87' lang='lat' dir='ltr'><strong>i.</strong></span> <span class='ocrx_word' id='word_1_117' title='bbox 1638 2926 1664 2968; x_wconf 87' lang='lat' dir='ltr'><strong>a.</strong></span> <span class='ocrx_word' id='word_1_118' title='bbox 1697 2903 1779 2989; x_wconf 87' lang='lat' dir='ltr'><strong>Imp.</strong></span> <span class='ocrx_word' id='word_1_119' title='bbox 1813 2904 1987 2990; x_wconf 86' lang='lat' dir='ltr'><strong>Nicephori</strong></span> 
     </span>
     <span class='ocr_line' id='line_1_17' title="bbox 794 3009 930 3074; baseline 0.007 -1"><span class='ocrx_word' id='word_1_120' title='bbox 794 3009 930 3074; x_wconf 85' lang='lat' dir='ltr'><strong>Phocoe.</strong></span> 
     </span>
    </p>
   </div>
   <div class='ocr_carea' id='block_1_10' title="bbox 1281 3265 1495 3314">
    <p class='ocr_par' dir='ltr' id='par_1_10' title="bbox 1281 3265 1495 3314">
     <span class='ocr_line' id='line_1_18' title="bbox 1281 3265 1495 3314; baseline 0.009 -2"><span class='ocrx_word' id='word_1_121' title='bbox 1281 3266 1324 3312; x_wconf 78' lang='grc' dir='ltr'><strong>ΔΙ)</strong></span> <span class='ocrx_word' id='word_1_122' title='bbox 1347 3265 1495 3314; x_wconf 68' lang='lat' dir='ltr'><strong>rioldum.</strong></span> 
     </span>
    </p>
   </div>
   <div class='ocr_carea' id='block_1_11' title="bbox 786 3393 1986 4587">
    <p class='ocr_par' dir='ltr' id='par_1_11' title="bbox 786 3393 1986 4587">
     <span class='ocr_line' id='line_1_19' title="bbox 840 3393 1984 3485; baseline -0.001 -20"><span class='ocrx_word' id='word_1_123' title='bbox 840 3402 922 3465; x_wconf 86' lang='lat' dir='ltr'><strong>Ann.</strong></span> <span class='ocrx_word' id='word_1_124' title='bbox 944 3399 996 3477; x_wconf 89' lang='lat' dir='ltr'><strong>VI,</strong></span> <span class='ocrx_word' id='word_1_125' title='bbox 1018 3399 1038 3463; x_wconf 88' lang='lat'>4</span> <span class='ocrx_word' id='word_1_126' title='bbox 1063 3399 1169 3465; x_wconf 80' lang='lat' dir='ltr'><strong>Seiani</strong></span> <span class='ocrx_word' id='word_1_127' title='bbox 1193 3398 1305 3476; x_wconf 90' lang='lat' dir='ltr'><strong>filiola,</strong></span> <span class='ocrx_word' id='word_1_128' title='bbox 1329 3399 1386 3463; x_wconf 91' lang='lat' dir='ltr'><strong>ubi</strong></span> <span class='ocrx_word' id='word_1_129' title='bbox 1408 3399 1448 3464; x_wconf 90' lang='lat' dir='ltr'><strong>ad</strong></span> <span class='ocrx_word' id='word_1_130' title='bbox 1471 3393 1609 3465; x_wconf 89' lang='lat' dir='ltr'><strong>mortem</strong></span> <span class='ocrx_word' id='word_1_131' title='bbox 1629 3402 1749 3485; x_wconf 83' lang='lat' dir='ltr'><strong>agitur,</strong></span> <span class='ocrx_word' id='word_1_132' title='bbox 1770 3397 1984 3465; x_wconf 86' lang='lat' dir='ltr'><strong>lamentatur:</strong></span> 
     </span>
     <span class='ocr_line' id='line_1_20' title="bbox 792 3505 1986 3592; baseline -0.001 -23"><span class='ocrx_word' id='word_1_133' title='bbox 792 3529 886 3592; x_wconf 82' lang='lat' dir='ltr'><strong>neque</strong></span> <span class='ocrx_word' id='word_1_134' title='bbox 910 3508 1071 3591; x_wconf 79' lang='lat' dir='ltr'><strong>foetorem</strong></span> <span class='ocrx_word' id='word_1_135' title='bbox 1105 3506 1189 3568; x_wconf 80' lang='lat' dir='ltr'><strong>ultra</strong></span> <span class='ocrx_word' id='word_1_136' title='bbox 1219 3511 1248 3568; x_wconf 81' lang='lat' dir='ltr'><strong>et</strong></span> <span class='ocrx_word' id='word_1_137' title='bbox 1271 3528 1362 3587; x_wconf 82' lang='lat' dir='ltr'><strong>posse</strong></span> <span class='ocrx_word' id='word_1_138' title='bbox 1392 3529 1424 3569; x_wconf 84' lang='lat' dir='ltr'><strong>ce</strong></span> <span class='ocrx_word' id='word_1_139' title='bbox 1448 3506 1567 3588; x_wconf 76' lang='lat' dir='ltr'><strong>puerili</strong></span> <span class='ocrx_word' id='word_1_140' title='bbox 1598 3506 1716 3569; x_wconf 75' lang='grc' dir='ltr'><strong><em>οοιόοοο</em></strong></span> <span class='ocrx_word' id='word_1_141' title='bbox 1746 3505 1867 3569; x_wconf 79' lang='lat' dir='ltr'><strong>moneri.</strong></span> <span class='ocrx_word' id='word_1_142' title='bbox 1900 3505 1986 3569; x_wconf 87' lang='lat' dir='ltr'><strong>Mire</strong></span> 
     </span>
     <span class='ocr_line' id='line_1_21' title="bbox 791 3609 1984 3697; baseline 0.001 -22"><span class='ocrx_word' id='word_1_143' title='bbox 791 3612 913 3675; x_wconf 90' lang='lat' dir='ltr'><strong>dictum</strong></span> <span class='ocrx_word' id='word_1_144' title='bbox 938 3612 1067 3676; x_wconf 87' lang='lat' dir='ltr'><strong>videtur</strong></span> <span class='ocrx_word' id='word_1_145' title='bbox 1083 3611 1205 3693; x_wconf 78' lang='lat' dir='ltr'><strong>puerile</strong></span> <span class='ocrx_word' id='word_1_146' title='bbox 1228 3612 1339 3689; x_wconf 81' lang='lat' dir='ltr'><strong>verber,</strong></span> <span class='ocrx_word' id='word_1_147' title='bbox 1364 3614 1431 3676; x_wconf 88' lang='lat' dir='ltr'><strong>sive</strong></span> <span class='ocrx_word' id='word_1_148' title='bbox 1455 3615 1591 3697; x_wconf 77' lang='lat' dir='ltr'><strong>scriptor</strong></span> <span class='ocrx_word' id='word_1_149' title='bbox 1614 3614 1682 3697; x_wconf 91' lang='lat' dir='ltr'><strong>ipse</strong></span> <span class='ocrx_word' id='word_1_150' title='bbox 1707 3612 1791 3676; x_wconf 89' lang='lat' dir='ltr'><strong>hunc</strong></span> <span class='ocrx_word' id='word_1_151' title='bbox 1814 3609 1984 3676; x_wconf 90' lang='lat' dir='ltr'><strong>flosculum</strong></span> 
     </span>
     <span class='ocr_line' id='line_1_22' title="bbox 791 3715 1982 3803; baseline -0.002 -21"><span class='ocrx_word' id='word_1_152' title='bbox 791 3719 987 3803; x_wconf 80' lang='lat' dir='ltr'><strong>excogitavit</strong></span> <span class='ocrx_word' id='word_1_153' title='bbox 1009 3737 1067 3800; x_wconf 93' lang='lat' dir='ltr'><strong>pro</strong></span> <span class='ocrx_word' id='word_1_154' title='bbox 1089 3715 1225 3801; x_wconf 80' lang='lat' dir='ltr'><strong>vulgato</strong></span> <span class='ocrx_word' id='word_1_155' title='bbox 1239 3716 1371 3801; x_wconf 78' lang='lat' dir='ltr'><strong>fercla,</strong></span> <span class='ocrx_word' id='word_1_156' title='bbox 1397 3719 1464 3782; x_wconf 88' lang='lat' dir='ltr'><strong>sive</strong></span> <span class='ocrx_word' id='word_1_157' title='bbox 1484 3717 1641 3782; x_wconf 91' lang='lat' dir='ltr'><strong>eiusmodi</strong></span> <span class='ocrx_word' id='word_1_158' title='bbox 1660 3716 1821 3781; x_wconf 89' lang='lat' dir='ltr'><strong>locutione</strong></span> <span class='ocrx_word' id='word_1_159' title='bbox 1841 3715 1982 3801; x_wconf 89' lang='lat' dir='ltr'><strong>puellam</strong></span> 
     </span>
     <span class='ocr_line' id='line_1_23' title="bbox 791 3820 1983 3909; baseline 0.001 -23"><span class='ocrx_word' id='word_1_160' title='bbox 791 3822 885 3909; x_wconf 80' lang='lat' dir='ltr'><strong>fingit</strong></span> <span class='ocrx_word' id='word_1_161' title='bbox 908 3826 1063 3887; x_wconf 87' lang='lat' dir='ltr'><strong>utentem.</strong></span> <span class='ocrx_word' id='word_1_162' title='bbox 1084 3820 1196 3903; x_wconf 90' lang='lat' dir='ltr'><strong>Neque</strong></span> <span class='ocrx_word' id='word_1_163' title='bbox 1218 3824 1286 3885; x_wconf 88' lang='lat' dir='ltr'><strong>sinc</strong></span> <span class='ocrx_word' id='word_1_164' title='bbox 1311 3842 1404 3886; x_wconf 90' lang='lat' dir='ltr'><strong>causa</strong></span> <span class='ocrx_word' id='word_1_165' title='bbox 1423 3830 1604 3907; x_wconf 84' lang='lat' dir='ltr'><strong>suspectam</strong></span> <span class='ocrx_word' id='word_1_166' title='bbox 1625 3843 1692 3887; x_wconf 89' lang='lat' dir='ltr'><strong>esse</strong></span> <span class='ocrx_word' id='word_1_167' title='bbox 1712 3821 1882 3887; x_wconf 88' lang='lat' dir='ltr'><strong>lectionem</strong></span> <span class='ocrx_word' id='word_1_168' title='bbox 1902 3822 1983 3887; x_wconf 90' lang='lat' dir='ltr'><strong>duae</strong></span> 
     </span>
     <span class='ocr_line' id='line_1_24' title="bbox 789 3926 1982 4013; baseline 0.002 -22"><span class='ocrx_word' id='word_1_169' title='bbox 789 3949 839 3993; x_wconf 89' lang='lat' dir='ltr'><strong>res</strong></span> <span class='ocrx_word' id='word_1_170' title='bbox 869 3928 989 3992; x_wconf 88' lang='lat' dir='ltr'><strong>indicio</strong></span> <span class='ocrx_word' id='word_1_171' title='bbox 1013 3932 1105 3992; x_wconf 91' lang='lat' dir='ltr'><strong>sunt:</strong></span> <span class='ocrx_word' id='word_1_172' title='bbox 1133 3926 1168 3990; x_wconf 89' lang='lat'><strong>1⁰</strong></span> <span class='ocrx_word' id='word_1_173' title='bbox 1190 3929 1394 3992; x_wconf 90' lang='lat' dir='ltr'><strong>rarissimum</strong></span> <span class='ocrx_word' id='word_1_174' title='bbox 1418 3935 1467 3993; x_wconf 91' lang='lat' dir='ltr'><strong>est</strong></span> <span class='ocrx_word' id='word_1_175' title='bbox 1490 3929 1591 3991; x_wconf 82' lang='lat' dir='ltr'><strong>verber</strong></span> <span class='ocrx_word' id='word_1_176' title='bbox 1614 3932 1647 3992; x_wconf 91' lang='lat' dir='ltr'><strong>in</strong></span> <span class='ocrx_word' id='word_1_177' title='bbox 1671 3930 1772 4013; x_wconf 79' lang='lat' dir='ltr'><strong>sing.;</strong></span> <span class='ocrx_word' id='word_1_178' title='bbox 1799 3928 1883 4013; x_wconf 90' lang='lat' dir='ltr'><strong>apud</strong></span> <span class='ocrx_word' id='word_1_179' title='bbox 1906 3927 1982 3993; x_wconf 85' lang='lat' dir='ltr'><strong>Tac.</strong></span> 
     </span>
     <span class='ocr_line' id='line_1_25' title="bbox 789 4031 1980 4119; baseline 0.001 -22"><span class='ocrx_word' id='word_1_180' title='bbox 789 4040 1011 4119; x_wconf 87' lang='lat' dir='ltr'><strong>praeterquam</strong></span> <span class='ocrx_word' id='word_1_181' title='bbox 1035 4033 1093 4097; x_wconf 92' lang='lat' dir='ltr'><strong>boc</strong></span> <span class='ocrx_word' id='word_1_182' title='bbox 1115 4031 1184 4097; x_wconf 95' lang='lat' dir='ltr'><strong>loco</strong></span> <span class='ocrx_word' id='word_1_183' title='bbox 1207 4032 1257 4096; x_wconf 90' lang='lat' dir='ltr'><strong>bis</strong></span> <span class='ocrx_word' id='word_1_184' title='bbox 1281 4037 1410 4097; x_wconf 88' lang='lat' dir='ltr'><strong>tantum</strong></span> <span class='ocrx_word' id='word_1_185' title='bbox 1429 4036 1609 4099; x_wconf 87' lang='lat' dir='ltr'><strong>invenitur:</strong></span> <span class='ocrx_word' id='word_1_186' title='bbox 1628 4035 1711 4098; x_wconf 85' lang='lat' dir='ltr'><strong>Ann.</strong></span> <span class='ocrx_word' id='word_1_187' title='bbox 1725 4032 1778 4111; x_wconf 87' lang='lat' dir='ltr'><strong>Vl,</strong></span> <span class='ocrx_word' id='word_1_188' title='bbox 1799 4032 1853 4111; x_wconf 78' lang='lat'><strong>24,</strong></span> <span class='ocrx_word' id='word_1_189' title='bbox 1875 4031 1914 4099; x_wconf 79' lang='lat' dir='ltr'><strong>G.</strong></span> <span class='ocrx_word' id='word_1_190' title='bbox 1937 4032 1980 4098; x_wconf 89' lang='grc'><strong>19</strong></span> 
     </span>
     <span class='ocr_line' id='line_1_26' title="bbox 787 4136 1979 4222; baseline 0.002 -20"><span class='ocrx_word' id='word_1_191' title='bbox 787 4137 970 4222; x_wconf 84' lang='lat' dir='ltr'><strong>(utrobique</strong></span> <span class='ocrx_word' id='word_1_192' title='bbox 1005 4136 1043 4202; x_wconf 96' lang='lat' dir='ltr'><strong>de</strong></span> <span class='ocrx_word' id='word_1_193' title='bbox 1077 4157 1178 4222; x_wconf 90' lang='lat' dir='ltr'><strong>poena</strong></span> <span class='ocrx_word' id='word_1_194' title='bbox 1213 4139 1429 4222; x_wconf 81' lang='lat' dir='ltr'><strong>gravissima).</strong></span> <span class='ocrx_word' id='word_1_195' title='bbox 1466 4136 1502 4203; x_wconf 83' lang='lat'><strong>2⁰</strong></span> <span class='ocrx_word' id='word_1_196' title='bbox 1533 4141 1565 4201; x_wconf 90' lang='lat' dir='ltr'><strong>in</strong></span> <span class='ocrx_word' id='word_1_197' title='bbox 1597 4139 1703 4204; x_wconf 91' lang='lat' dir='ltr'><strong>codice</strong></span> <span class='ocrx_word' id='word_1_198' title='bbox 1735 4145 1783 4204; x_wconf 90' lang='lat' dir='ltr'><strong>est</strong></span> <span class='ocrx_word' id='word_1_199' title='bbox 1799 4140 1979 4221; x_wconf 72' lang='lat' dir='ltr'><strong>puerilimo</strong></span> 
     </span>
     <span class='ocr_line' id='line_1_27' title="bbox 787 4244 1979 4331; baseline 0.003 -23"><span class='ocrx_word' id='word_1_200' title='bbox 787 4246 904 4308; x_wconf 70' lang='lat' dir='ltr'><strong>cordae</strong></span> <span class='ocrx_word' id='word_1_201' title='bbox 922 4244 1057 4320; x_wconf 76' lang='lat' dir='ltr'><strong>mouerit,</strong></span> <span class='ocrx_word' id='word_1_202' title='bbox 1081 4264 1215 4327; x_wconf 92' lang='lat' dir='ltr'><strong>quorum</strong></span> <span class='ocrx_word' id='word_1_203' title='bbox 1236 4245 1392 4308; x_wconf 86' lang='lat' dir='ltr'><strong>vitiorum</strong></span> <span class='ocrx_word' id='word_1_204' title='bbox 1410 4247 1496 4309; x_wconf 88' lang='lat' dir='ltr'><strong>nasci</strong></span> <span class='ocrx_word' id='word_1_205' title='bbox 1515 4267 1577 4309; x_wconf 90' lang='lat' dir='ltr'><strong>non</strong></span> <span class='ocrx_word' id='word_1_206' title='bbox 1597 4248 1756 4331; x_wconf 88' lang='lat' dir='ltr'><strong>potuisset</strong></span> <span class='ocrx_word' id='word_1_207' title='bbox 1777 4249 1866 4330; x_wconf 90' lang='lat' dir='ltr'><strong>prius</strong></span> <span class='ocrx_word' id='word_1_208' title='bbox 1889 4253 1979 4326; x_wconf 92' lang='lat' dir='ltr'><strong>(nam</strong></span> 
     </span>
     <span class='ocr_line' id='line_1_28' title="bbox 786 4349 1981 4437; baseline 0.005 -27"><span class='ocrx_word' id='word_1_209' title='bbox 786 4350 912 4414; x_wconf 72' lang='grc' dir='ltr'><strong>ικοιιοιίο</strong></span> <span class='ocrx_word' id='word_1_210' title='bbox 930 4371 946 4414; x_wconf 90' lang='lat' dir='ltr'><strong>o</strong></span> <span class='ocrx_word' id='word_1_211' title='bbox 967 4349 1185 4434; x_wconf 81' lang='lat' dir='ltr'><strong>dittographia</strong></span> <span class='ocrx_word' id='word_1_212' title='bbox 1203 4354 1325 4427; x_wconf 88' lang='lat' dir='ltr'><strong>ortum)</strong></span> <span class='ocrx_word' id='word_1_213' title='bbox 1349 4351 1377 4414; x_wconf 93' lang='lat' dir='ltr'><strong>si</strong></span> <span class='ocrx_word' id='word_1_214' title='bbox 1398 4370 1473 4415; x_wconf 89' lang='lat' dir='ltr'><strong>vera</strong></span> <span class='ocrx_word' id='word_1_215' title='bbox 1494 4357 1578 4415; x_wconf 92' lang='lat' dir='ltr'><strong>esset</strong></span> <span class='ocrx_word' id='word_1_216' title='bbox 1595 4350 1691 4428; x_wconf 88' lang='lat' dir='ltr'><strong>lectio</strong></span> <span class='ocrx_word' id='word_1_217' title='bbox 1711 4373 1806 4436; x_wconf 90' lang='lat' dir='ltr'><strong>quam</strong></span> <span class='ocrx_word' id='word_1_218' title='bbox 1827 4354 1981 4437; x_wconf 87' lang='lat' dir='ltr'><strong>praebent</strong></span> 
     </span>
     <span class='ocr_line' id='line_1_29' title="bbox 787 4453 1978 4587; baseline 0.005 -69"><span class='ocrx_word' id='word_1_219' title='bbox 787 4455 951 4521; x_wconf 88' lang='lat' dir='ltr'><strong>editiones.</strong></span> <span class='ocrx_word' id='word_1_220' title='bbox 972 4454 1055 4534; x_wconf 82' lang='lat' dir='ltr'><strong>Quid</strong></span> <span class='ocrx_word' id='word_1_221' title='bbox 1076 4475 1152 4540; x_wconf 84' lang='lat' dir='ltr'><strong>ergo</strong></span> <span class='ocrx_word' id='word_1_222' title='bbox 1171 4457 1299 4539; x_wconf 90' lang='lat' dir='ltr'><strong>scripsit</strong></span> <span class='ocrx_word' id='word_1_223' title='bbox 1318 4453 1469 4521; x_wconf 74' lang='lat' dir='ltr'><strong>Tacitus?</strong></span> <span class='ocrx_word' id='word_1_224' title='bbox 1489 4457 1745 4587; x_wconf 46' lang='lat' dir='ltr'><strong>Nempewpuerili</strong></span> <span class='ocrx_word' id='word_1_225' title='bbox 1759 4460 1843 4522; x_wconf 84' lang='lat' dir='ltr'><strong>modo</strong></span> <span class='ocrx_word' id='word_1_226' title='bbox 1855 4460 1978 4524; x_wconf 80' lang='lat' dir='ltr'><strong>moneri.</strong></span> 
     </span>
    </p>
   </div>
   <div class='ocr_carea' id='block_1_12' title="bbox 785 4559 1980 4898">
    <p class='ocr_par' dir='ltr' id='par_1_12' title="bbox 785 4559 1980 4898">
     <span class='ocr_line' id='line_1_30' title="bbox 786 4559 1980 4681; baseline 0.004 -17"><span class='ocrx_word' id='word_1_227' title='bbox 786 4597 924 4664; x_wconf 90' lang='lat' dir='ltr'><strong>Medicei</strong></span> <span class='ocrx_word' id='word_1_228' title='bbox 943 4598 1091 4663; x_wconf 85' lang='lat' dir='ltr'><strong>librarius</strong></span> <span class='ocrx_word' id='word_1_229' title='bbox 1110 4603 1184 4662; x_wconf 91' lang='lat' dir='ltr'><strong>ante</strong></span> <span class='ocrx_word' id='word_1_230' title='bbox 1205 4597 1314 4663; x_wconf 92' lang='lat' dir='ltr'><strong>oculos</strong></span> <span class='ocrx_word' id='word_1_231' title='bbox 1334 4598 1470 4664; x_wconf 89' lang='lat' dir='ltr'><strong>habebat</strong></span> <span class='ocrx_word' id='word_1_232' title='bbox 1483 4601 1604 4681; x_wconf 78' lang='lat' dir='ltr'><strong>puerili</strong></span> <span class='ocrx_word' id='word_1_233' title='bbox 1637 4559 1667 4665; x_wconf 67' lang='lat' dir='ltr'><strong>lt</strong></span> <span class='ocrx_word' id='word_1_234' title='bbox 1687 4604 1800 4666; x_wconf 66' lang='lat' dir='ltr'><strong>coenari</strong></span> <span class='ocrx_word' id='word_1_235' title='bbox 1820 4608 1852 4667; x_wconf 88' lang='lat' dir='ltr'><strong>et</strong></span> <span class='ocrx_word' id='word_1_236' title='bbox 1864 4609 1980 4670; x_wconf 88' lang='lat' dir='ltr'><strong>cuncta</strong></span> 
     </span>
     <span class='ocr_line' id='line_1_31' title="bbox 785 4702 1978 4791; baseline 0.005 -23"><span class='ocrx_word' id='word_1_237' title='bbox 785 4703 922 4770; x_wconf 90' lang='lat' dir='ltr'><strong>fideliter</strong></span> <span class='ocrx_word' id='word_1_238' title='bbox 944 4705 1120 4789; x_wconf 84' lang='lat' dir='ltr'><strong>exscripsit.</strong></span> <span class='ocrx_word' id='word_1_239' title='bbox 1145 4703 1193 4767; x_wconf 79' lang='lat' dir='ltr'><strong>En</strong></span> <span class='ocrx_word' id='word_1_240' title='bbox 1216 4706 1336 4768; x_wconf 87' lang='lat' dir='ltr'><strong>iterum</strong></span> <span class='ocrx_word' id='word_1_241' title='bbox 1360 4702 1518 4769; x_wconf 89' lang='lat' dir='ltr'><strong>emblema</strong></span> <span class='ocrx_word' id='word_1_242' title='bbox 1540 4708 1780 4791; x_wconf 87' lang='lat' dir='ltr'><strong>ineptissimum</strong></span> <span class='ocrx_word' id='word_1_243' title='bbox 1804 4710 1838 4772; x_wconf 92' lang='lat' dir='ltr'><strong>in</strong></span> <span class='ocrx_word' id='word_1_244' title='bbox 1855 4708 1978 4787; x_wconf 74' lang='lat' dir='ltr'><strong>Tacito,</strong></span> 
     </span>
     <span class='ocr_line' id='line_1_32' title="bbox 785 4809 1844 4898; baseline 0.006 -25"><span class='ocrx_word' id='word_1_245' title='bbox 785 4810 869 4893; x_wconf 92' lang='lat' dir='ltr'><strong>quod</strong></span> <span class='ocrx_word' id='word_1_246' title='bbox 888 4810 1056 4874; x_wconf 88' lang='lat' dir='ltr'><strong>manifesto</strong></span> <span class='ocrx_word' id='word_1_247' title='bbox 1076 4814 1204 4875; x_wconf 89' lang='lat' dir='ltr'><strong>tenetur</strong></span> <span class='ocrx_word' id='word_1_248' title='bbox 1224 4810 1276 4889; x_wconf 88' lang='lat' dir='ltr'><strong>(cf.</strong></span> <span class='ocrx_word' id='word_1_249' title='bbox 1299 4810 1337 4875; x_wconf 89' lang='lat' dir='ltr'><strong>de</strong></span> <span class='ocrx_word' id='word_1_250' title='bbox 1356 4809 1569 4876; x_wconf 83' lang='lat' dir='ltr'><strong>Emblematis</strong></span> <span class='ocrx_word' id='word_1_251' title='bbox 1587 4816 1621 4876; x_wconf 89' lang='lat' dir='ltr'><strong>in</strong></span> <span class='ocrx_word' id='word_1_252' title='bbox 1642 4812 1725 4878; x_wconf 89' lang='lat' dir='ltr'><strong>Plat.</strong></span> <span class='ocrx_word' id='word_1_253' title='bbox 1748 4837 1778 4898; x_wconf 90' lang='lat' dir='ltr'><strong>p.</strong></span> <span class='ocrx_word' id='word_1_254' title='bbox 1800 4812 1844 4894; x_wconf 88' lang='grc'><strong>3).</strong></span> 
     </span>
    </p>
   </div>
   <div class='ocr_carea' id='block_1_13' title="bbox 1777 4918 1926 4985">
    <p class='ocr_par' dir='ltr' id='par_1_13' title="bbox 1777 4918 1926 4985">
     <span class='ocr_line' id='line_1_33' title="bbox 1777 4918 1926 4985; baseline 0.007 -1"><span class='ocrx_word' id='word_1_255' title='bbox 1777 4919 1806 4985; x_wconf 89' lang='lat' dir='ltr'><strong>J.</strong></span> <span class='ocrx_word' id='word_1_256' title='bbox 1829 4919 1859 4985; x_wconf 89' lang='lat' dir='ltr'><strong>J.</strong></span> <span class='ocrx_word' id='word_1_257' title='bbox 1884 4918 1926 4985; x_wconf 89' lang='lat' dir='ltr'><strong>H.</strong></span> 
     </span>
    </p>
   </div>
   <div class='ocr_carea' id='block_1_14' title="bbox 1272 5008 1466 5018">
    <p class='ocr_par' dir='ltr' id='par_1_14' title="bbox 1272 5008 1466 5018">
     <span class='ocr_line' id='line_1_34' title="bbox 1272 5008 1466 5018; baseline 0.005 -1"><span class='ocrx_word' id='word_1_258' title='bbox 1272 5008 1466 5018; x_wconf 54' lang='grc' dir='ltr'><strong>ψ</strong></span> 
     </span>
    </p>
   </div>
   <div class='ocr_carea' id='block_1_15' title="bbox 0 0 2568 6150">
    <p class='ocr_par' dir='ltr' id='par_1_15' title="bbox 0 0 2568 6150">
     <span class='ocr_line' id='line_1_35' title="bbox 0 0 2568 6150; baseline 0 9"><span class='ocrx_word' id='word_1_259' title='bbox 0 0 2568 6150; x_wconf 95' lang='lat' dir='ltr'><strong> </strong></span> 
     </span>
    </p>
   </div>
  </div>
 </body>
</html>
