5125 6150
1192 811 1384 861 nascamus
1835 793 1876 859 91

733 978 883 1066 (lhosph.
909 977 962 1045 78.
987 978 1131 1044 Metrnm
1154 978 1298 1058 πρέποντ’
1323 981 1465 1062 rimeris
1487 979 1545 1063 βίρ
1570 1001 1589 1046 a
1610 977 1788 1045 Schmidtio
1811 1001 1881 1065 pro·

684 1086 796 1152 latum
832 1085 964 1152 ridetur
997 1085 1211 1163 laudandum,
1248 1086 1333 1172 quod
1367 1092 1451 1153 recte
1482 1088 1680 1152 trochaicum
1710 1108 1881 1151 numerum

684 1196 826 1280 agnovit
857 1195 909 1258 vir
940 1192 1143 1259 doctissimus
1174 1193 1311 1258 iambico
1344 1199 1580 1279 congruentem.
1613 1190 1674 1259 Oui
1702 1214 1792 1259 meae
1816 1215 1882 1259 sen-

684 1303 810 1366 tentiae
850 1298 1066 1386 adstipulatur
1108 1301 1208 1365 etiam
1246 1298 1346 1378 illud,
1386 1300 1470 1386 quod
1507 1303 1542 1364 in
1581 1300 1725 1365 versibus
1759 1321 1882 1385 praeoe-

686 1408 841 1475 dentibus
880 1408 1092 1473 iambicorum
1126 1428 1200 1472 cum
1237 1408 1404 1472 trochaicis
1440 1407 1602 1473 ordinibus
1637 1406 1674 1471 fit
1707 1410 1880 1472 concursio.

684 1515 873 1581 Beiicienda
910 1516 959 1600 igi
977 1534 1015 1578 ur
1045 1519 1093 1578 est
1123 1511 1302 1578 Hermanni
1332 1515 1457 1598 opinio,
1489 1515 1672 1578 trimetrum
1703 1513 1880 1577 iambicum

686 1623 797 1688 δίκαιον
819 1621 871 1685 καί
892 1621 937 1695 uir
957 1626 1043 1695 ’μοῖς
1064 1618 1176 1697 πρέπον
1197 1619 1312 1700 τοίχοις
1332 1618 1402 1696 βίον
1423 1621 1610 1694 statuentis,
1632 1621 1707 1704 quia
1723 1619 1878 1685 eiusmodi

686 1729 766 1794 crdo
789 1726 946 1813 peculiari
969 1726 1063 1792 modo
1086 1731 1134 1791 est
1157 1725 1278 1791 effictus
1302 1747 1359 1791 nec
1381 1728 1530 1811 congruit
1553 1746 1626 1790 oum
1648 1725 1776 1803 formis,
1801 1746 1878 1810 quas

686 1836 784 1901 modo
809 1835 972 1918 descripsi.

732 2050 878 2137 Ghoeph.
899 2049 954 2116 83.
977 2050 1081 2115 Probo
1104 2048 1214 2115 eadem
1240 2049 1279 2114 de
1299 2070 1393 2116 causa
1413 2053 1594 2135 opinionem
1613 2050 1803 2129 Schmidtii,
1824 2055 1880 2137 qui

685 2180 821 2225 versum
851 2157 973 2238 τοίχοις,
1005 2156 1139 2236 κρυφίοις
1171 2155 1309 2221 πένίεσνν
1341 2158 1542 2240 παχνουμένη
1575 2158 1682 2236 affert,
1706 2180 1769 2224 non
1792 2180 1877 2225 senu-

685 2269 793 2343 rium,
826 2269 864 2329 ut
893 2263 1115 2342 Hermennus‚
1146 2262 1281 2343 τοίχοις,
1314 2267 1473 2345 κρυφαίοις
1503 2266 1640 2332 πένθεσιν
1665 2265 1875 2346 παχνουμένη.

685 2372 770 2437 'lota
793 2371 925 2458 stropha
947 2376 996 2435 est
1018 2370 1337 2437 iambicotrochaica.

731 2588 876 2674 Ohoeph.
902 2587 977 2654 327.
1002 2589 1087 2654 Mihi
1111 2588 1231 2655 arridet
1253 2588 1425 2654 Schmidtii
1445 2593 1600 2656 sententia
1618 2591 1724 2656 ποονίιν
1743 2592 1877 2657 scriben-

684 2702 746 2777 tis;
780 2699 891 2761 existit
921 2698 1007 2761 enim
1030 2695 1208 2783 glyconeus
1230 2696 1535 2783 hypercatalecticus
1558 2705 1591 2763 et
1614 2719 1687 2763 curn
1710 2701 1744 2762 in
1766 2697 1877 2785 glyco

685 2807 756 2870 nais
786 2803 932 2868 versibus
963 2803 1047 2868 basis
1078 2802 1236 2867 trochaica
1264 2805 1324 2880 sit,
1357 2806 1459 2868 rarius
1492 2804 1676 2889 spondaico,
1708 2807 1770 2870 nisi
1793 2807 1875 2870 ratio

682 2913 824 2977 habetur
853 2908 999 2986 Horatii,
1031 2908 1086 2973 ubi
1117 2930 1242 2994 semper
1272 2909 1442 2994 spondaico
1465 2916 1528 2989 est,
1554 2912 1724 2976 reiicienda
1748 2913 1877 2978 videtur

683 3017 783 3084 lectio
807 3016 985 3083 Hermanni
1007 3016 1112 3097 ροποίν.

732 3235 874 3321 Ghoeph.
894 3234 969 3300 346.
994 3234 1192 3301 Schmidtius
1218 3256 1293 3300 cum
1317 3235 1461 3301 ordinem
1484 3237 1666 3317 ἐπίστροφον
1688 3239 1744 3303 οίῶ
1764 3240 1874 3313 νοίοονς

682 3346 719 3408 in
750 3342 894 3407 medium
927 3340 1050 3418 afferat,
1082 3347 1167 3406 recte
1196 3340 1376 3419 intellexit,
1409 3343 1541 3407 iambici
1572 3343 1691 3410 ordinis
1715 3367 1789 3411 cum
1812 3353 1875 3413 tro

683 3450 797 3514 chaico
827 3448 885 3512 hoc
914 3445 983 3512 loco
1007 3447 1208 3512 statuendam
1233 3468 1300 3513 esse
1324 3451 1582 3528 concursionem,
1606 3472 1702 3536 quarn
1726 3454 1874 3539 strophae

683 3555 808 3622 indoles
827 3554 955 3620 indicat.
974 3553 1152 3619 Hermanni
1171 3553 1267 3619 lectio
1288 3556 1398 3627 κτίοορ
1419 3557 1618 3636 tereremus
1636 3559 1691 3623 νίῶ
1702 3560 1872 3626 iambicam

685 3665 827 3748 speciem
851 3683 925 3747 prae
949 3682 982 3727 se
1005 3662 1107 3727 ferens
1128 3661 1300 3726 reiicienda
1323 3666 1380 3726 est.

732 3880 903 3946 Eumenid.
929 3878 1004 3945 321.
1036 3878 1239 3946 (lonsiderate
1271 3878 1470 3946 Schmidtius
1501 3904 1603 3949 unum
1635 3888 1802 3951 constituit
1830 3909 1876 3953 or-

685 3990 795 4054 dinem
826 3991 943 4065 μῖοτερ,
974 3984 996 4051 οἳ
1026 3992 1061 4061 μ’
1087 3986 1225 4063 έτνκοες,
1259 3981 1279 4050 ὦ
1305 3991 1406 4069 μᾶτερ
1431 3988 1518 4069 Νύξ,
1543 3994 1667 4057 οὶλοοοῖον
1692 3993 1784 4059 valde
1808 4016 1874 4079 pro·

684 4094 847 4171 handum,
867 4093 952 4179 quod
970 4093 1051 4158 duae
1070 4114 1154 4158 arses
1174 4089 1195 4156 ὦ
1217 4099 1250 4158 et
1268 4098 1370 4177 μᾶτερ
1391 4104 1573 4183 congruunt
1590 4099 1875 4185 pherecrateusque

685 4200 898 4288 tetrapodiam
922 4199 1115 4265 trochaicam
1138 4201 1267 4285 excipit.

752 4383 814 4432 Dedi
832 4381 979 4432 Wollsteinii
996 4382 1022 4431 ia
1039 4381 1164 4447 provincia
1182 4382 1305 4431 Posuenei.

1174 4705 1367 4717 ..---
