5125 6150
1143 808 1285 857 rsornns.
1735 790 1801 857 209

621 975 696 1038 hacc
715 976 799 1038 inter
818 994 850 1037 se
870 975 979 1037 iuncta
994 972 1159 1037 videntur:
1180 980 1233 1035 aul
1248 973 1492 1052 plcriociscimam
1511 979 1565 1036 out
1583 973 1804 1055 ipsomioiocum

621 1083 704 1162 oprcd
731 1079 864 1143 maiores.
898 1079 1168 1164 Nipperdeianum
1199 1100 1273 1143 vero
1298 1079 1331 1141 io
1353 1080 1478 1143 moiocca
1501 1101 1558 1164 pro
1580 1079 1660 1143 ictor
1680 1080 1805 1144 moiorca

622 1186 698 1271 quid
722 1187 783 1250 sibi
807 1184 886 1250 volit
909 1207 1038 1271 prorsus
1062 1207 1113 1250 me
1136 1184 1225 1251 latet.

667 1294 748 1357 Ann.
772 1291 825 1368 IV,
851 1292 869 1354 5
893 1295 940 1372 (in
963 1294 1201 1357 enumeratione
1224 1293 1389 1377 copiarum
1413 1292 1529 1377 quibus
1552 1294 1724 1378 imperium
1747 1292 1805 1358 Ro

622 1421 755 1464 manum
779 1400 912 1478 utitur):

665 1504 758 1589 Apud
784 1505 898 1569 idonea
921 1506 1157 1589 provinciarum
1181 1505 1282 1568 sociae
1308 1505 1453 1568 triremes
1477 1503 1608 1588 alaeque
1631 1511 1663 1569 et
1685 1504 1805 1570 auxilia

622 1611 818 1687 cohortium,
850 1631 952 1696 neque
982 1608 1086 1675 multo
1115 1630 1204 1675 secus
1228 1612 1261 1673 in
1285 1611 1488 1685 desirium,
1513 1608 1567 1673 sed
1591 1613 1736 1694 persequi
1759 1612 1806 1674 in·

622 1724 745 1782 certum
769 1717 848 1794 fuit,
873 1738 947 1781 cum
967 1739 1004 1782 ex
1025 1738 1086 1780 usu
1105 1718 1258 1802 temporis
1278 1715 1340 1780 huo
1357 1714 1435 1780 illuc
1456 1723 1612 1793 mearent,
1633 1715 1805 1802 gliscerent

622 1845 754 1888 numero
778 1830 810 1888 et
832 1823 1000 1908 aliquando
1020 1800 1250 1889 lninuerentur.

667 1929 854 2014 Lipsianum
872 1930 977 2013 fcerit
1000 1951 1056 2016 pro
1071 1931 1145 2014 fuit
1166 1928 1237 1994 ideo
1260 1930 1399 2014 recipere
1423 1927 1505 2013 quod
1526 1927 1594 2006 XV,
1615 1927 1655 1993 41
1677 1927 1806 2015 legatur

620 2037 703 2099 houd
724 2043 892 2118 promptum
914 2037 1022 2121 fucrit
1051 2039 1328 2121 perversissimum
1359 2039 1417 2099 est.
1452 2034 1521 2100 Hoc
1553 2034 1626 2101 vult
1656 2034 1803 2101 Tacitus:

621 2148 769 2218 auctores,
793 2163 872 2226 qnos
894 2163 1016 2227 sequor,
1040 2148 1183 2208 accurate
1203 2141 1333 2207 illarum
1352 2142 1515 2226 copiarum
1532 2144 1612 2207 inire
1632 2163 1803 2207 nnmerum

619 2254 865 2328 conposuerunt.
886 2247 1096 2313 Soloecismus
1116 2249 1260 2314 videtur:
1280 2250 1439 2313 incertum
1452 2248 1558 2331 fcerit
1576 2269 1650 2313 oum
1663 2256 1803 2314 mearent.

668 2356 749 2418 Ann.
773 2353 826 2431 VI,
852 2354 904 2419 35.
936 2355 1107 2420 Enimvero
1138 2355 1220 2440 apud
1252 2354 1413 2420 Sarmatas
1436 2376 1498 2419 non
1522 2375 1585 2419 una
1608 2377 1672 2421 vox
1696 2355 1802 2420 ducis:

622 2481 654 2525 se
686 2463 819 2545 quisque
842 2461 1027 2539 stimulant,
1053 2483 1091 2527 ne
1114 2482 1257 2548 pugnam
1281 2483 1337 2547 per
1360 2464 1494 2548 sagittas
1517 2464 1656 2527 sinerent
1678 2465 1804 2548 impetu

622 2572 655 2630 et
678 2569 821 2631 cominus
844 2567 1122 2652 praeveniendum.

667 2672 729 2737 Hic
764 2694 822 2759 ego
857 2673 1002 2739 Beroaldi
1036 2676 1248 2739 coniecturam
1278 2673 1394 2737 inirent
1424 2695 1479 2758 pro
1509 2673 1641 2738 siccent
1669 2676 1803 2740 minime

621 2779 815 2863 probandam
834 2801 954 2845 censeo.
979 2780 1048 2845 Hoc
1068 2783 1154 2845 enim
1175 2779 1337 2845 Sarmatae
1357 2778 1513 2845 clamant:
1533 2780 1681 2856 „obviam
1700 2780 1803 2846 eundo

620 2885 765 2950 hostibus
801 2892 832 2950 et
862 2889 987 2972 impetu
1018 2885 1158 2952 faciendo
1190 2885 1412 2971 prohibeamus
1444 2888 1615 2971 quominus
1645 2886 1803 2972 proelium

619 2996 725 3055 toturn
756 2995 799 3057 sit
829 2992 1102 3081 sagittariorum'.
1136 2992 1293 3057 Maiorem
1324 2991 1559 3056 distinctionem
1592 3012 1671 3078 quae
1703 2991 1802 3080 vulgo

621 3106 692 3183 post
714 3100 845 3163 maereat
867 3103 996 3186 ponitur
1018 3100 1240 3166 removendam
1267 3099 1410 3164 arbitror.

957 3247 959 3251 ’
1066 3238 1360 3317 (Continuobuntur).

1072 3570 1112 3615 AD
1136 3569 1358 3617 Paurasoflun.

665 3720 762 3784 Num.
789 3720 809 3784 2
833 3718 941 3799 (Sint.)
971 3714 1005 3793 ἦν
1035 3717 1065 3782 δὲ
1097 3716 1213 3788 classe
1237 3715 1293 3791 μὶν
1317 3716 1330 3778 ὅ
1356 3719 1469 3792 Νομᾶς
1493 3716 1662 3797 ἐπιφανοῦς
1685 3718 1714 3782 ἕν
1740 3728 1802 3783 Za·

618 3829 715 3904 βίνοις
746 3834 802 3901 τῆς
835 3827 975 3905 Κυριτῶν,
1007 3827 1066 3903 oo·
1098 3821 1132 3900 ἧς
1162 3822 1213 3887 καὶ
1247 3821 1379 3900 Κυρίτας
1410 3825 1552 3899 Ῥωμαῖον
1577 3827 1662 3905 σφᾶς
1687 3826 1798 3900 αὐτοὺς

618 3932 689 4010 ἅμα
714 3941 775 4003 τοῖς
800 3934 1036 4012 ἄνννηρνχθεῖσν
1061 3930 1206 4007 Σαβίνοις
1226 3929 1478 4009 προσνγόρενσνιν.

664 4042 725 4106 Pro
756 4047 904 4126 corrupta
926 4061 1003 4105 voce
1026 4038 1261 4118 ἀνακηρυχθεῖσν
1286 4038 1426 4103 Auratns
1449 4040 1583 4104 coniecit
1605 4040 1798 4119 ἆνννρνθεΐσν

619 4148 670 4213 cll.
695 4146 730 4215 (l.
755 4148 776 4212 2
801 4153 832 4211 et
855 4147 885 4226 6,
910 4146 996 4211 baud
1017 4152 1168 4231 reputans
1190 4166 1252 4209 non
1276 4146 1386 4209 acrisii
1409 4144 1462 4211 sed
1481 4144 1617 4229 perfecti
1636 4166 1715 4231 opus
1733 4167 1800 4211 esse

619 4257 785 4340 participio
808 4254 849 4330 ad
871 4252 1115 4338 significandum
1139 4251 1222 4337 quod
1245 4249 1455 4317 Plutarchum
1480 4253 1640 4336 scripsisse
1662 4254 1799 4328 coniicit,

618 4369 650 4426 et
670 4362 937 4446 praepositionem
961 4356 1032 4435 ἅμα
1056 4349 1241 4444 praesertim
1265 4357 1405 4423 indicare
1427 4379 1485 4420 occo
1508 4365 1635 4442 tempore
1653 4356 1732 4422 duas
1750 4377 1799 4422 res

617 4465 695 4530 lieri.
728 4466 883 4552 Equidem
915 4488 976 4532 non
1008 4467 1119 4531 dubito
1151 4467 1229 4549 quin
1262 4464 1454 4530 Plutarchus
1478 4466 1639 4548 scripserit
1661 4461 1732 4538 ἅμα
1757 4465 1798 4541 τῷ

618 4572 754 4649 Σαβῖνον
777 4574 1040 4654 ἁνακνρνχθῆννινε
1067 4571 1206 4651 Quirites
1229 4590 1262 4635 se
1285 4569 1419 4635 Romani
1438 4568 1638 4656 appellavere
1655 4568 1799 4634 simulat-

618 4701 679 4764 que
707 4702 723 4745 e
753 4685 849 4766 gente
879 4680 1070 4745 Sabinorum
1101 4698 1157 4742 rex
1187 4679 1411 4762 pronuntiatus
1442 4683 1500 4742 est.
1531 4677 1615 4743 Nam
1647 4677 1685 4741 de
1707 4697 1742 4742 ea
1764 4697 1798 4742 re

619 4792 778 4851 certamen
801 4787 904 4851 fuerat
927 4791 1037 4849 utrum
1061 4806 1078 4848 e
1101 4782 1254 4849 Romanis
1278 4804 1317 4847 an
1341 4803 1358 4846 e
1382 4781 1507 4848 Sabinis
1529 4804 1584 4849 rex
1607 4789 1774 4849 crearetur.

1620 5025 1649 5073 lb

1106 4984 1111 4989 .
1141 4982 1237 4989 ..-.--·
1248 4980 1298 4987 ---
