5125 6150
985 1450 1057 1538 AD
1087 1451 1480 1543 ARISTOPHANIS
1511 1454 1744 1547 PLUTUM.

1305 1687 1430 1730 scurrula·

1086 1871 1115 1936 J.
1145 1868 1251 1935 VAN
1280 1870 1540 1938 LEEUWEN
1572 1872 1643 1939 λι.

1127 2036 1366 2115 (θοαίὶαιιοιοίιιν
1389 2062 1404 2101 ο
1420 2062 1495 2121 pap.
1520 2039 1610 2120 224).

1290 2336 1449 2380 -0-0-0-

815 2600 868 2666 Vs.
883 2598 1024 2682 535sqq.
1036 2635 1076 2645 —
1091 2596 1128 2660 In
1139 2595 1279 2662 editione
1291 2594 1417 2662 Volsoni
1429 2596 1505 2661 hoec
1515 2596 1605 2682 lego:
1621 2595 1726 2677 ,ἔχειν
1737 2600 1771 2663 in
1784 2620 1831 2664 vs.
1842 2600 1909 2665 545
1919 2623 1967 2686 sq.

765 2707 964 2791 interpositis
1000 2702 1064 2767 543
1098 2708 1130 2767 et
1164 2701 1229 2766 544
1265 2703 1374 2767 omitti
1406 2704 1551 2787 potuisse
1582 2725 1645 2768 non
1676 2703 1840 2769 videtur”.
1878 2705 1968 2785 Quae

766 2813 865 2878 errori
896 2832 959 2875 non
992 2809 1105 2874 comici
1128 2828 1230 2892 neque
1254 2810 1434 2893 priscorum
1456 2805 1664 2873 librariorum
1689 2809 1743 2874 sed
1766 2812 1870 2895 ipsius
1893 2811 1968 2877 Vel-

767 2921 834 2985 seui
869 2917 1003 2982 debetur
1037 2916 1229 2980 observatio.
1266 2914 1358 2994 Quod
1392 2920 1429 2979 ut
1465 2914 1676 2981 demonstrari
1710 2919 1827 3001 possit,
1865 2917 1967 2984 altius

768 3022 938 3110 repetenda
963 3028 1011 3087 est
1035 3041 1095 3086 res.

813 3129 929 3194 Irridet
950 3125 1146 3215 Chremylus
1167 3126 1395 3212 Paupertatem
1415 3125 1605 3191 mortalibus
1623 3126 1832 3194 utilissimam
1851 3150 1885 3194 se
1897 3152 1966 3195 csse

723 3223 732 3238 ’
770 3235 1012 3322 perhibentem:

772 3340 837 3407 535
861 3340 899 3406 οὺ
918 3342 981 3420 γὰρ
999 3338 1038 3405 ἂν
1050 3337 1171 3418 πορίοαι
1185 3362 1213 3402 πι
1228 3336 1323 3402 δύναι’
1337 3336 1469 3417 &padda
1479 3376 1509 3386 -
1523 3338 1604 3411 πλίιν
1616 3336 1724 3420 Φῴδων
1736 3339 1769 3402 εἰι
1781 3338 1965 3420 βαλανείου,

860 3446 912 3511 καί
937 3444 1105 3524 παιδαρίων
1131 3446 1358 3510 ὑποπεινώντων
1382 3444 1434 3508 καί
1459 3444 1603 3523 γραιδίων
1626 3443 1828 3525 κολοσυρπίνί

768 3554 806 3618 ln
837 3553 953 3638 quibus
984 3553 1091 3617 verbis
1118 3550 1344 3637 neglegentius
1377 3551 1479 3615 denuo
1512 3556 1643 3636 apparet
1673 3572 1775 3638 genus
1801 3550 1966 3636 loquendi.

769 3658 803 3724 Si
835 3658 911 3743 quid
941 3657 1133 3721 mutandum
1163 3657 1327 3734 ducerem,
1360 3655 1567 3743 Blaydesium
1599 3678 1746 3741 sequerer
1772 3679 1829 3742 pro
1856 3655 1965 3739 Φαίδων

742 3765 961 3829 scribentem
985 3760 1093 3844 Φῷδοίς
1117 3786 1173 3841 γε,
1199 3784 1261 3827 non
1287 3761 1471 3827 Bentleium
1496 3763 1687 3841 κολοσυρτόν
1710 3765 1743 3827 in
1768 3771 1965 3844 κολοσυρτοῦ

768 3875 967 3948 mutantem;
993 3889 1069 3933 nam
1092 3871 1305 3933 necessarium
1327 3890 1394 3933 esse
1415 3871 1500 3933 hunc
1519 3871 1737 3934 accusativum
1755 3870 1966 3936 mcxvidebi-

768 3997 850 4041 mus.
872 3974 934 4040 Sed
954 3981 1010 4040 aut
1030 3976 1159 4060 egregie
1178 3972 1271 4038 fallor
1290 3980 1347 4039 aut
1365 3978 1434 4059 ipse
1453 3980 1545 4059 poeta
1558 3977 1793 4039 orationemita
1807 3978 1963 4054 variavit,

768 4087 805 4148 ut
832 4084 923 4168 prius
947 4102 965 4145 a
988 4083 1070 4155 πλήν
1094 4079 1254 4166 particula
1277 4080 1484 4165 suspenderet
1506 4082 1694 4166 genetivum
1720 4079 1863 4163 (φῴδων),
1889 4083 1965 4149 dein

766 4190 829 4273 ipsi
849 4188 947 4252 verbo
967 4185 1089 4266 πορίσαι
1112 4188 1323 4273 subiungeret
1342 4190 1523 4273 sequentia:
1545 4186 1723 4265 κολοουρτίν
1742 4193 1775 4252 et
1795 4225 1837 4237 -
1854 4194 1966 4274 paucis

767 4295 945 4358 interiectis
969 4330 1010 4341 —
1036 4292 1237 4358 infinitivum
1270 4290 1365 4374 ἔχειν.
1399 4292 1482 4358 Nam
1513 4293 1590 4357 haec
1621 4298 1696 4358 sunt
1723 4296 1965 4380 coniungenda,

769 4408 802 4465 et
825 4401 906 4464 hanc
929 4400 968 4463 ob
994 4419 1123 4464 oausam
1147 4402 1368 4464 accusativum
1391 4398 1486 4464 modo
1507 4399 1574 4464 dixi
1597 4402 1819 4465 necessarium.

814 4506 988 4570 Videamus
1011 4507 1116 4591 igitur
1140 4525 1220 4590 quae
1245 4510 1440 4590 sequuntur:

859 4614 988 4693 Φίειρῶν
1007 4611 1034 4676 δ’
1049 4611 1073 4690 1)
1093 4609 1217 4690 αριθμὸν
1238 4610 1291 4675 καί
1312 4612 1458 4676 κωνώπων
1477 4610 1529 4675 καὶ
1550 4615 1677 4690 ψυλλῶν
1696 4611 1762 4676 οὐδὲ
1783 4610 1868 4690 λέγω
1888 4637 1935 4679 σοι

860 4716 917 4783 ὑπὸ
942 4721 995 4782 ποῦ
1020 4717 1155 4793 πλήθους
1164 4767 1172 4797 ,
1198 4709 1233 4783 αἳ
1256 4716 1437 4797 βομβοῦσαι

807 4942 834 5003 l)
853 4944 879 4990 τ’
896 4945 975 5004 codd.;
994 4944 1097 4995 correxit
1116 4945 1212 4993 linotet.
