5125 6150
1053 848 1096 894 nn
1119 847 1350 895 nnmroannurs
1373 846 1509 894 aaaron.
1806 828 1872 891 415

682 1020 736 1077 tur
768 1019 801 1076 et
830 1010 912 1075 Iusti
935 1013 1000 1076 viri
1023 1012 1135 1095 pannis
1158 1008 1271 1074 laseris
1295 1009 1442 1074 induitur
1459 1008 1493 1088 ¹).
1518 1009 1608 1090 Quod
1632 1012 1805 1074 sentientes
1831 1047 1872 1058 -

682 1123 715 1182 et
739 1119 811 1202 quis
833 1138 895 1181 non
919 1113 1052 1180 sentiat!
1079 1152 1120 1162 -
1146 1118 1202 1200 qui
1224 1135 1414 1200 proposuere

865 1222 933 1286 ὄτεώ
956 1244 995 1299 γε
1019 1222 1103 1285 τοῦτ’
1122 1220 1303 1299 ἁμφέξοτοιι
1328 1221 1491 1299 τριβώνιον,

682 1328 752 1393 vel:
863 1326 930 1391 ἐπεὶ
953 1326 1070 1391 τοιοῦτό
1092 1331 1126 1405 γ’
1151 1329 1270 1406 ώριΦιεῖ
1291 1325 1454 1406 τριβώνιον,

682 1434 752 1499 vel:
860 1433 926 1497 ἐπεὶ
950 1433 1016 1498 τιδι’
1038 1435 1071 1509 γ’
1095 1431 1278 1513 ώμφέξετοιι
1304 1433 1339 1497 τὸ
1362 1430 1526 1510 τριβώνιον,

683 1538 813 1606 Carioni
836 1560 965 1604 versum
989 1540 1183 1615 tribuentes,
1208 1541 1330 1602 vitium
1354 1540 1436 1603 vitio
1460 1537 1622 1602 sanabant.
1647 1537 1730 1602 Nam
1749 1543 1787 1602 ut
1805 1559 1876 1604 oon·
1927 1610 1932 1618 ,

683 1645 793 1709 cedam
825 1645 957 1710 tolerari
980 1666 1070 1730 posse
1093 1646 1214 1708 mirum
1238 1646 1323 1709 huno
1348 1646 1589 1708 enuntiatorum
1612 1665 1746 1709 nexum:
1765 1644 1875 1729 sripas

685 1751 796 1834 olfacit
820 1751 893 1828 iste,
917 1752 1098 1835 quoniam
1122 1773 1187 1812 mos
1211 1750 1313 1812 lacera
1334 1749 1469 1831 poenulo
1493 1749 1699 1825 obambulabat,
1720 1755 1752 1814 at
1772 1750 1874 1814 forent

681 1858 760 1921 haee
790 1859 1016 1940 intempestive
1047 1857 1145 1919 nimis
1176 1861 1208 1920 et
1232 1854 1325 1940 plane
1348 1852 1468 1919 insulse
1492 1857 1661 1939 aperientis
1686 1854 1873 1932 eonsilium,

684 1961 768 2046 quod
789 1963 890 2025 risum
916 1982 989 2025 mox
1013 1982 1142 2026 movere
1166 1981 1229 2025 non
1252 1963 1369 2044 poterit
1392 1963 1454 2024 nisi
1478 1961 1516 2025 ab
1540 1963 1740 2046 inexpectato
1763 1961 1829 2026 fiat.

730 2068 840 2152 Apage
863 2069 968 2153 igitur
992 2088 1119 2131 versum
1141 2065 1327 2131 absurdum.
1352 2064 1454 2143 Quem
1474 2066 1620 2129 ascholio
1640 2071 1753 2130 natum
1772 2066 1876 2132 videri

685 2171 781 2236 modo
812 2171 902 2237 dixis
921 2173 1004 2237 Nam
1036 2178 1092 2236 aut
1124 2174 1254 2258 egregie
1277 2170 1372 2235 fallor
1395 2177 1452 2236 aut
1476 2170 1555 2235 olim
1579 2175 1736 2257 interpres
1759 2171 1876 2257 aliquis

683 2279 865 2342 annotavit:
891 2277 979 2354 „istst
1004 2279 1029 2342 οἱ
1053 2281 1179 2341 τοιοῦτοι
1205 2277 1397 2355 »ξυνείχοντο
1420 2275 1608 2357 τριβώνιον”,
1630 2298 1744 2361 parum
1765 2299 1877 2362 oppor-

686 2389 765 2448 tuno
789 2388 932 2468 tempore
956 2383 1138 2448 reeordatus
1162 2383 1252 2448 eredo
1276 2381 1511 2448 versiculorum
1538 2381 1723 2448 Menandri:

865 2490 917 2552 καὶ
941 2488 1140 2569 συκοφάντης
1165 2489 1250 2559 sidric
1276 2488 1290 2552 d
1313 2491 1348 2552 τὸ
1373 2489 1527 2566 τριβώνιον

865 2590 944 2672 ἔχων
969 2601 1132 2671 καλεῖται,
1158 2592 1216 2658 κᾶν
1239 2592 1436 2669 ἀδικούμενος
1459 2593 1555 2675 avim.

686 2701 771 2778 Quos
805 2720 919 2764 versus
953 2698 1035 2762 nihil
1069 2698 1177 2764 valere
1212 2699 1251 2764 ad
1283 2702 1386 2764 nostri
1417 2698 1481 2764 loei
1511 2698 1682 2765 lectionem
1706 2697 1875 2785 vulgatam

686 2803 856 2881 tuendam,
880 2807 936 2869 vix
961 2804 1117 2889 estquod
1143 2806 1321 2870 observem.

731 2909 803 2974 Non
833 2909 977 2975 nidorem
1010 2909 1129 2994 dapum
1152 2909 1411 2975 succulentarum
1436 2909 1490 2975 sed
1512 2910 1615 2996 frigus
1639 2909 1876 2996 Sycophantam

685 3017 814 3082 naribus
837 3019 905 3081 suis
928 3018 1089 3103 percipere
1113 3015 1217 3081 ridens
1241 3016 1387 3101 perhibet
1407 3015 1515 3082 Iustus
1536 3019 1596 3082 vir.
1617 3015 1708 3081 Nihil
1725 3015 1875 3101 amplius.
1963 3062 1967 3069 -

685 3120 805 3206 Operae
835 3128 944 3187 autem
976 3124 1117 3207 pretium
1141 3121 1269 3186 videtur
1293 3122 1425 3200 addere,
1451 3131 1482 3187 et
1506 3122 1578 3187 aliis
1601 3122 1728 3187 fabulae
1752 3127 1877 3187 nostrae

684 3226 764 3291 loeis
795 3225 1013 3311 compluribus
1045 3227 1174 3313 frigoris
1198 3231 1395 3293 mentionem
1419 3230 1465 3294 ita
1488 3229 1556 3294 fieri
1579 3234 1616 3293 ut
1640 3228 1790 3305 henosis,
1816 3249 1878 3292 non

687 3329 889 3397 Liberalibus
912 3332 1020 3396 datam
1045 3353 1113 3397 esse
1137 3323 1317 3418 suspiceris.

733 3579 785 3643 Vs.
811 3578 887 3644 969.
914 3615 955 3626 -
980 3581 1088 3644 Plutus
1120 3603 1156 3643 ου
1180 3603 1235 3664 quo
1258 3580 1382 3642 uidendi
1405 3580 1591 3661 recuperavit
1607 3582 1808 3664 fameltotem,
1833 3615 1876 3628 —-

687 3706 766 3750 anus
790 3688 944 3771 queritur,
970 3724 1012 3733 —
1510 3756 1525 3767 ,ι

866 3791 1001 3868 ώβὶυτον
1025 3785 1103 3853 εἶναι’
1126 3813 1177 3863 μοι
1199 3790 1346 3864 πεποίηκε
1373 3789 1425 3853 τὸν
1447 3789 1524 3867 βίον.

686 3893 869 3957 Infinitivus
898 3890 974 3958 sivae
1007 3894 1167 3979 quomodo
1191 3897 1291 3977 possit
1315 3895 1442 3960 defendi
1465 3917 1527 3961 non
1552 3896 1660 3972 video,
1686 3902 1878 3980 quapropter

685 4001 785 4063 errori
809 4020 883 4064 eum
909 4002 1052 4063 tribuens
1076 4002 1213 4064 oonieei:

868 4104 1001 4182 ἀβίωτον
1025 4104 1146 4176 ὄντως
1170 4127 1221 4182 μοι
1246 4107 1395 4180 aetolaus
1420 4109 1472 4171 τὸν
1495 4108 1574 4184 βίον.

735 4355 786 4420 Vs.
815 4355 911 4421 1036.
937 4394 979 4403 -
1006 4355 1093 4419 Haeo
1118 4375 1244 4440 quoque
1268 4352 1396 4419 vetulae
1421 4355 1534 4419 verba:

867 4462 918 4526 διώ
941 4460 1109 4527 δακτυλίου
1132 4463 1188 4538 μὲν
1212 4456 1261 4526 οὖν
1287 4461 1338 4535 ἔρι’
1361 4459 1399 4523 ἂν
1424 4459 1601 4531 διελκύσαις

687 4574 836 4651 corrupta
866 4566 956 4633 duco.
989 4566 1060 4631 Non
1094 4573 1201 4631 tamen
1233 4588 1303 4632 eam
1328 4566 1367 4630 ob
1391 4587 1537 4642 eausam,
1563 4587 1622 4649 qua
1647 4565 1727 4630 alios
1751 4568 1877 4630 eritieos

686 4678 790 4737 motos
814 4694 881 4736 esse
904 4672 1015 4750 video,
1041 4673 1123 4757 quod
1149 4695 1229 4742 -οοις
1254 4694 1311 4756 pro
1334 4695 1434 4741 -οειιις
1454 4673 1509 4735 vix
1530 4674 1572 4735 sit
1592 4672 1875 4757 Aristophansum3

721 4949 749 5011 l)
768 4948 822 4999 Vid,
838 4964 870 4996 vs.
889 4948 946 5004 ⁹26,
965 4947 1022 4993 935.
