5125 6150
756 807 826 910 226
1234 824 1306 882 onis
1327 804 1453 872 annon?

758 997 815 1056 aut
844 996 1010 1055 senserunt
1026 989 1066 1069 ¹);
1097 1011 1172 1055 nam
1202 989 1271 1054 fieri
1293 992 1350 1054 vix
1372 995 1477 1075 potest
1500 991 1578 1074 quin
1601 991 1629 1052 is
1652 991 1708 1074 qui
1731 987 1843 1053 sedula
1866 1007 1944 1052 cura

756 1099 791 1162 iu
813 1095 1006 1162 scholiorum
1029 1095 1334 1181 Aristophaneorum
1356 1095 1514 1182 farragine
1536 1094 1766 1181 aliquantisper
1785 1100 1945 1171 versetur,

756 1225 832 1269 mox
852 1201 971 1269 scholia
991 1201 1109 1269 Veneta
1127 1202 1264 1268 exilibus
1283 1202 1478 1268 &vennatis
1497 1201 1617 1267 notulis
1629 1211 1818 1286 anteponere
1829 1199 1945 1279 discat,

756 1331 831 1377 cum
852 1309 958 1375 videat
975 1308 1041 1374 illis
1060 1313 1163 1374 inesse
1182 1313 1303 1395 priscae
1322 1308 1481 1374 doctrinas
1501 1307 1606 1373 multa
1623 1325 1767 1373 ramenta
1783 1310 1946 1393 pretiosis

757 1419 856 1494 uma,
887 1416 945 1481 has
975 1419 1083 1501 pueris
1113 1415 1188 1480 solis
1221 1415 1318 1481 utiles
1347 1436 1415 1481 esse
1448 1436 1556 1501 possc,
1581 1436 1674 1500 saepe
1697 1422 1806 1480 autem
1828 1436 1868 1480 nc
1891 1415 1946 1479 his

757 1522 887 1609 quidam
905 1521 1063 1609 prodcsse.
1088 1520 1287 1607 Quapropter
1308 1520 1467 1586 infinitam
1487 1542 1614 1598 curam,
1634 1542 1733 1607 qnam
1751 1519 1948 1585 Butherlord

756 1628 817 1696 soli
847 1629 1023 1694 Ravennati
1044 1628 1219 1714 impendit,
1243 1634 1276 1694 et
1299 1629 1429 1693 antehac
1453 1631 1590 1693 miratus
1612 1649 1686 1692 sum
1708 1634 1741 1692 et
1762 1648 1847 1691 nuuc
1866 1647 1946 1691 cum

758 1734 913 1801 &emero
936 1737 1045 1800 miror.

802 1839 989 1908 Gaudebnn
1022 1845 1126 1928 igitur
1158 1842 1217 1906 hoc
1251 1845 1335 1907 socio
1364 1848 1505 1927 reperto,
1537 1847 1569 1906 et
1599 1863 1674 1906 cum
1703 1840 1946 1906 Praefationem

756 1947 923 2036 perlegens
953 1948 1097 2014 viderem
1128 1947 1297 2014 consilium
1328 1950 1359 2014 ei
1387 1970 1455 2014 esse
1478 1951 1509 2012 ἐν
1532 1949 1674 2028 παρέργῳ
1696 1955 1755 2022 τῆς
1777 1947 1844 2012 olori
1869 1946 1947 2025 ,die

757 2055 934 2134 ,vornehm
957 2055 1155 2121 austratende
1174 2054 1440 2141 Schoinexegese,
1464 2054 1525 2120 deu
1548 2054 1697 2121 iiblicheu
1721 2053 1947 2140 Hohuspokus

757 2165 840 2240 ,mit
867 2160 972 2227 leeren
1001 2160 1144 2240 Zitaten,
1175 2161 1230 2226 das
1260 2183 1361 2249 ganas
1391 2167 1492 2226 matta
1523 2160 1709 2226 Strohfeuer
1739 2163 1826 2225 eines
1849 2180 1947 2245 ,ganz

757 2267 963 2346 ,Modernen‘
998 2270 1033 2332 in
1062 2267 1117 2332 das
1145 2270 1251 2333 rechte
1282 2268 1377 2333 Licht
1407 2291 1446 2333 zu
1477 2267 1623 2344 stallen'',
1655 2288 1770 2332 nomen
1800 2266 1947 2331 hominis

756 2394 852 2459 quem
875 2373 999 2438 dicebat
1022 2376 1179 2438 curiosius
1201 2377 1422 2460 circumspexi.
1447 2373 1525 2453 Quis
1547 2371 1634 2439 erat?
1657 2372 1728 2459 Ego
1751 2393 1849 2437 eram.

799 2478 965 2567 indignari
999 2485 1071 2544 tum
1100 2483 1207 2565 coepi;
1240 2481 1350 2546 fateor.
1386 2479 1449 2545 Sed
1480 2501 1555 2545 mox
1585 2500 1723 2565 aequum
1754 2481 1946 2564 recuperavi

754 2589 900 2651 animum
920 2592 952 2651 et
971 2593 1121 2671 expertus
1139 2607 1211 2651 sum
1231 2585 1357 2652 facilius
1376 2589 1501 2673 ignosci
1518 2588 1646 2650 iniuriis
1664 2607 1800 2672 quarum
1810 2605 1946 2650 causam

753 2695 935 2778 perspicias.
970 2692 1093 2778 Nempe
1127 2693 1213 2759 haud
1247 2693 1314 2759 levi
1343 2693 1483 2779 profecto
1513 2696 1645 2758 crimine
1675 2696 1742 2778 peti
1773 2712 1825 2756 me
1853 2692 1943 2771 vidi5

754 2798 838 2885 quod
860 2802 888 2864 si
910 2802 1116 2878 meruissem,
1146 2803 1268 2885 optimo
1291 2804 1362 2865 iure
1384 2800 1569 2886 exploderer
1591 2801 1630 2865 ab
1653 2799 1800 2864 omnibus
1823 2798 1945 2883 quibus

752 2905 879 2971 litterae
897 2912 1022 2971 nostrae
1041 2912 1073 2970 ct
1093 2909 1162 2991 ipsa
1180 2909 1282 2992 pietas
1303 2913 1378 2972 sunt
1397 2907 1493 2971 cordi.
1515 2904 1657 2973 Credidit
1673 2909 1724 2970 vir
1735 2905 1945 2970 doctissimus

753 3032 805 3078 me
836 3012 1079 3098 Aristophanem
1103 3012 1311 3100 Byzantium,
1336 3013 1575 3089 Aristarchum,
1600 3011 1681 3078 ahos
1705 3011 1837 3077 fortasse
1860 3012 1944 3074 artis

748 3117 960 3205 philologicos
990 3118 1102 3184 heroas
1133 3141 1261 3185 vocasse
1295 3120 1506 3197 „semidoctos
1536 3118 1719 3196 homines”;
1745 3123 1943 3204 quapropter

751 3228 925 3309 meipsum
945 3228 1051 3310 potius
1070 3226 1253 3291 istiusmodi
1273 3229 1461 3312 cognomine
1479 3227 1615 3313 dignum
1628 3233 1659 3291 et
1671 3247 1764 3292 verae
1775 3225 1941 3289 doctrinae

749 3331 903 3397 infestum
932 3339 1021 3396 ratus
1051 3333 1243 3397 omnimodis
1274 3333 1495 3398 insectandum
1519 3334 1621 3397 duxit.
1649 3333 1732 3410 „Hic
1755 3335 1847 3417 niger
1870 3336 1941 3407 est,

751 3438 836 3502 hunc
865 3444 900 3502 tu
924 3436 1081 3504 Gemens
1105 3437 1254 3503 cavetol”
1280 3477 1323 3487 -
1347 3438 1416 3525 Ego
1440 3461 1516 3505 vero
1541 3461 1580 3504 ex
1603 3442 1703 3503 animi
1726 3439 1884 3503 sententia
1910 3438 1943 3501 ei

750 3528 918 3609 assentior:
943 3544 1020 3609 talia
1044 3548 1071 3609 si
1095 3548 1166 3630 quis
1187 3545 1368 3631 perhibeat,
1389 3545 1499 3631 procul
1518 3549 1545 3609 is
1563 3546 1696 3610 facessat
1715 3566 1735 3609 a
1753 3549 1846 3608 coetu
1865 3542 1942 3626 phi-

748 3649 932 3737 lologornm
955 3659 987 3715 et
1009 3651 1143 3717 aniculis
1166 3673 1238 3718 suas
1262 3651 1407 3717 cantillet
1432 3650 1575 3718 naenias!
1602 3654 1645 3717 At
1746 3649 1827 3715 nihil
1852 3652 1941 3713 eius

750 3757 838 3822 modi
868 3757 988 3842 deliqui
1019 3759 1183 3842 equidem,
1213 3766 1245 3825 et
1274 3763 1374 3825 miror
1405 3760 1488 3824 unde
1519 3759 1646 3824 tandem
1677 3758 1830 3822 Roemero
1860 3758 1938 3821 viro

750 3866 934 3931 acutissimo
957 3870 990 3928 et
1014 3864 1196 3931 doctissimo
1220 3865 1283 3931 tale
1306 3867 1382 3951 quid
1405 3870 1438 3930 in
1462 3874 1602 3930 mentem
1626 3867 1735 3931 venire
1758 3863 1914 3948 potuerit.

796 3968 919 4054 Nempe
952 3972 1030 4035 istas
1066 3972 1245 4056 tragoedias
1279 3977 1450 4037 moverunt
1484 3972 1639 4056 quaedam
1670 3991 1741 4034 men
1771 3967 1866 4032 verba
1900 3972 1938 4032 in

750 4074 926 4162 Vesparum
961 4076 1098 4142 editione
1132 4100 1163 4163 p.
1198 4079 1271 4156 162,
1308 4101 1370 4165 quo
1400 4078 1468 4143 loco
1499 4079 1752 4143 demonstratum
1781 4075 1869 4139 ibam
1903 4077 1941 4139 in

749 4182 868 4249 scholio
899 4181 938 4248 ad
969 4182 1061 4269 Vesp.
1089 4183 1150 4249 191
1181 4188 1321 4250 enarrari
1352 4191 1579 4272 argumentum
1610 4182 1735 4248 fabulae
1760 4182 1940 4265 Archippi:

752 4288 908 4368 ,verbum
931 4289 1030 4367 Φασί,
1055 4290 1138 4355 unde
1159 4292 1306 4356 narrandi
1329 4294 1460 4355 initium
1483 4291 1557 4355 fecit
1580 4289 1765 4365 scholiasta,
1789 4290 1823 4350 in
1848 4307 1943 4351 men-

752 4403 839 4476 „tem
869 4396 958 4460 nobis
988 4405 1117 4462 invocat
1146 4396 1224 4463 alias
1246 4398 1389 4463 eiusdem
1414 4398 1532 4462 farinae
1555 4393 1826 4470 narratiunculas,
1852 4414 1940 4477 quae

752 4524 812 4581 ,ex
835 4504 1030 4568 comicorum
1053 4501 1204 4588 pulpitis,
1229 4505 1285 4568 uhi
1307 4511 1399 4569 natae
1422 4502 1562 4579 fuerant,
1586 4520 1627 4567 as
1652 4516 1827 4566 nouimus
1847 4516 1943 4564 suur-

752 4626 883 4685 „uooms
913 4610 946 4672 in
978 4608 1142 4674 historiam
1172 4609 1338 4696 politicam
1368 4608 1420 4675 vel
1449 4609 1639 4673 litterariam
1669 4614 1744 4672 sunt
1768 4606 1938 4686 detrusae;

752 4722 958 4798 ,reputemus
996 4716 1090 4781 modo
1131 4716 1238 4802 qualia
1272 4721 1454 4782 commenta
1489 4716 1527 4780 de
1562 4714 1639 4779 belli
1673 4713 1941 4799 Peloponnesiaci

787 4881 813 4935 lt
836 4881 863 4930 ll.
879 4897 902 4943 g.
925 4881 1039 4930 Diodori:
1065 4881 1208 4953 ,Ravennss
1221 4920 1227 4932 .
1238 4919 1260 4932 ..
1279 4883 1308 4931 dc
1330 4882 1426 4932 scholiis
1443 4882 1607 4930 Alexandrinis
1624 4881 1710 4945 passim
1727 4879 1808 4930 omisit
1825 4896 1888 4945 quas
1907 4883 1940 4932 sd

750 4962 900 5027 explicandas
916 4968 998 5028 postas
1015 4962 1143 5012 unauna
1161 4963 1238 5013 minue
1255 4964 1386 5013 nectusris
1402 4978 1452 5013 esea
1468 4960 1630 5012 viderentur&
