5125 6150
1050 821 1092 866 na
1115 819 1324 867 maneamus.
1708 797 1773 865 265

590 988 765 1062 vastantia,
795 1007 875 1071 qnae
906 988 1001 1070 prisci
1032 993 1122 1050 vates
1151 985 1402 1062 celebraverant,
1434 989 1557 1050 certum
1586 987 1647 1050 sihi
1670 984 1776 1051 locum

589 1098 624 1158 in
655 1095 772 1158 chartis
802 1093 1025 1179 geographicis
1049 1112 1150 1177 neque
1173 1095 1281 1156 minus
1304 1094 1483 1157 certamin
1507 1093 1656 1177 operibus
1680 1091 1778 1156 histo-

590 1204 664 1266 ricis
687 1203 874 1265 invenerant
897 1205 928 1264 et
954 1199 1111 1264 tenebant.

636 1307 706 1372 Non
725 1310 771 1372 ita
792 1305 903 1371 multis
921 1309 1011 1371 annis
1032 1313 1104 1391 post
1123 1305 1277 1370 Herodoti
1295 1311 1431 1370 aetatem
1445 1308 1637 1370 exstiterunt
1648 1307 1779 1391 scripto·

590 1436 658 1490 res,
689 1414 835 1498 Ephorus
867 1412 939 1489 alii,
964 1415 1020 1498 qui
1042 1412 1263 1477 asseverabant
1287 1418 1496 1487 Σαυροματῶν
1522 1413 1601 1484 ἔθνος
1624 1407 1700 1476 εἶναι
1723 1435 1777 1489 γν-

589 1521 887 1598 νοιιιιοκροσούμενον,
919 1518 995 1584 licet
1025 1519 1186 1584 Historiae
1216 1519 1313 1584 Pater
1342 1518 1416 1584 talis
1441 1521 1488 1584 rei
1512 1540 1569 1584 nec
1591 1520 1696 1584 volam
1721 1540 1778 1585 nee

589 1630 767 1713 vestigium
787 1627 871 1713 apud
890 1633 1034 1691 auctores
1053 1646 1127 1690 suos
1147 1628 1321 1711 repperisse
1340 1625 1514 1703 videretur,
1534 1626 1589 1712 qui
1601 1624 1776 1691 hocsolum

587 1740 772 1799 narraverat
802 1733 886 1818 apud
910 1733 1071 1798 Issedones
1095 1733 1297 1810 ἱσοκρσσέας
1322 1733 1428 1807 δμοίως
1453 1732 1511 1802 τὰς
1537 1741 1686 1809 γυναῖκας
1711 1739 1776 1804 τοῖς

590 1839 715 1920 ἀνδράσι
751 1835 837 1905 clear.
873 1838 992 1924 Operae
1022 1842 1126 1924 igitur
1155 1841 1296 1924 pretium
1328 1845 1376 1904 est
1406 1839 1559 1925 indagare
1590 1838 1673 1903 unde
1700 1839 1776 1904 haec

589 1948 709 2033 Ephori
733 1949 839 2031 opinio
864 1949 940 2011 oriri
962 1948 1114 2031 potuerit.

636 2052 749 2120 Graeci
779 2053 979 2138 cratiqaiear'mi
1009 2052 1083 2137 quid
1116 2055 1271 2116 senserint
1301 2051 1338 2116 de
1362 2051 1536 2117 mulierum
1560 2053 1709 2117 isocratia
1733 2087 1774 2099 -

589 2167 627 2226 ut
659 2163 828 2224 mittamus
858 2180 941 2223 nunc
971 2160 1266 2244 gynaecocratiam,
1292 2179 1451 2222 -nemo
1482 2157 1623 2223 Homero
1647 2158 1775 2223 brevius

589 2268 760 2352 expressit;
786 2264 904 2330 Hector
927 2267 1012 2330 enim
1036 2266 1122 2330 hisce
1145 2266 1251 2330 verbis
1274 2286 1409 2331 uxorem
1433 2264 1565 2330 domum
1589 2267 1709 2330 mittit:

770 2373 845 2436 ἄλλ’
868 2372 909 2443 εἷς
933 2379 1024 2436 raiaco
1049 2372 1136 2436 iodea
1159 2371 1204 2436 σε’
1230 2373 1327 2446 αὐτῆς
1350 2371 1442 2450 σέρφον
1467 2370 1590 2452 κόμιζε,

770 2479 853 2544 ἱστόν
876 2484 904 2544 τ’
929 2478 1089 2554 ἠλακάτην
1114 2503 1166 2557 σε,
1191 2479 1243 2543 nal
1270 2478 1475 2559 ἀμφιπόλοισι
1501 2481 1607 2544 alaeve

770 2584 869 2664 σέργον
895 2585 1092 2664 ἐποίχεσθαι·
1118 2584 1252 2662 πόλεμοι
1277 2584 1303 2649 δ’
1327 2583 1465 2665 ἄνδρεσσι
1491 2587 1631 2662 μελήσει.

590 2692 745 2758 Herodoti
764 2713 839 2756 vero
858 2692 1057 2777 temporibus
1076 2690 1250 2757 mulierum
1270 2712 1351 2776 quae
1363 2699 1496 2757 vocatur
1507 2693 1719 2776 emancipatio
1732 2728 1774 2739 -

588 2820 637 2864 res
669 2796 781 2884 procul
810 2798 906 2862 dnbio
929 2801 962 2861 in
986 2798 1074 2862 Ionia
1096 2804 1170 2862 nata
1194 2836 1236 2845 —
1260 2798 1395 2862 Athenis
1417 2819 1490 2864 snos
1512 2799 1574 2862 sibi
1598 2798 1775 2863 defensores

585 2908 761 2971 invenerat.
787 2903 956 2988 Sophocles
979 2906 1177 2990 Antigonam
1199 2905 1352 2987 ιισορνισιοι
1377 2905 1522 2969 inaudita
1544 2902 1671 2970 Creonti
1694 2903 1777 2970 eblo

587 3019 695 3078 cutam
715 3014 747 3076 in
768 3032 893 3076 scenam
913 3011 1118 3096 produxerat,
1143 3032 1217 3077 cum
1238 3010 1363 3077 Ismene
1382 3014 1569 3078 vetustioris
1592 3010 1776 3097 exemplum

589 3120 761 3185 modestiae
779 3140 795 3183 e
815 3118 1011 3205 Thucydidis
1028 3122 1135 3204 potius
1152 3122 1328 3204 praeceptis
1345 3118 1458 3200 (1145)
1476 3122 1578 3184 vitam
1598 3122 1778 3185 instituisse

589 3226 762 3291 videretur.
786 3225 906 3290 Eodem
930 3225 1023 3291 modo
1047 3224 1174 3290 Electra
1196 3232 1229 3290 et
1251 3223 1494 3311 Chrysothemis
1518 3222 1725 3292 recentiorem
1745 3221 1783 3292 et'

588 3334 801 3416 antiquiorem
833 3334 1013 3416 opinionem
1044 3332 1230 3396 referebant.
1260 3331 1339 3396 Mox
1362 3331 1530 3417 Euripides
1554 3355 1628 3398 cum
1650 3336 1684 3397 in
1707 3334 1779 3398 cho-

587 3441 679 3514 riois‚
708 3439 762 3502 ubi
787 3440 910 3522 saepius
934 3445 1028 3523 poete
1051 3459 1142 3503 suam
1166 3440 1267 3523 ipsius
1291 3441 1481 3503 sententiam
1505 3442 1623 3524 aperit,
1649 3445 1720 3504 tum
1743 3442 1776 3504 in

589 3544 724 3630 dialogis
752 3543 902 3609 mulieres
927 3544 965 3609 de
987 3551 1074 3609 statu
1098 3566 1155 3609 suo
1179 3543 1377 3629 disputantes
1399 3545 1619 3610 introduxerat
1633 3543 1669 3627 ¹),
1692 3546 1776 3632 quod

588 3654 657 3736 ipse
684 3652 829 3716 censebat
856 3653 988 3715 minime
1015 3650 1141 3716 celarat.
1170 3648 1347 3735 Componat
1374 3651 1456 3715 mihi
1482 3651 1655 3718 benevolus
1676 3651 1775 3719 lector

589 3757 754 3842 Euripidis
767 3757 982 3844 Iphigeniam,
1002 3777 1081 3842 quae
1094 3756 1273 3822 exclamans
1286 3777 1293 3822 :
1312 3755 1370 3835 „la
1384 3758 1415 3822 δὲ
1427 3759 1526 3822 σῶσαι
1537 3760 1572 3833 μ’
1584 3758 1728 3823 Ἑλλάδα
1738 3759 1774 3821 !''

590 3884 648 3929 sua
678 3871 788 3948 sponte
812 3863 850 3928 ad
875 3884 963 3928 aram
987 3864 1146 3949 procedit,
1171 3885 1245 3928 cum
1268 3864 1420 3951 Aeschyli
1443 3864 1516 3941 illa,
1540 3886 1638 3950 quam
1664 3886 1774 3930 vaccae
1862 3868 1867 3880 ’

589 3974 691 4035 instar
714 3969 852 4034 vinculis
875 3973 1073 4055 capistroque
1098 3970 1272 4035 cohibitam
1295 3974 1379 4036 servi
1401 3971 1440 4036 ad
1463 3992 1551 4037 aram
1574 3975 1701 4037 sistunt.
1727 3971 1777 4037 Vi-

589 4077 677 4142 debit
700 4075 768 4141 illio
791 4075 960 4141 mulierem
982 4076 1133 4154 liberam,
1158 4098 1215 4141 sno
1239 4079 1388 4155 arbitrio,
1412 4085 1568 4163 quantum
1591 4099 1657 4142 sors
1677 4080 1775 4155 sinat,

588 4205 639 4248 res
663 4183 855 4268 dirigentem
878 4184 1002 4268 sibique
1025 4184 1249 4261 subicientem,
1273 4185 1326 4249 hic
1345 4185 1503 4250 infelicem
1524 4206 1586 4249 non
1606 4184 1775 4250 mulierem

589 4289 644 4355 sed
675 4311 760 4365 rem,
792 4288 918 4374 qualem
949 4312 987 4354 ne
1017 4289 1152 4355 Homeri
1174 4290 1305 4376 quidem
1330 4290 1476 4377 aequales
1501 4312 1642 4376 unquam
1662 4312 1775 4378 cogno·

587 4405 716 4473 verant,
739 4398 830 4460 cuius
849 4417 963 4481 corpus
984 4403 1127 4482 artesque
1146 4398 1343 4473 emebantur,
1364 4418 1445 4482 quae
1459 4399 1641 4483 patiebatur
1653 4400 1774 4476 omnia,

587 4503 725 4569 faciebat
748 4500 915 4568 volebatve
938 4503 1037 4568 nihil:
1061 4504 1213 4569 feminam
1236 4503 1439 4570 Hesiodeam.

624 4717 652 4780 1)
677 4717 723 4765 leo
747 4715 857 4764 Blochius
879 4715 942 4763 hisce
964 4716 1045 4765 diebus
1069 4716 1093 4764 in
1115 4716 1176 4765 libro
1200 4717 1429 4765 .a1ketintndien”
1446 4717 1496 4766 inse
1513 4719 1626 4783 docteque
1643 4718 1686 4766 hec
1703 4717 1731 4766 de
1748 4733 1774 4767 re

586 4802 705 4850 disserens
729 4804 852 4848 strennum
879 4803 1005 4863 patronum
1035 4797 1179 4861 ‚aequioris
1202 4815 1269 4847 serus
1292 4806 1366 4848 semet
1389 4799 1466 4865 ipsum
1489 4800 1598 4850 ostendit.
1623 4802 1773 4865 Quamquam

587 4884 629 4932 hic
652 4881 702 4929 illic
719 4882 798 4930 studio
820 4881 931 4945 abreptus
953 4881 1032 4929 lenum
1056 4880 1130 4929 risum
1153 4884 1247 4939 movet3
1264 4879 1344 4944 quivis
1359 4887 1439 4931 sutem
1456 4881 1574 4946 intellegit
1590 4898 1661 4947 qnam
1678 4883 1773 4932 difficile

588 4970 623 5017 eit
647 4967 743 5014 modurn
767 4983 812 5014 non
829 4967 939 5014 excedere
959 4966 997 5013 ubi
1014 4966 1102 5014 amicae
1118 4964 1141 5014 iu
1160 4965 1275 5014 honorem
1293 4966 1338 5014 hoc
1355 4967 1383 5015 de
1401 4973 1541 5031 argumento
1558 4983 1616 5033 opus
1633 4966 1774 5017 eonecribee.
