5125 6150
1126 845 1293 892 nunnitus,

1045 1037 1208 1118 Ναοίρίνιιι
1232 1063 1257 1102 e.
1289 1039 1373 1103 Vota.

657 1195 675 1276 §
695 1191 736 1256 4:
761 1191 839 1261 είιιίο
864 1191 927 1268 γὰρ
952 1188 1006 1265 ήδη
1030 1188 1362 1267 παρεληλυθέναι
1386 1192 1496 1255 ἐκεῖνον
1518 1192 1736 1269 ἀποσοβοῦντα
1759 1196 1802 1266 είς

607 1301 646 1362 τὸ
672 1294 744 1365 also.
770 1295 882 1360 Verior
904 1293 1063 1379 scripture
1085 1299 1150 1359 est:
1175 1294 1507 1373 προεληλυθέναι.

655 1511 734 1596 §7s
768 1510 953 1590 ἀπάραντας
991 1512 1023 1575 οὒ
1059 1509 1142 1575 ποίνυ
1176 1509 1301 1591 βιαίῳ
1336 1512 1505 1589 πνεύματι.
1540 1512 1678 1598 Supple:
1709 1512 1802 1592 βιαίῳ

610 1624 645 1697 (τ
654 1618 690 1697 ᾦ)
712 1616 879 1692 πνεύματι.

655 1834 756 1914 §102
789 1832 990 1910 ἐμβοήσωμεν
1020 1826 1086 1895 οὖν·
1122 1833 1378 1909 'Aesimum
1403 1833 1437 1896 σί
1460 1839 1545 1915 φήμι
1568 1831 1619 1897 τὸν
1643 1836 1804 1915 Μυρρινού-

608 1961 682 2015 σιον,
708 1940 758 2003 τίν
779 1937 991 2016 Στρομβίχου.
1016 1936 1277 2022 Expungendum
1298 1936 1464 2002 Adimanti
1482 1959 1598 2003 nomen
1617 1943 1649 2002 et
1668 1938 1803 2004 dixerim

608 2045 791 2109 Lucienum
819 2063 996 2108 memorem
1020 2043 1118 2106 fuisse
1143 2063 1253 2107 eorum
1277 2063 1358 2127 quae
1382 2043 1515 2129 legisset
1536 2046 1630 2109 initio
1654 2042 1804 2110 Convivii

608 2149 769 2214 Platonis:
806 2155 863 2212 τῶν
903 2144 951 2212 οὖν
988 2149 1145 2226 γνωρίμων
1180 2171 1225 2219 τις
1258 2145 1379 2211 ίπισίεν
1410 2146 1541 2211 κατιδών
1578 2173 1619 2224 με
1658 2148 1802 2227 πίρρωίεν

607 2255 760 2331 εἰιιίλεσε,
792 2252 845 2317 καί
879 2252 996 2334 παίζων
1027 2250 1098 2329 ἅμα
1123 2262 1161 2334 τῇ
1187 2253 1312 2331 κλήσει,
1337 2251 1377 2316 ‘0
1403 2253 1577 2332 Φαληρεύς,
1603 2253 1684 2335 ἔφη,
1716 2252 1800 2328 οὗτος

607 2359 932 2439 Ἀπολλόδωρος,
966 2359 998 2422 οὐ
1031 2367 1219 2437 περιμενεῖι;
1253 2359 1311 2423 ubi
1342 2358 1435 2443 plane
1459 2382 1521 2424 non
1543 2363 1700 2444 perspicio
1724 2360 1801 2445 quid

608 2465 797 2550 Apollodori
828 2467 951 2529 emious
981 2465 1105 2528 iocatus
1136 2464 1250 2540 fuerit,
1283 2467 1345 2528 nisi
1377 2485 1504 2529 sumum
1527 2467 1705 2530 insiticium
1736 2486 1801 2529 esse

606 2591 726 2636 nomen
745 2572 781 2633 Ἀ
793 2567 1053 2646 πολλίδωροο.
1077 2567 1168 2632 Ioous
1187 2571 1249 2632 erit
1268 2569 1307 2632 de
1327 2590 1363 2634 eo
1382 2590 1497 2655 genere
1516 2590 1579 2654 quo
1596 2573 1694 2634 etiem
1707 2570 1801 2635 hodie

606 2674 778 2760 populares
801 2677 867 2740 mei
890 2675 1052 2738 interdum
1077 2679 1225 2739 utuntur.

654 2895 671 2978 ξ
694 2894 755 2957 14:
780 2891 810 2965 ὃς
835 2894 898 2971 γὰρ
923 2891 967 2956 ἔτι
993 2891 1054 2963 ε’νὸς
1080 2892 1186 2956 πλοίου
1210 2892 1371 2956 τουτουί
1397 2891 1546 2966 δεσπίτιρς
1570 2892 1608 2956 ὢν
1632 2895 1801 2970 παρήκουες

607 3000 759 3079 βοώντων,
793 2999 818 3062 εί
849 2999 943 3062 πέντε
967 2999 1096 3072 κτήσαιο
1118 2997 1191 3076 πρὸς
1215 2996 1310 3079 τούτῳ
1333 2996 1502 3077 τριοίρμενα
1525 2997 1631 3062 πάντα
1656 2997 1708 3062 καί
1729 2998 1802 3062 οἰνώ-

606 3108 718 3184 λείρα,
754 3106 815 3170 οὐδ’
851 3102 921 3185 ὄψει
956 3103 1073 3179 δηλαδή
1108 3105 1178 3174 τοὺς
1213 3104 1337 3180 Φίλους.
1373 3104 1457 3168 Mire
1490 3103 1624 3191 languet
1654 3104 1801 3169 additum

605 3212 737 3289 τουτουί,
758 3210 842 3295 quod
861 3232 923 3276 non
943 3209 1068 3291 delebo,
1089 3209 1143 3273 sed
1163 3212 1322 3296 corrigere
1341 3210 1532 3293 praestabit:
1552 3209 1800 3275 τυννουτονί.

607 3316 659 3384 Os.
688 3316 727 3381 ed
751 3317 885 3382 Ioerom.
911 3316 963 3380 12.

655 3534 752 3619 §16:
785 3532 927 3609 ἕπβειξις
960 3531 1027 3601 ἔςαι
1061 3531 1094 3597 τί
1127 3536 1282 3611 πρᾶγμα,
1312 3531 1375 3604 ἕεις
1400 3533 1437 3598 ἂν
1461 3531 1553 3614 ἄριςα
1576 3534 1728 3612 χρήσαιτο
1752 3535 1801 3614 τῷ

570 3674 572 3676 >
606 3639 767 3719 πλούτῳ
800 3638 868 3704 ιιιιί
900 3648 936 3717 σή
962 3640 1052 3719 εὐχή.
1083 3637 1146 3702 Hie
1169 3658 1267 3722 quem
1291 3636 1454 3703 inutiliter
1476 3637 1623 3703 additum
1647 3643 1695 3702 est
1717 3636 1802 3722 quod

606 3745 754 3811 additur:
788 3744 915 3819 δηλώσει
945 3743 1009 3824 γὰρ
1032 3739 1089 3813 οἷοι
1114 3742 1152 3808 ἂν
1177 3743 1228 3807 καί
1253 3744 1434 3816 πλουτήσας
1460 3744 1592 3821 ἐγένετο.
1617 3742 1801 3808 sedetiam

604 3854 776 3936 expunctis
804 3849 871 3916 illis
905 3852 953 3930 τῷ
985 3848 1144 3927 πλούτῳ
1169 3851 1255 3928 καί,
1291 3849 1482 3935 simpliciter
1512 3849 1646 3915 seribere
1668 3848 1799 3913 malim:

605 3954 672 4028 ὅςιο
697 3956 734 4022 ἂν
756 3955 847 4036 σἰριςοι
871 3956 1023 4036 χρήσαιτο
1046 3964 1085 4037 σή
1110 3957 1200 4037 εὐχή.

654 4178 673 4260 ᾗ
696 4175 752 4240 19;
778 4176 832 4260 τήν
855 4174 997 4253 Παρνήία
1023 4175 1148 4252 ἐκείνην,
1174 4175 1200 4238 εί
1225 4174 1340 4251 θέλεις,
1365 4171 1436 4248 ὅλην
1455 4182 1571 4254 χρυσῆν
1592 4175 1721 4248 ποιήσας
1743 4174 1799 4256 ἔχε

604 4283 697 4360 aalys
722 4280 985 4357 σιωπήσομαί
1007 4304 1062 4345 σοι.
1089 4279 1161 4345 Non
1184 4277 1351 4364 intelligo:
1376 4300 1455 4343 num
1480 4279 1561 4345 forte
1581 4279 1669 4356 noyn
1694 4281 1802 4357 ίκςή

604 4387 738 4464 σομαί
761 4384 827 4451 σοιί

653 4588 752 4673 §192
784 4590 859 4653 ἀλλ’
891 4587 963 4667 ὑπὲρ
995 4586 1177 4666 ἀσφαλείας
1208 4585 1312 4664 ἔγωγε
1344 4594 1398 4661 τῆς
1424 4595 1479 4660 σῆς
1503 4588 1586 4651 τοῦτ’
1611 4586 1800 4661 ἕτοιιρσοί-

604 4719 658 4773 μή
671 4721 694 4758 ν.
731 4695 774 4758 At
810 4692 971 4757 Lucienus
1006 4690 1052 4756 nil
1086 4691 1263 4776 quidquem
1298 4691 1415 4757 fecerat
1448 4713 1505 4757 neo
1539 4694 1644 4778 magis
1675 4698 1800 4758 cureret

606 4798 805 4875 faciendum,
830 4819 905 4862 nem
928 4800 973 4862 sio
996 4797 1191 4862 Fritzsehius
1214 4797 1354 4861 mediem
1378 4798 1468 4862 verbi
1491 4796 1629 4861 formem
1649 4799 1801 4883 interpre·

606 4910 694 4969 tetus
717 4909 775 4967 est.
801 4901 931 4969 Conieoi
954 4902 1121 4987 equidem:
1147 4926 1215 4980 προ
1226 4903 1265 4965 riv
1277 4926 1291 4965 ο
1301 4928 1317 4975 n
1327 4927 1345 4965 σ
1356 4902 1437 4979 σίμιρ
1449 4927 1473 4965 ν.
