5125 6150
778 806 843 870 180
1284 823 1454 872 somnies.

774 988 1008 1075 relinqueretur
1038 989 1122 1076 quod
1152 995 1282 1076 agerent
1313 988 1377 1054 alii.
1416 987 1518 1054 Nemo
1541 995 1650 1054 autem
1674 990 1791 1057 frustra
1813 993 1955 1060 nobilem

776 1094 915 1161 codicem
946 1096 1046 1161 adibit
1053 1118 1062 1175 ;
1094 1117 1169 1161 nam
1199 1101 1236 1160 ut
1265 1093 1349 1159 nihil
1380 1097 1517 1181 reperiat
1543 1096 1627 1181 quod
1652 1095 1722 1161 aliis
1745 1120 1865 1164 novum
1888 1101 1957 1166 fors

778 1201 928 1280 confidat,
959 1209 993 1267 at
1023 1202 1126 1267 multa
1156 1204 1298 1266 inveniet
1329 1222 1408 1287 quae
1438 1201 1499 1264 sibi
1528 1208 1611 1266 carte
1642 1205 1707 1266 sint
1735 1225 1835 1282 nova,
1860 1212 1957 1270 etex

776 1310 846 1392 ipso
876 1308 962 1373 fonte
993 1308 1114 1372 discens
1141 1330 1214 1373 mox
1239 1306 1344 1372 mullo
1367 1306 1484 1372 melius
1505 1327 1690 1393 cognoscere
1713 1316 1746 1374 et
1768 1310 1959 1398 intellegere

776 1416 908 1498 incipiet
938 1436 1017 1500 quae
1047 1435 1086 1479 ex
1117 1414 1294 1478 Aristarchi
1325 1420 1357 1477 st
1387 1414 1663 1478 Aristarchsorum
1686 1417 1813 1500 scriptis
1835 1417 1875 1481 ad
1898 1439 1958 1482 nos

774 1528 987 1606 pervenerunt
1016 1524 1127 1608 magni
1157 1521 1316 1607 naufragii
1349 1520 1462 1584 rudera
1493 1523 1589 1585 nimis
1620 1524 1779 1607 nimisque
1802 1523 1900 1590 exilis
1923 1530 1959 1590 et

776 1627 934 1692 informia.

819 1733 990 1798 Praemisit
1008 1739 1116 1799 autem
1136 1733 1321 1798 Dominicus
1340 1729 1538 1818 Comparetti
1550 1734 1601 1797 vir
1611 1731 1851 1800 illustrissimus
1864 1735 1960 1802 Prae-

775 1840 927 1905 lationem
946 1843 1135 1927 paginarum
1154 1859 1220 1917 rur,
1243 1839 1359 1924 quibus
1382 1839 1497 1903 codicis
1519 1838 1584 1903 fata
1607 1842 1764 1905 succincte
1784 1845 1957 1908 enarravit.

774 1945 860 2026 Quas
884 1967 958 2010 cum
977 1966 1014 2011 ea
1033 1967 1094 2032 qua
1114 1946 1210 2033 digna
1229 1953 1304 2010 sunt
1322 1947 1422 2009 animi
1441 1948 1614 2009 intentione
1634 1945 1847 2033 perlegerem,
1869 1970 1959 2034 prae

775 2055 886 2117 sertim
911 2073 963 2118 me
993 2052 1198 2118 adverterunt
1228 2073 1308 2137 quae
1336 2058 1407 2136 post
1431 2051 1509 2116 alios
1532 2051 1713 2116 observarit
1735 2053 1773 2119 de
1796 2053 1958 2119 mutilatis

775 2158 974 2243 turbatisque
992 2161 1093 2243 ipsius
1113 2158 1228 2224 codicis
1247 2157 1495 2244 Prolegomenis.
1516 2156 1709 2222 Luculenter
1725 2163 1811 2225 enim
1829 2160 1961 2225 demon·

778 2270 842 2329 stra
867 2267 892 2327 't
914 2301 956 2312 —
979 2266 1080 2329 immo
1102 2267 1164 2350 ipsi
1188 2264 1294 2330 codice
1316 2268 1458 2350 inspecto
1478 2264 1634 2350 quomodo
1652 2286 1777 2331 cernere
1796 2270 1958 2352 possimus

777 2391 832 2435 nos
864 2370 954 2436 docet
977 2407 1019 2419 -
1037 2373 1177 2457 quinque
1205 2371 1374 2448 foliorum,
1404 2391 1483 2456 quas
1507 2369 1572 2435 sola
1595 2370 1688 2437 hodie
1711 2379 1900 2457 supersunt,
1923 2374 1960 2439 id

778 2476 860 2562 quod
894 2498 977 2542 nunc
1011 2482 1060 2542 est
1094 2475 1248 2541 ultimum
1279 2475 1326 2556 (9)
1357 2477 1460 2562 primo
1493 2473 1572 2540 olim
1603 2477 1701 2542 fnisse
1732 2477 1817 2557 loce,
1852 2484 1959 2544 cetera

777 2589 886 2648 sutem
917 2587 1053 2667 quatuor
1083 2583 1128 2662 (l,
1160 2582 1191 2660 4,
1222 2581 1252 2658 6,
1283 2581 1317 2660 8)
1347 2603 1422 2648 cum
1447 2564 1588 2668 ¹quatuor
1618 2582 1789 2668 deperditis
1820 2585 1959 2651 affecisse

778 2688 996 2753 huiuscemodi
1021 2691 1276 2774 quaternionem:

826 4821 978 4906 Numeri,
1010 4848 1088 4914 quos
1117 4827 1263 4894 cancellis
1293 4828 1429 4895 inclusos
1459 4828 1626 4914 adscripsi,
1650 4829 1789 4895 indicant
1812 4830 1958 4895 ordinem

780 4941 841 5005 quo
864 4929 939 4995 folia
961 4936 995 4998 in
1017 4933 1124 5000 codice
1145 4938 1355 5001 inveniuntur
1378 4937 1548 5023 disposita,
1574 4939 1751 5002 intersertis
1775 4935 1860 5000 foliis
1882 4958 1959 5002 non·
