5125 6150
686 832 753 915 360
1053 847 1096 893 m
1119 845 1352 895 ssmroensms
1375 847 1512 896 ararum

912 1013 1005 1078 θτθτε
1028 1035 1058 1077 το
1082 1014 1232 1093 ληφθείην
1255 1014 1474 1094 πανουργήσας
1499 1015 1572 1092 aa.

685 1119 800 1185 Paullo
824 1118 1050 1205 neglegentius
1064 1157 1107 1168 —
1120 1112 1163 1188 εῖς
1186 1119 1251 1199 γὰρ
1275 1118 1368 1197 λθγος
1393 1143 1443 1196 μοι
1468 1118 1546 1199 δεῦρ’
1571 1118 1620 1183 atat
1645 1120 1827 1198 περαίνεται
1843 1159 1882 1169 -

685 1227 763 1292 haec
793 1231 869 1289 sunt
898 1227 1073 1290 enuntiata.
1104 1227 1295 1290 accuratius
1319 1229 1405 1290 enim
1428 1224 1555 1291 loeutus
1578 1226 1691 1291 fuisset
1716 1224 1832 1305 (tario,
1855 1231 1882 1291 ai

685 1337 742 1397 aut
773 1331 922 1395 dixisset:
955 1330 988 1394 οὐ
1011 1331 1075 1408 γὰρ
1098 1331 1160 1410 (τὸ)
1184 1329 1246 1395 θεον
1270 1330 1359 1409 μέρος
1382 1337 1440 1395 τῶν
1465 1337 1594 1410 τληνῶν
1617 1338 1769 1412 μετεῖχες
1795 1333 1882 1409 ἐμοί,

686 1436 958 1522 quemadmodum
988 1456 1084 1520 supra
1114 1443 1174 1514 (vs.
1207 1435 1272 1500 225
1286 1443 1347 1521 sq.)
1378 1434 1574 1523 Chremylus
1605 1438 1703 1501 dixit:
1736 1433 1819 1509 θτως
1845 1436 1884 1502 ἂν

686 1543 748 1608 ῖοον
784 1540 912 1613 ἕκαστος
948 1543 1088 1606 ἐνταυθοῖ
1119 1542 1221 1619 rapat
1248 1543 1255 1628 Ι
1285 1543 1357 1618 ἡμῖν
1389 1541 1539 1625 μετοθοχη
1570 1543 1655 1608 τοῦδε
1773 1543 1882 1622 μέρος,

686 1670 782 1734 quem
807 1648 914 1713 locum
938 1649 1073 1713 conferri
1096 1648 1207 1712 iubent
1230 1647 1366 1726 scholia,
1391 1655 1465 1713 aut:
1486 1650 1601 1729 οὐγὰρ
1621 1644 1707 1730 εἶχεν
1727 1650 1790 1721 τὰς
1810 1648 1882 1723 irae

685 1753 816 1832 τληγθος
845 1754 931 1832 tuot,
959 1752 1230 1838 quemadmodum
1252 1756 1287 1817 in
1310 1754 1407 1818 Ranis
1431 1755 1595 1840 Dionysus
1618 1754 1658 1820 ad
1682 1755 1881 1821 Xanthiam:

686 1861 719 1926 τθ
741 1861 822 1935 θνῖτοο
915 1861 947 1925 οθ
972 1858 1023 1923 κον)
1048 1858 1086 1922 σὺ
1110 1858 1221 1924 τθττεο
1245 1859 1306 1930 τὰς
1330 1857 1402 1931 ῖτοος
1426 1860 1557 1937 τληνθος
1582 1860 1666 1939 θμοθ;

731 1966 869 2030 Minime
900 1970 1008 2028 tamen
1038 1963 1147 2028 vitiosa
1171 1970 1247 2028 sunt
1270 1985 1350 2049 quae
1374 1970 1483 2030 nostro
1505 1964 1574 2031 loeo
1598 1965 1771 2052 legentum
1798 1967 1886 2032 absit

685 2073 789 2157 igitur
820 2076 856 2134 ut
887 2071 1079 2135 scribamus:
1104 2072 1136 2135 οὐ
1161 2070 1224 2149 γὰρ
1248 2070 1286 2134 οθ
1309 2070 1343 2147 γ’
1368 2067 1452 2150 εἶχες
1477 2071 1536 2143 τὰς
1561 2069 1631 2143 ῖεοος
1656 2072 1790 2149 τληνοὶς
1817 2074 1887 2148 suot

687 2176 756 2242 vsl:
789 2178 822 2242 οθ
853 2176 916 2254 γὰρ
948 2183 1096 2255 μετεῖχες
1128 2175 1193 2241 οὐδὲ
1216 2182 1274 2240 τῶν
1299 2183 1429 2254 πληγῶν
1455 2177 1493 2242 τθ
1517 2201 1572 2255 γε,
1599 2199 1746 2263 -quae
1771 2201 1887 2265 propo-

685 2285 764 2347 sitae
787 2288 863 2347 sunt
885 2284 1099 2359 coniecturae,
1126 2318 1166 2331 -
1190 2288 1247 2347 aut
1270 2285 1346 2347 nori
1370 2282 1447 2367 quid
1471 2284 1694 2368 excogitemus
1718 2286 1796 2368 ipsi.

732 2501 784 2566 Vs.
811 2499 909 2565 1190.
936 2537 975 2547 -
1008 2497 1202 2585 Ohremylus
1225 2499 1310 2565 Iovis
1333 2501 1549 2577 sacerdotem,
1572 2503 1628 2584 qui
1651 2499 1690 2565 ad
1714 2522 1749 2565 se
1774 2505 1885 2567 eonsu-

685 2610 752 2694 git,
776 2608 826 2671 his
851 2607 956 2673 verbis
980 2605 1179 2671 consolatur:

913 2708 1029 2792 θοθρρεν·
1055 2718 1157 2784 καλῶς
1182 2708 1271 2776 ἓοτοοο
1297 2712 1377 2791 γάρ,
1402 2712 1437 2787 ἣν
1461 2712 1522 2786 θεθς
1547 2712 1630 2794 θέλη.

912 2818 926 2882 θ
951 2817 1027 2890 Ζεὺς
1053 2817 1067 2881 θ
1093 2819 1197 2897 Σοτῖηρ
1221 2818 1285 2898 γὰρ
1308 2817 1455 2897 τθρεοτνν
1480 2816 1598 2896 ratast,

912 2923 1091 2997 οθτθμοοτος
1116 2922 1207 2987 θλθεθν
1224 2921 1257 3003 ¹).
1611 3007 1613 3011 Ι

685 3029 771 3109 Quas
793 3027 1016 3094 infelicissima
1038 3031 1220 3095 coniectura
1243 3031 1374 3096 vorarit
1398 3028 1533 3095 sttsen
1558 3029 1741 3102 οθτθΤοτος
1769 3054 1879 3119 propa

684 3157 773 3201 nens.
807 3136 910 3215 Quam
941 3156 997 3199 cur
1031 3138 1168 3200 suaserit
1203 3138 1326 3212 nescio,
1363 3156 1437 3200 nam
1471 3142 1574 3217 sponte
1604 3139 1730 3201 venisse
1767 3139 1879 3225 quidni

685 3242 810 3306 dicatur
844 3240 932 3305 deus.
971 3241 1156 3323 ipsissimum
1191 3263 1266 3306 vero
1302 3244 1428 3306 venisse
1462 3240 1573 3306 Iovem
1609 3240 1818 3308 Servatorsm
1852 3247 1878 3307 si

684 3347 865 3432 perhiberet
883 3368 967 3411 nune
987 3346 1199 3432 Chrsmylus,
1222 3354 1370 3432 apertum
1389 3347 1542 3431 proferret
1561 3347 1786 3426 mendacium
1805 3370 1876 3414 nam

686 3453 794 3515 Pactus
822 3459 869 3517 est
899 3455 928 3517 is
958 3474 1053 3537 quem
1085 3451 1172 3516 dicit.
1203 3452 1236 3513 Is
1258 3452 1407 3532 Iuppiter,
1432 3452 1460 3514 ia
1482 3452 1628 3530 Servator,
1652 3476 1736 3538 quem
1760 3456 1878 3519 dicatae

684 3559 783 3633 moda,
809 3558 841 3620 in
864 3559 944 3621 bisce
967 3559 993 3620 ia
1016 3559 1100 3620 adeat
1124 3557 1261 3632 aedit-ur,
1286 3580 1342 3640 quo
1366 3564 1469 3638 sponte
1487 3580 1542 3619 aaa
1561 3557 1650 3622 venit.
1673 3558 1775 3623 Adest
1795 3558 1876 3645 apud

685 3683 741 3728 nos
769 3665 837 3746 ipss
868 3662 1067 3727 Divitiamm
1091 3663 1185 3727 deus:
1211 3667 1317 3727 τοῦτον
1342 3660 1446 3743 νθςινζε
1470 3669 1570 3741 Ζνῖνοι,
1595 3664 1674 3728 aar·
1699 3667 1779 3742 ἡγοῦ
1804 3666 1874 3744 θεθν,

685 3774 717 3833 et
741 3768 799 3832 tibi
823 3789 949 3852 quoque
972 3769 1057 3852 apud
1080 3791 1136 3833 nos
1161 3771 1221 3833 erit
1244 3768 1343 3833 locus.

719 4040 745 4101 l)
761 4039 800 4087 Sic
818 4039 935 4099 Venetus,
953 4054 1000 4087 non
1018 4042 1081 4086 recta
1099 4039 1222 4085 ttarenms
1239 4037 1328 4101 aliique
1345 4037 1413 4093 ῖθηων,
