5125 6150
1076 830 1346 877 runenunuoaun.
1741 808 1807 874 299

615 993 747 1078 reliquis
759 996 894 1059 donatur
905 993 1134 1059 immortalitas
1145 996 1321 1060 secundum
1335 1001 1460 1081 poetam
1474 994 1561 1059 lovis
1573 992 1673 1059 solius
1686 995 1813 1057 muneri

616 1100 723 1165 deberi
742 1100 879 1165 videtur.
900 1100 1200 1178 Verumenimvem,
1221 1107 1258 1165 ut
1278 1105 1422 1178 mittam,
1445 1099 1531 1185 quod
1550 1102 1676 1184 saepius
1689 1101 1814 1177 monui,

617 1206 799 1292 Vergilium
830 1207 881 1272 hic
912 1208 1043 1292 quidem
1067 1230 1130 1273 non
1153 1211 1187 1271 iu
1211 1209 1322 1273 eadem
1347 1210 1502 1271 sententia
1527 1209 1712 1292 persistere,
1737 1207 1812 1271 vide

615 1337 694 1378 num
718 1334 812 1379 cansa
835 1334 909 1378 vera
931 1317 1073 1378 muneris
1097 1336 1226 1400 prorsus
1249 1314 1358 1379 lateat.
1383 1315 1539 1378 Accurate
1556 1312 1666 1399 legens
1685 1314 1813 1377 fatearis

615 1442 740 1486 neccsse
764 1428 812 1485 cst
835 1442 931 1485 naves
955 1420 1175 1485 immortalem
1199 1426 1319 1485 sortem
1347 1441 1409 1484 non
1438 1421 1508 1485 ideo
1540 1422 1696 1495 nancisci,
1728 1418 1812 1503 quod

615 1529 773 1605 Aeneam,
806 1533 935 1592 tantum
967 1527 1115 1602 heroem,
1147 1531 1219 1590 tuto
1243 1548 1317 1591 cum
1342 1526 1511 1611 penatibus
1534 1547 1591 1611 per
1615 1527 1716 1590 maria
1742 1545 1811 1608 por-

615 1638 753 1709 tassent,
785 1633 839 1696 sed
870 1635 945 1716 quia
975 1630 1075 1696 vellet
1098 1629 1217 1717 Cybele
1241 1633 1302 1697 hoc
1325 1634 1366 1696 iis
1389 1632 1554 1716 prodesse,
1579 1630 1663 1716 quod
1685 1633 1752 1694 suis
1775 1632 1808 1693 in

614 1738 780 1802 montibus
811 1743 898 1801 ortae
929 1744 1048 1813 essent;
1082 1739 1174 1821 quia,
1207 1744 1244 1801 ut
1275 1736 1383 1802 Ovidii
1414 1737 1520 1802 verbis
1551 1736 1637 1800 idem
1668 1738 1810 1820 apertius

613 1842 850 1928 significemus,
895 1863 1084 1917 „nemorum
1116 1847 1221 1927 partes
1256 1853 1290 1907 et
1324 1843 1489 1907 membra”
1526 1842 1695 1906 Idaeornm
1730 1839 1809 1904 olim

614 1951 759 2013 fuissent.
791 1948 929 2013 Interitu
959 1951 1066 2032 itaque
1090 1954 1261 2014 caruerunt
1285 1950 1423 2034 quonism
1447 1949 1563 2013 Matris
1586 1947 1698 2012 Idaeae
1715 1947 1811 2031 pinus

615 2078 719 2119 socroe
742 2055 868 2118 interire
892 2077 950 2118 non
966 2062 1095 2136 possunt
1111 2053 1145 2133 ¹).

661 2162 786 2236 Poetis,
819 2161 936 2244 quibus
968 2160 1133 2245 Vergilius
1164 2146 1321 2226 elementa
1344 2166 1499 2227 venustae
1522 2161 1560 2225 dc
1584 2161 1720 2226 navibus
1743 2182 1812 2224 mu-

615 2269 692 2331 tatis
724 2266 849 2330 fabulae
881 2267 988 2344 debet,
1023 2265 1169 2344 Graecis,
1199 2266 1251 2332 vel
1273 2270 1383 2352 potius
1406 2268 1630 2353 Pergamenis,
1655 2270 1725 2351 ipsa
1746 2267 1811 2330 fere

613 2378 697 2437 terra
721 2371 858 2436 Troiana
880 2373 1048 2449 suadebat,
1074 2381 1110 2437 ut
1135 2394 1209 2438 cnm
1230 2375 1354 2438 Aeneae
1374 2380 1458 2438 sorte
1478 2376 1709 2449 consociarent,
1731 2393 1810 2456 quae

614 2479 652 2544 de
685 2476 806 2564 Oybela
837 2480 1053 2565 nymphisque
1086 2478 1188 2544 idaeis
1220 2480 1338 2545 tradita
1368 2486 1482 2544 essent.
1518 2479 1733 2544 Meminerant
1763 2480 1810 2541 in-

614 2587 729 2670 primis
752 2587 896 2668 ipsarum
921 2585 1155 2670 nympharum,
1180 2592 1299 2650 ceteras
1323 2585 1433 2650 divina
1458 2587 1581 2671 origine
1601 2590 1634 2650 et
1653 2589 1809 2669 potestate

615 2689 881 2755 antecedentium.
921 2689 1179 2755 Recordabantur
1213 2691 1412 2777 Herophilen
1448 2690 1608 2778 Sibyllam
1642 2712 1681 2756 ex
1716 2690 1809 2755 [daea

614 2796 761 2881 nympha
792 2802 894 2860 ortam
927 2817 1011 2873 esse,
1044 2795 1175 2863 Curetes
1205 2796 1322 2863 Matris
1353 2799 1517 2863 ministros
1548 2817 1620 2861 cum
1645 2797 1810 2883 Nymphis

614 2904 893 2986 consanguinitate
917 2905 1118 2980 coniunctos,
1144 2902 1293 2989 Virgines
1317 2904 1425 2968 Idaeas
1444 2910 1539 2968 cantu
1559 2905 1651 2966 suavi
1669 2902 1810 2967 Matrem

614 3009 781 3072 comitates
794 3007 830 3086 2).
852 3007 972 3071 Earum
993 3010 1181 3073 memoriam
1202 3031 1277 3074 cum
1297 3010 1392 3076 heroe
1404 3009 1538 3073 Troiano
1551 3029 1628 3072 num
1642 3013 1812 3093 potuerant

614 3135 678 3178 non
702 3112 900 3179 consociaret
925 3113 985 3178 Vix
1010 3116 1203 3200 quidquam,
1227 3124 1359 3201 excepta
1382 3116 1502 3181 Venere
1524 3121 1643 3193 matre,
1667 3135 1810 3199 unquam

615 3241 690 3284 cum
715 3222 821 3284 Aenea
844 3220 949 3284 fuerat
972 3224 1172 3301 coniunctius
1197 3244 1294 3307 quam
1317 3224 1488 3310 Nymphae
1510 3222 1620 3288 Idaeae
1644 3244 1682 3287 ex
1702 3243 1739 3287 eo
1760 3222 1811 3287 die

616 3346 777 3410 quocum
801 3324 908 3390 Venus
933 3335 1097 3412 pepererat
1121 3336 1156 3405 (Β
1178 3328 1259 3407 821)

793 3430 879 3506 Ἴδης
906 3433 935 3495 ἕν
958 3442 1096 3509 κνημοῖσι
1122 3436 1175 3499 deci
1199 3436 1298 3514 βροτῷ
1320 3435 1490 3509 εὐνηθεῖσα.

614 3537 704 3622 Ipsae
739 3536 911 3622 puerulum
946 3560 1054 3604 recens
1089 3546 1200 3605 natum
1232 3543 1266 3606 in
1297 3540 1432 3606 saltibus
1463 3541 1566 3606 Idaeis
1597 3540 1810 3607 educaverant

616 3642 753 3722 teloneos
784 3644 995 3720 delineasset:
1028 3648 1091 3709 viri
1121 3646 1223 3711 adulti
1254 3669 1334 3732 quac
1365 3651 1428 3712 iter
1458 3653 1639 3713 tutarentur
1669 3651 1808 3735 aptiores

615 3753 812 3835 gratioresve
837 3755 1013 3837 excogitari
1036 3752 1143 3818 nullae
1166 3756 1298 3818 comites
1321 3759 1478 3838 poteraut.
1547 3800 1550 3806 -

663 3854 826 3921 Invitabat
845 3857 885 3921 ad
904 3858 1089 3944 fingendum
1109 3858 1231 3943 aliquid
1243 3864 1274 3923 ct
1287 3860 1441 3946 nymphis
1453 3861 1590 3925 etheroc
1602 3881 1659 3925 suo
1671 3860 1808 3944 dignum

615 3964 736 4026 incerta
754 3961 812 4027 illa
832 3983 868 4028 ac
886 3966 1002 4029 totiens
1020 3967 1143 4029 variata
1163 3964 1307 4031 doctriua
1325 3965 1363 4031 de
1383 3968 1452 4031 rita
1473 3973 1619 4051 sorteque
1643 3969 1809 4053 virginum

652 4202 679 4266 l)
703 4203 759 4266 Ipse
782 4204 886 4261 Aeneas,
909 4218 964 4252 cum
988 4204 1126 4267 ceteroquin
1149 4204 1187 4252 vel
1209 4205 1291 4255 Iovem
1315 4206 1352 4255 vel
1370 4208 1486 4256 Venerem
1504 4209 1621 4273 precando
1639 4208 1704 4258 adire
1721 4209 1808 4269 soleat,

615 4284 711 4332 tandem
730 4285 759 4332 Χ.
777 4285 826 4333 252
846 4285 934 4333 Matris
950 4284 1036 4334 Idaeae
1054 4286 1200 4345 recordatur,
1217 4292 1342 4352 postquam
1362 4304 1432 4337 usses
1449 4288 1478 4337 ab
1496 4305 1523 4337 es
1540 4293 1645 4339 servatas
1662 4290 1751 4340 audiit:

818 4367 853 4415 'In
871 4366 931 4415 mibi
949 4383 1011 4415 nnnc
1028 4384 1121 4432 pugnae
1138 4369 1260 4434 princeps,
1278 4373 1306 4419 tu
1324 4369 1370 4419 rito
1387 4371 1533 4436 propinques

817 4447 944 4510 augurium
964 4449 1144 4513 Phrygibusque
1160 4451 1221 4499 adsis
1239 4451 1297 4515 pede
1313 4451 1367 4499 diva
1383 4453 1492 4501 secundo.

615 4528 696 4593 Ipsam
718 4531 798 4577 autem
821 4532 914 4578 Aeneae
937 4546 1020 4579 navem
1041 4531 1138 4594 Cybeles
1154 4532 1231 4582 tutela
1248 4533 1366 4582 munitam
1383 4549 1431 4582 esse
1449 4535 1531 4584 eodem
1548 4536 1645 4585 demum
1663 4534 1724 4585 libro
1742 4535 1810 4585 docet

614 4614 684 4675 pects
702 4626 735 4660 rs.
754 4612 815 4661 lto:

1298 4696 1386 4744 heusis
1402 4697 1488 4761 puppis

817 4776 896 4841 prims
912 4780 990 4835 tenet,
1005 4780 1083 4825 rostro
1101 4778 1219 4841 Phrygios
1235 4777 1360 4826 subiuncta
1378 4778 1465 4829 leones.

618 4859 689 4907 Hanc
708 4874 792 4907 navem
809 4860 964 4923 superstitem
983 4860 1071 4907 Rornae
1089 4860 1160 4908 luisse
1178 4861 1279 4908 affirmat
1298 4860 1427 4925 Procopius
1445 4862 1472 4911 B.
1492 4863 1520 4912 G.
1538 4865 1561 4911 4.
1572 4862 1612 4910 22.

651 4941 680 5004 2)
702 4942 769 4989 Pane.
789 4942 828 4989 10.
842 4942 914 4989 las.
932 4941 1032 4990 Hesiod.
1051 4942 1081 4991 fr.
1099 4944 1139 4989 43.
1159 4942 1232 4991 llinls.
1249 4941 1319 4991 Pind.
1337 4943 1411 5007 Pyth.
1428 4945 1451 4993 8.
1462 4943 1501 4995 II.
