5125 6150
686 838 752 905 400
1054 856 1096 901 an
1120 854 1352 903 aararornanrs
1374 856 1512 902 rnurun.

684 1021 810 1086 fabulae
841 1021 910 1086 loco
927 1022 949 1096 ¹)
981 1044 1044 1086 non
1074 1021 1107 1084 id
1139 1020 1244 1085 valere
1274 1021 1358 1105 quod
1389 1031 1420 1086 et
1451 1022 1535 1106 apud
1565 1028 1686 1088 ceteros
1710 1043 1823 1089 omnes
1847 1033 1878 1087 et

683 1129 768 1214 apud
799 1137 945 1192 nestrum
973 1135 1155 1192 constanter
1185 1126 1289 1204 valet,
1315 1128 1470 1211 foetosae,
1496 1129 1567 1193 sed:
1586 1129 1719 1211 pariter,
1744 1126 1780 1202 ἐξ
1804 1126 1878 1193 θσοιι.

684 1234 804 1298 Verum
827 1241 935 1297 autem
960 1232 1070 1318 procul
1095 1233 1191 1298 dubio
1215 1233 1298 1298 vidit
1318 1236 1369 1298 vir
1386 1233 1497 1298 doctus
1517 1238 1572 1318 qui
1592 1237 1701 1319 spuria
1720 1233 1879 1298 iudicavit

684 1339 781 1404 verba
803 1337 952 1403 cancellis
975 1337 1108 1403 inclusa.
1133 1337 1194 1402 Sed
1215 1338 1301 1423 quod
1321 1341 1355 1402 in
1376 1361 1488 1405 eorum
1506 1339 1613 1405 locum
1634 1341 1762 1405 rescribi
1784 1343 1879 1404 iussit

684 1446 781 1510 verba
815 1444 976 1524 ,ιιρθτερον
1007 1443 1045 1508 ὧν
1077 1444 1262 1524 ἕλεθθερος”,
1295 1465 1375 1529 quae
1405 1444 1561 1531 leguntur
1590 1448 1624 1510 in
1649 1445 1878 1531 marginalia

685 1553 829 1616 vennatis
853 1550 987 1627 codicis,
1013 1572 1123 1616 versor
1145 1573 1184 1615 ne
1208 1549 1350 1615 scholion
1371 1551 1491 1616 scholio
1510 1554 1769 1617 commutaverit.
1794 1550 1877 1616 Nam

683 1655 823 1721 liberum
848 1677 991 1740 unquam
1015 1656 1113 1721 fuisse
1138 1654 1324 1734 (larionem,
1349 1657 1382 1720 id
1406 1659 1462 1723 vix
1486 1657 1614 1721 videtur
1637 1657 1804 1734 credibile,
1824 1657 1878 1722 sed

684 1763 820 1837 οἰκογενῆ
841 1764 953 1847 opinor
971 1761 1065 1826 finxit
1086 1764 1228 1828 comicus
1249 1761 1334 1826 bunc
1354 1783 1483 1827 servum
1496 1768 1564 1826 tam
1577 1763 1655 1828 bene
1667 1761 1877 1844 ιθτσιιιθζοντα.

684 1867 796 1952 Itaque
828 1873 942 1943 restat,
980 1869 1013 1929 ni
1044 1865 1148 1943 fallor,
1181 1873 1219 1931 ut
1249 1865 1396 1931 lacunam
1426 1867 1614 1933 indicemus.
1648 1854 1752 1948 Quam
1777 1871 1805 1932 si
1828 1869 1877 1932 his

686 1974 791 2038 verbis
815 1971 993 2058 expleveris
1017 1993 1044 2036 e.
1057 1993 1109 2057 g.:

806 2139 808 2145 .
868 2077 970 2157 έγοιγέ
995 2101 1040 2143 σοι
1064 2079 1115 2142 διὰ
1138 2078 1243 2159 μικρὸν
1267 2078 1436 2157 ἀργυρίδιον

868 2184 971 2253 δοῦλος
996 2183 1173 2262 γεγένημαι
1196 2186 1273 2263 (κού
1298 2186 1398 2263 κρατῶ
1423 2188 1476 2248 τοῦ
1501 2185 1681 2264 σώματος),

687 2310 706 2352 a
729 2295 842 2374 poetae
866 2296 974 2354 mente
997 2310 1059 2354 non
1081 2291 1179 2354 nimis
1202 2288 1315 2375 longa,
1339 2296 1377 2353 ut
1400 2292 1519 2375 opinor,
1545 2291 1753 2355 aberraveris.

734 2538 786 2602 Vs.
814 2536 890 2602 226.
924 2536 1014 2602 Idem
1045 2536 1131 2604 valet
1162 2536 1199 2601 de
1230 2538 1291 2602 hoc
1322 2559 1415 2603 versu
1423 2560 1432 2617 ;
1465 2539 1517 2602 hio
1540 2559 1665 2623 quoque
1689 2541 1883 2623 interpreta-

689 2651 836 2709 mentum
855 2642 962 2708 looum
985 2641 1130 2707 vocabuli
1149 2645 1283 2728 genuini
1297 2645 1429 2708 obtinet.
1451 2642 1645 2730 Obremylus
1657 2643 1695 2708 ad
1708 2642 1881 2710 Curionem

689 2750 839 2831 αροέσοθιιο
862 2753 908 2814 ait
931 2773 1001 2812 rure
1024 2771 1165 2825 convoco,
1190 2756 1223 2812 αθ
1246 2771 1343 2813 corum
1367 2750 1567 2834 unuquisque

872 2860 943 2931 ἡμῖν
966 2855 1117 2933 μετιθσχρ
1142 2853 1229 2918 τοῦδε
1254 2858 1308 2919 τοῦ
1333 2856 1472 2920 Πλοθτον
1496 2853 1596 2933 μέρος.

688 2961 752 3026 Ubi
775 2983 950 3046 pronomen
975 2962 1263 3027 demonstrativum
1289 2967 1425 3025 testatur
1447 2967 1573 3045 postam
1598 2962 1725 3025 nomine
1750 2964 1884 3046 proprio

690 3091 752 3135 non
775 3091 842 3135 esse
865 3090 980 3146 usum,
1006 3067 1059 3133 sed
1084 3071 1141 3132 aut
1164 3065 1302 3131 dedisse:

872 3178 944 3251 »inis
967 3173 1119 3255 μετιθσχρ
1144 3172 1231 3237 τοῦδε
1255 3176 1308 3236 τοῦ
1333 3176 1489 3249 ιὶγαθοῦ
1512 3170 1619 3250 μέρος,

690 3287 764 3344 aut:

1143 3384 1229 3448 τοῦδε
1252 3388 1306 3448 τοῦ
1332 3384 1421 3448 θεοῦ
1445 3382 1552 3461 μέρος,

689 3492 773 3575 quod
797 3512 912 3556 verum
935 3491 1070 3556 arbitror
1094 3489 1208 3555 collato
1234 3488 1393 3555 versiculo
1417 3488 1606 3553 Menandri:

871 3596 892 3661 ὦ
917 3598 985 3675 νθξ,
1010 3598 1048 3660 σὺ
1072 3598 1135 3676 γὰρ
1160 3597 1194 3669 δὴ
1219 3605 1365 3661 πλεῖστον
1391 3595 1574 3676 Ἀφροθθτιις
1599 3598 1669 3658 θεῶν

873 3704 1019 3782 μετέχεις
1042 3703 1142 3783 μέρος.

737 3937 857 4002 Eodem
882 3937 1020 4001 remedio
1046 3936 1167 4000 dudum
1191 3940 1321 3999 sanatus
1344 3942 1393 4000 est
1417 3956 1528 3999 versus
1554 3933 1638 4000 727:

874 4045 959 4119 μετὰ
984 4046 1072 4106 τοῦτο
1096 4044 1137 4119 τῷ
1163 4041 1317 4105 Πλούτωνι
1340 4039 1584 4122 παρεκαθέζετο,

693 4150 731 4214 ad
764 4170 859 4234 quem
892 4148 1048 4213 tuendum
1080 4147 1161 4211 nihil
1193 4156 1327 4231 prosunt
1357 4167 1437 4230 quae
1462 4149 1525 4209 viri
1548 4146 1631 4210 docti
1655 4156 1888 4231 congesserunt

695 4257 732 4320 de
764 4255 850 4317 Plus
880 4262 912 4318 st
944 4255 1082 4317 Plutonia
1114 4262 1228 4318 natura
1260 4260 1293 4317 ei
1316 4256 1440 4337 origine
1463 4254 1623 4338 cognatis,
1649 4250 1887 4319 utilissimam

694 4369 726 4427 et
759 4363 943 4438 verissima,
976 4360 1031 4423 sed
1061 4361 1099 4423 ab
1131 4359 1191 4423 hec
1220 4357 1289 4423 loco
1313 4365 1345 4423 et
1369 4359 1406 4422 ab
1431 4361 1499 4442 ipso
1522 4360 1642 4422 comico
1666 4356 1783 4422 aliena.
1810 4359 1887 4424 Scri-

694 4467 833 4532 bendum
857 4477 922 4542 est,
948 4470 985 4529 ut
1008 4465 1091 4530 vidit
1114 4464 1310 4550 Kappeyne:

876 4571 961 4646 μετα
985 4575 1073 4634 τοῦτο
1098 4570 1140 4649 τῷ
1164 4570 1327 4648 γέροντι
1354 4566 1588 4648 παρεκαθέζετο.

695 4678 756 4757 Qui
779 4677 867 4743 locus
889 4679 923 4740 in
947 4682 1087 4740 mentem
1111 4676 1194 4739 mihi
1218 4682 1310 4740 vocat
1335 4674 1496 4758 Euripidis
1520 4695 1666 4750 versum,
1691 4674 1779 4739 unde
1804 4677 1886 4741 idem

731 4969 754 5026 l)
771 4968 802 5015 Cl
826 4983 859 5017 ιιι.
877 4968 926 5017 259
943 4970 967 5014 et
986 4967 1058 5015 1080.
