5125 6150
785 1293 858 1382 ΑΙ)
887 1290 1115 1380 CATULLI
1146 1300 1522 1375 stannaturae.
1548 1304 1629 1381 178.

1136 1495 1260 1536 scaleam

1046 1647 1075 1712 J.
1108 1645 1361 1711 WOLTJER.

1122 1933 1280 1975 -ψψν-

649 2177 793 2242 Ariadne
817 2199 836 2242 a
860 2175 981 2241 Theseo
1005 2175 1084 2240 DIae
1107 2175 1261 2239 destItnta
1285 2176 1447 2258 queritur:

744 2282 813 2348 Iam
839 2304 901 2368 quo
924 2304 976 2347 me
1000 2278 1156 2347 referam?
1180 2279 1267 2365 quali
1291 2301 1345 2364 spe
1369 2280 1494 2364 perdita
1516 2278 1621 2346 nItor?

651 2386 719 2453 178
742 2387 886 2453 Ydoneos
910 2409 949 2452 ne
973 2393 1080 2472 petam
1104 2383 1250 2450 montes?
1274 2406 1309 2461 a,
1333 2387 1466 2471 gurgite
1488 2385 1554 2451 lato

743 2492 931 2558 Discernene
955 2495 1045 2577 ponti
1069 2490 1289 2556 truculentum
1312 2490 1370 2554 nbi
1393 2480 1511 2555 dividit
1532 2490 1666 2577 aequor!

744 2600 794 2661 An
818 2601 919 2682 patrIs
942 2596 1102 2661 auxilium
1127 2616 1268 2681 sperem,
1293 2616 1430 2679 quemne
1453 2599 1523 2680 ipsa
1545 2595 1683 2682 reliqui?
1697 2646 1726 2664 ..

605 2703 658 2768 Vs.
686 2703 751 2768 178
781 2704 917 2766 I'doneue
940 2705 1045 2768 estin
1069 2703 1136 2768 cod.
1161 2699 1464 2778 San-Germanensi,
1484 2705 1518 2765 in
1537 2703 1603 2768 cod.
1625 2702 1798 2769 Cxonienei

603 2816 653 2873 est
689 2809 827 2885 Idoueor,
865 2808 949 2893 quod
983 2808 1070 2872 idem
1100 2829 1168 2872 esse
1198 2805 1254 2870 alii
1287 2806 1399 2870 docent
1430 2805 1510 2884 loci,
1542 2828 1568 2872 e.
1600 2829 1649 2894 gr.
1680 2831 1727 2874 νε.
1756 2809 1796 2876 17

606 2916 748 2997 nimphae
778 2914 815 2992 0,
849 2914 994 2997 nymphae
1028 2915 1070 2990 C;
1108 2951 1150 2962 —
1186 2933 1233 2976 νε.
1266 2911 1311 2975 20
1342 2912 1489 2975 timenem
1511 2911 1548 2989 Ο,
1581 2915 1733 2997 hymeneos
1755 2912 1796 2990 G,

603 3040 803 3108 quamquem
826 3019 912 3085 haud
935 3039 1005 3084 raro
1029 3015 1059 3084 G
1082 3020 1116 3082 in
1140 3016 1304 3083 vocabulis
1328 3013 1458 3083 Graecis
1481 3017 1576 3083 habet
1589 3041 1620 3103 3¹,
1641 3020 1699 3085 ubi
1717 3020 1730 3083 i
1749 3026 1798 3087 eet

602 3125 797 3212 legendnm,
819 3146 846 3189 e.
869 3145 919 3210 gr.
944 3145 994 3188 νε.
1022 3122 1061 3187 15
1085 3123 1253 3207 Nereydee,
1279 3143 1326 3186 νε.
1353 3120 1395 3185 52
1419 3124 1494 3206 dyo,
1517 3144 1565 3187 vs.
1591 3122 1633 3187 65
1655 3128 1796 3210 stroptyo

601 3237 679 3296 cett.

649 3335 741 3415 Quod
772 3337 806 3399 in
838 3332 869 3399 (1
900 3335 1154 3418 superscriptum
1176 3338 1224 3396 est
1247 3332 1290 3395 al’
1314 3333 1470 3395 Idmoeeon
1492 3354 1614 3398 meram
1637 3355 1704 3399 esee
1727 3355 1797 3401 con-

599 3444 761 3506 iecturam
796 3442 859 3504 viri
893 3440 979 3504 docti
1013 3441 1078 3503 iam
1109 3437 1164 3502 diu
1195 3443 1434 3523 perspexerunt.
1466 3438 1566 3503 Mitto
1598 3442 1795 3506 conIecturas

601 3544 799 3632 permultas,
824 3564 902 3630 quae
926 3547 1114 3609 recentiores
1138 3546 1312 3608 commenti
1331 3548 1424 3621 sunt,
1444 3543 1607 3628 probabile
1625 3546 1708 3610 nihil
1726 3568 1796 3613 con·

601 3654 716 3717 secuti.

650 3756 699 3821 Ex
728 3754 786 3820 illa
813 3755 949 3821 lectIone
972 3756 1135 3836 codinnm,
1160 3756 1228 3818 sive
1252 3760 1301 3818 est
1320 3755 1465 3837 ydoneos,
1491 3756 1559 3820 sire
1581 3756 1703 3819 idoneor
1725 3779 1795 3822 eru·

600 3862 718 3928 endam
751 3882 818 3927 esse
849 3882 959 3927 veram
991 3859 1178 3935 lectionem,
1210 3861 1318 3943 quiris
1349 3859 1460 3923 doctus
1491 3881 1554 3924 non
1577 3865 1714 3939 temere,
1739 3862 1794 3927 sed

600 3971 658 4034 vica
676 3988 713 4031 ac
732 3970 854 4032 ratione
873 3966 1062 4051 procedens,
1083 3964 1240 4029 concedet.
1264 3963 1357 4028 Hanc
1376 3964 1415 4028 ob
1435 3984 1564 4028 caueam
1584 3965 1793 4032 Baehrensius

600 4076 638 4137 in
669 4070 945 4157 Interpretationis
975 4070 1140 4137 volumine
1171 4089 1244 4155 pag.
1270 4068 1337 4133 410
1367 4072 1501 4134 coniecit
1531 4070 1702 4153 legendum
1725 4094 1792 4138 esse

600 4177 760 4253 Sidoeeoe,
794 4176 878 4260 qnod
899 4175 976 4242 licet
997 4176 1100 4240 forma
1122 4174 1373 4251 commendetur,
1397 4194 1431 4239 re
1454 4180 1562 4238 tomen
1585 4175 1792 4242 nullomodo

599 4282 730 4367 probari
751 4287 867 4366 potest.

648 4386 744 4472 Apud
775 4386 925 4451 Nonnum
955 4389 990 4450 in
1020 4385 1231 4471 Dionysiacis,
1258 4384 1403 4448 XXXIII
1428 4382 1504 4461 374,
1528 4383 1595 4470 legi
1619 4385 1791 4451 Ariadnam
1890 4395 1895 4403 '

600 4491 665 4556 dici
689 4489 892 4577 Cydoneam:

807 4597 950 4675 acerete
974 4595 1063 4672 μέγα
1086 4603 1175 4668 σῆμα
1198 4596 1370 4667 Κυδωναίης
1394 4595 1564 4673 Ἀριάδνης,

599 4701 684 4787 qnod
715 4702 897 4787 epitheton,
922 4704 1049 4787 proprie
1071 4703 1233 4785 pertinens
1257 4699 1296 4764 ad
1319 4700 1431 4764 urbem
1455 4698 1633 4786 CydonIam
1655 4705 1690 4766 in
1713 4707 1792 4770 occi·

600 4806 722 4873 dentali
758 4813 847 4892 parte
881 4805 1006 4871 insulae
1037 4803 1149 4872 Cretae
1180 4808 1277 4870 sitam
1308 4803 1426 4884 (Strab.
1458 4827 1486 4890 p.
1514 4803 1604 4886 479),
1634 4807 1694 4872 hoc
1722 4808 1791 4877 loco

598 4910 785 4998 generalius
816 4910 975 4997 signifieat
1005 4907 1206 4987 Cretensem,
1238 4916 1271 4974 et
1302 4910 1383 4973 mihi
1406 4913 1440 4973 in
1463 4917 1606 4975 mentem
1629 4920 1793 4981 revocavit
