<?xml version="1.0" encoding="UTF-8"?>
<!DOCTYPE html PUBLIC "-//W3C//DTD XHTML 1.0 Transitional//EN"
    "http://www.w3.org/TR/xhtml1/DTD/xhtml1-transitional.dtd">
<html xmlns="http://www.w3.org/1999/xhtml" xml:lang="en" lang="en">
 <head>
  <title>
</title>
<meta http-equiv="Content-Type" content="text/html;charset=utf-8" />
  <meta name='ocr-system' content='tesseract 3.04.00' />
  <meta name='ocr-capabilities' content='ocr_page ocr_carea ocr_par ocr_line ocrx_word'/>
</head>
<body>
  <div class='ocr_page' id='page_1' title='image "./mnemosyne04verdgoog_0595.png"; bbox 0 0 5125 6150; ppageno 0'>
   <div class='ocr_carea' id='block_1_1' title="bbox 589 813 1348 906">
    <p class='ocr_par' dir='ltr' id='par_1_1' title="bbox 589 813 1348 906">
     <span class='ocr_line' id='line_1_1' title="bbox 589 813 1348 906; baseline -0.001 -28"><span class='ocrx_word' id='word_1_1' title='bbox 589 902 592 906; x_wconf 67' lang='lat'>‚</span> <span class='ocrx_word' id='word_1_2' title='bbox 689 813 752 878; x_wconf 85' lang='lat'>112</span> <span class='ocrx_word' id='word_1_3' title='bbox 1207 830 1348 878; x_wconf 77' lang='lat' dir='ltr'>raorrrs.</span> 
     </span>
    </p>
   </div>
   <div class='ocr_carea' id='block_1_2' title="bbox 682 997 1866 1298">
    <p class='ocr_par' dir='ltr' id='par_1_2' title="bbox 682 997 1866 1298">
     <span class='ocr_line' id='line_1_2' title="bbox 683 997 1865 1089; baseline 0.001 -27"><span class='ocrx_word' id='word_1_4' title='bbox 683 998 791 1064; x_wconf 91' lang='lat' dir='ltr'>locum</span> <span class='ocrx_word' id='word_1_5' title='bbox 821 1001 866 1064; x_wconf 93' lang='lat' dir='ltr'>sic</span> <span class='ocrx_word' id='word_1_6' title='bbox 897 1001 1087 1085; x_wconf 77' lang='lat' dir='ltr'>accipimus:</span> <span class='ocrx_word' id='word_1_7' title='bbox 1122 1019 1220 1083; x_wconf 89' lang='lat' dir='ltr'>„puer</span> <span class='ocrx_word' id='word_1_8' title='bbox 1251 1005 1390 1077; x_wconf 89' lang='lat' dir='ltr'>(secum,</span> <span class='ocrx_word' id='word_1_9' title='bbox 1422 1000 1552 1089; x_wconf 81' lang='lat' dir='ltr'>tacitus)</span> <span class='ocrx_word' id='word_1_10' title='bbox 1583 997 1684 1064; x_wconf 89' lang='lat' dir='ltr'>officia</span> <span class='ocrx_word' id='word_1_11' title='bbox 1711 1018 1865 1063; x_wconf 89' lang='lat' dir='ltr'>novercae</span> 
     </span>
     <span class='ocr_line' id='line_1_3' title="bbox 682 1104 1866 1192; baseline -0.003 -22"><span class='ocrx_word' id='word_1_12' title='bbox 682 1113 846 1191; x_wconf 77' lang='lat' dir='ltr'><strong>tamquam</strong></span> <span class='ocrx_word' id='word_1_13' title='bbox 870 1106 1008 1171; x_wconf 90' lang='lat' dir='ltr'>ludibria</span> <span class='ocrx_word' id='word_1_14' title='bbox 1030 1106 1330 1191; x_wconf 89' lang='lat' dir='ltr'>interpretabatur.&#39;&#39;</span> <span class='ocrx_word' id='word_1_15' title='bbox 1364 1104 1456 1170; x_wconf 91' lang='lat' dir='ltr'>Nunc</span> <span class='ocrx_word' id='word_1_16' title='bbox 1480 1108 1609 1192; x_wconf 91' lang='lat' dir='ltr'>egregie</span> <span class='ocrx_word' id='word_1_17' title='bbox 1633 1107 1795 1190; x_wconf 87' lang='lat' dir='ltr'>sequitur:</span> <span class='ocrx_word' id='word_1_18' title='bbox 1819 1105 1866 1168; x_wconf 80' lang='lat' dir='ltr'>ia-</span> 
     </span>
     <span class='ocr_line' id='line_1_4' title="bbox 685 1212 1865 1298; baseline -0.002 -21"><span class='ocrx_word' id='word_1_19' title='bbox 685 1214 823 1294; x_wconf 71' lang='lat' dir='ltr'>lellcqena</span> <span class='ocrx_word' id='word_1_20' title='bbox 837 1214 946 1298; x_wconf 81' lang='lat' dir='ltr'>solsi;</span> <span class='ocrx_word' id='word_1_21' title='bbox 969 1236 1061 1298; x_wconf 79' lang='lat' dir='ltr'>neque</span> <span class='ocrx_word' id='word_1_22' title='bbox 1084 1214 1160 1276; x_wconf 81' lang='lat' dir='ltr'>enim</span> <span class='ocrx_word' id='word_1_23' title='bbox 1182 1235 1296 1293; x_wconf 67' lang='lat' dir='ltr'>aeonem</span> <span class='ocrx_word' id='word_1_24' title='bbox 1319 1212 1347 1275; x_wconf 85' lang='lat' dir='ltr'>ci</span> <span class='ocrx_word' id='word_1_25' title='bbox 1364 1212 1468 1296; x_wconf 81' lang='lat' dir='ltr'>fuiaao</span> <span class='ocrx_word' id='word_1_26' title='bbox 1489 1212 1617 1275; x_wconf 79' lang='lat' dir='ltr'><em>indolem</em></span> <span class='ocrx_word' id='word_1_27' title='bbox 1627 1213 1742 1297; x_wconf 79' lang='lat' dir='ltr'>feraci</span> <span class='ocrx_word' id='word_1_28' title='bbox 1760 1234 1785 1274; x_wconf 80' lang='lat' dir='ltr'>a.</span> <span class='ocrx_word' id='word_1_29' title='bbox 1799 1233 1827 1296; x_wconf 86' lang='lat' dir='ltr'>q.</span> <span class='ocrx_word' id='word_1_30' title='bbox 1840 1234 1865 1275; x_wconf 84' lang='lat' dir='ltr'>a.</span> 
     </span>
    </p>
   </div>
   <div class='ocr_carea' id='block_1_3' title="bbox 684 1315 1866 1936">
    <p class='ocr_par' dir='ltr' id='par_1_3' title="bbox 684 1315 1866 1936">
     <span class='ocr_line' id='line_1_5' title="bbox 684 1315 1866 1404; baseline -0.001 -23"><span class='ocrx_word' id='word_1_31' title='bbox 684 1319 779 1384; x_wconf 83' lang='lat' dir='ltr'>Verbi</span> <span class='ocrx_word' id='word_1_32' title='bbox 800 1319 932 1383; x_wconf 79' lang='lat' dir='ltr'>carleoli</span> <span class='ocrx_word' id='word_1_33' title='bbox 952 1341 988 1384; x_wconf 92' lang='lat' dir='ltr'>eo</span> <span class='ocrx_word' id='word_1_34' title='bbox 1009 1341 1071 1404; x_wconf 91' lang='lat' dir='ltr'>quo</span> <span class='ocrx_word' id='word_1_35' title='bbox 1092 1340 1152 1404; x_wconf 91' lang='lat' dir='ltr'>ego</span> <span class='ocrx_word' id='word_1_36' title='bbox 1165 1317 1237 1383; x_wconf 90' lang='lat' dir='ltr'>vulo</span> <span class='ocrx_word' id='word_1_37' title='bbox 1254 1338 1349 1383; x_wconf 91' lang='lat' dir='ltr'>sensu</span> <span class='ocrx_word' id='word_1_38' title='bbox 1362 1321 1458 1403; x_wconf 90' lang='lat' dir='ltr'>positi</span> <span class='ocrx_word' id='word_1_39' title='bbox 1469 1317 1667 1403; x_wconf 90' lang='lat' dir='ltr'>praeclarum</span> <span class='ocrx_word' id='word_1_40' title='bbox 1680 1315 1866 1402; x_wconf 83' lang='lat' dir='ltr'>exemplum</span> 
     </span>
     <span class='ocr_line' id='line_1_6' title="bbox 685 1423 1865 1511; baseline -0.003 -21"><span class='ocrx_word' id='word_1_41' title='bbox 685 1426 835 1511; x_wconf 81' lang='lat' dir='ltr'><strong>praebent</strong></span> <span class='ocrx_word' id='word_1_42' title='bbox 870 1426 932 1490; x_wconf 93' lang='lat' dir='ltr'>duo</span> <span class='ocrx_word' id='word_1_43' title='bbox 967 1446 1078 1490; x_wconf 89' lang='lat' dir='ltr'>versus</span> <span class='ocrx_word' id='word_1_44' title='bbox 1112 1425 1327 1509; x_wconf 86' lang='lat' dir='ltr'>Propertiani,</span> <span class='ocrx_word' id='word_1_45' title='bbox 1360 1427 1415 1510; x_wconf 91' lang='lat' dir='ltr'>qui</span> <span class='ocrx_word' id='word_1_46' title='bbox 1447 1430 1551 1489; x_wconf 86' lang='lat' dir='ltr'>totum</span> <span class='ocrx_word' id='word_1_47' title='bbox 1581 1423 1690 1488; x_wconf 91' lang='lat' dir='ltr'>locum</span> <span class='ocrx_word' id='word_1_48' title='bbox 1720 1433 1865 1488; x_wconf 90' lang='lat' dir='ltr'>nostrum</span> 
     </span>
     <span class='ocr_line' id='line_1_7' title="bbox 686 1529 1400 1619; baseline -0.003 -23"><span class='ocrx_word' id='word_1_49' title='bbox 686 1535 814 1619; x_wconf 89' lang='lat' dir='ltr'>egregie</span> <span class='ocrx_word' id='word_1_50' title='bbox 835 1531 1000 1597; x_wconf 90' lang='lat' dir='ltr'>illustrant</span> <span class='ocrx_word' id='word_1_51' title='bbox 1023 1532 1124 1617; x_wconf 79' lang='lat' dir='ltr'>(Epic.</span> <span class='ocrx_word' id='word_1_52' title='bbox 1150 1530 1244 1597; x_wconf 86' lang='lat' dir='ltr'>Oorn.</span> <span class='ocrx_word' id='word_1_53' title='bbox 1269 1529 1312 1595; x_wconf 87' lang='grc'>89</span> <span class='ocrx_word' id='word_1_54' title='bbox 1325 1537 1400 1615; x_wconf 87' lang='lat' dir='ltr'>sq.):</span> 
     </span>
     <span class='ocr_line' id='line_1_8' title="bbox 820 1635 1779 1721; baseline -0.003 -18"><span class='ocrx_word' id='word_1_55' title='bbox 820 1638 885 1705; x_wconf 89' lang='lat' dir='ltr'>Nec</span> <span class='ocrx_word' id='word_1_56' title='bbox 909 1646 1045 1704; x_wconf 90' lang='lat' dir='ltr'>matrem</span> <span class='ocrx_word' id='word_1_57' title='bbox 1068 1639 1196 1703; x_wconf 88' lang='lat' dir='ltr'>landate</span> <span class='ocrx_word' id='word_1_58' title='bbox 1220 1640 1333 1714; x_wconf 89' lang='lat' dir='ltr'>nimis;</span> <span class='ocrx_word' id='word_1_59' title='bbox 1357 1635 1473 1702; x_wconf 89' lang='lat' dir='ltr'>collata</span> <span class='ocrx_word' id='word_1_60' title='bbox 1497 1639 1594 1721; x_wconf 84' lang='lat' dir='ltr'>priori</span> <span class='ocrx_word' id='word_1_61' title='bbox 1619 1641 1779 1717; x_wconf 87' lang='lat' dir='ltr'>(noverca)</span> 
     </span>
     <span class='ocr_line' id='line_1_9' title="bbox 866 1744 1533 1811; baseline -0.003 -1"><span class='ocrx_word' id='word_1_62' title='bbox 866 1745 977 1811; x_wconf 82' lang='lat' dir='ltr'>Vertat</span> <span class='ocrx_word' id='word_1_63' title='bbox 998 1749 1032 1810; x_wconf 89' lang='lat' dir='ltr'>in</span> <span class='ocrx_word' id='word_1_64' title='bbox 1056 1745 1186 1810; x_wconf 85' lang='lat' dir='ltr'>offensas</span> <span class='ocrx_word' id='word_1_65' title='bbox 1209 1744 1309 1809; x_wconf 87' lang='lat' dir='ltr'>libera</span> <span class='ocrx_word' id='word_1_66' title='bbox 1332 1745 1428 1809; x_wconf 88' lang='lat' dir='ltr'>verba</span> <span class='ocrx_word' id='word_1_67' title='bbox 1452 1765 1533 1808; x_wconf 89' lang='lat' dir='ltr'>suas.</span> 
     </span>
     <span class='ocr_line' id='line_1_10' title="bbox 688 1849 1643 1936; baseline -0.005 -18"><span class='ocrx_word' id='word_1_68' title='bbox 688 1852 797 1918; x_wconf 76' lang='lat' dir='ltr'>Altera</span> <span class='ocrx_word' id='word_1_69' title='bbox 819 1855 869 1916; x_wconf 91' lang='lat' dir='ltr'>vir</span> <span class='ocrx_word' id='word_1_70' title='bbox 893 1852 1003 1918; x_wconf 90' lang='lat' dir='ltr'>doctus</span> <span class='ocrx_word' id='word_1_71' title='bbox 1027 1853 1165 1917; x_wconf 90' lang='lat' dir='ltr'>tentavit</span> <span class='ocrx_word' id='word_1_72' title='bbox 1188 1851 1270 1936; x_wconf 90' lang='lat' dir='ltr'>quod</span> <span class='ocrx_word' id='word_1_73' title='bbox 1295 1850 1416 1936; x_wconf 88' lang='lat' dir='ltr'>legitur</span> <span class='ocrx_word' id='word_1_74' title='bbox 1438 1852 1475 1916; x_wconf 86' lang='lat' dir='ltr'>A.</span> <span class='ocrx_word' id='word_1_75' title='bbox 1501 1849 1558 1928; x_wconf 88' lang='lat' dir='ltr'>III,</span> <span class='ocrx_word' id='word_1_76' title='bbox 1582 1849 1643 1915; x_wconf 82' lang='lat'>49:</span> 
     </span>
    </p>
   </div>
   <div class='ocr_carea' id='block_1_4' title="bbox 689 1956 1879 4816">
    <p class='ocr_par' dir='ltr' id='par_1_4' title="bbox 689 1956 1872 2768">
     <span class='ocr_line' id='line_1_11' title="bbox 732 1956 1868 2043; baseline -0.003 -20"><span class='ocrx_word' id='word_1_77' title='bbox 732 1957 809 2023; x_wconf 83' lang='lat' dir='ltr'>Fine</span> <span class='ocrx_word' id='word_1_78' title='bbox 852 1961 926 2023; x_wconf 89' lang='lat' dir='ltr'>anni</span> <span class='ocrx_word' id='word_1_79' title='bbox 968 1957 1152 2025; x_wconf 80' lang='lat' dir='ltr'>Clutorium</span> <span class='ocrx_word' id='word_1_80' title='bbox 1187 1956 1351 2035; x_wconf 85' lang='lat' dir='ltr'>Priscum,</span> <span class='ocrx_word' id='word_1_81' title='bbox 1388 1959 1528 2043; x_wconf 80' lang='lat' dir='ltr'>equitem</span> <span class='ocrx_word' id='word_1_82' title='bbox 1563 1957 1761 2034; x_wconf 88' lang='lat' dir='ltr'>Romanum,</span> <span class='ocrx_word' id='word_1_83' title='bbox 1800 1963 1868 2042; x_wconf 89' lang='lat' dir='ltr'>post</span> 
     </span>
     <span class='ocr_line' id='line_1_12' title="bbox 689 2061 1869 2149; baseline -0.003 -19"><span class='ocrx_word' id='word_1_84' title='bbox 689 2064 809 2130; x_wconf 81' lang='lat' dir='ltr'>celebre</span> <span class='ocrx_word' id='word_1_85' title='bbox 840 2085 984 2141; x_wconf 84' lang='lat' dir='ltr'>carmen,</span> <span class='ocrx_word' id='word_1_86' title='bbox 1020 2084 1081 2149; x_wconf 93' lang='lat' dir='ltr'>quo</span> <span class='ocrx_word' id='word_1_87' title='bbox 1114 2061 1297 2129; x_wconf 78' lang='lat' dir='ltr'>Germanici</span> <span class='ocrx_word' id='word_1_88' title='bbox 1330 2085 1479 2148; x_wconf 89' lang='lat' dir='ltr'>suprema</span> <span class='ocrx_word' id='word_1_89' title='bbox 1514 2062 1698 2141; x_wconf 87' lang='lat' dir='ltr'>defleverat,</span> <span class='ocrx_word' id='word_1_90' title='bbox 1736 2066 1869 2148; x_wconf 88' lang='lat' dir='ltr'>pecunia</span> 
     </span>
     <span class='ocr_line' id='line_1_13' title="bbox 689 2169 1869 2257; baseline -0.002 -20"><span class='ocrx_word' id='word_1_91' title='bbox 689 2172 840 2237; x_wconf 89' lang='lat' dir='ltr'>donatum</span> <span class='ocrx_word' id='word_1_92' title='bbox 875 2192 893 2236; x_wconf 90' lang='lat' dir='ltr'>a</span> <span class='ocrx_word' id='word_1_93' title='bbox 927 2169 1073 2247; x_wconf 80' lang='lat' dir='ltr'>Caesare,</span> <span class='ocrx_word' id='word_1_94' title='bbox 1106 2173 1260 2256; x_wconf 89' lang='lat' dir='ltr'>corripuit</span> <span class='ocrx_word' id='word_1_95' title='bbox 1291 2169 1421 2248; x_wconf 89' lang='lat' dir='ltr'>delator,</span> <span class='ocrx_word' id='word_1_96' title='bbox 1455 2171 1615 2236; x_wconf 89' lang='lat' dir='ltr'>obiectans</span> <span class='ocrx_word' id='word_1_97' title='bbox 1645 2191 1741 2257; x_wconf 88' lang='lat' dir='ltr'>aegro</span> <span class='ocrx_word' id='word_1_98' title='bbox 1764 2169 1869 2235; x_wconf 89' lang='lat' dir='ltr'>Druso</span> 
     </span>
     <span class='ocr_line' id='line_1_14' title="bbox 690 2277 1871 2365; baseline -0.001 -22"><span class='ocrx_word' id='word_1_99' title='bbox 690 2281 922 2363; x_wconf 81' lang='lat' dir='ltr'>composuisse,</span> <span class='ocrx_word' id='word_1_100' title='bbox 953 2277 1055 2363; x_wconf 87' lang='lat' dir='ltr'>quod,</span> <span class='ocrx_word' id='word_1_101' title='bbox 1080 2281 1107 2342; x_wconf 90' lang='lat' dir='ltr'>si</span> <span class='ocrx_word' id='word_1_102' title='bbox 1131 2280 1307 2342; x_wconf 85' lang='lat' dir='ltr'>exstinctus</span> <span class='ocrx_word' id='word_1_103' title='bbox 1330 2278 1428 2354; x_wconf 84' lang='lat' dir='ltr'>foret,</span> <span class='ocrx_word' id='word_1_104' title='bbox 1453 2280 1573 2342; x_wconf 89' lang='lat' dir='ltr'>maiore</span> <span class='ocrx_word' id='word_1_105' title='bbox 1596 2280 1735 2362; x_wconf 89' lang='lat' dir='ltr'>praemio</span> <span class='ocrx_word' id='word_1_106' title='bbox 1758 2277 1871 2365; x_wconf 89' lang='lat' dir='ltr'>vulga-</span> 
     </span>
     <span class='ocr_line' id='line_1_15' title="bbox 689 2382 1871 2450; baseline 0 -1"><span class='ocrx_word' id='word_1_107' title='bbox 689 2391 787 2450; x_wconf 92' lang='lat' dir='ltr'>retur.</span> <span class='ocrx_word' id='word_1_108' title='bbox 821 2382 857 2449; x_wconf 92' lang='lat' dir='ltr'>Id</span> <span class='ocrx_word' id='word_1_109' title='bbox 894 2382 1057 2450; x_wconf 79' lang='lat' dir='ltr'>Clutorius</span> <span class='ocrx_word' id='word_1_110' title='bbox 1092 2386 1125 2448; x_wconf 90' lang='lat' dir='ltr'>in</span> <span class='ocrx_word' id='word_1_111' title='bbox 1159 2383 1253 2449; x_wconf 89' lang='lat' dir='ltr'>domo</span> <span class='ocrx_word' id='word_1_112' title='bbox 1283 2382 1321 2447; x_wconf 93' lang='lat' dir='ltr'>P.</span> <span class='ocrx_word' id='word_1_113' title='bbox 1346 2384 1489 2448; x_wconf 91' lang='lat' dir='ltr'>Petronii</span> <span class='ocrx_word' id='word_1_114' title='bbox 1521 2405 1612 2449; x_wconf 92' lang='lat' dir='ltr'>socru</span> <span class='ocrx_word' id='word_1_115' title='bbox 1643 2387 1711 2450; x_wconf 88' lang='lat' dir='ltr'>eius</span> <span class='ocrx_word' id='word_1_116' title='bbox 1741 2383 1871 2450; x_wconf 87' lang='lat' dir='ltr'>Vitellia</span> 
     </span>
     <span class='ocr_line' id='line_1_16' title="bbox 690 2489 1871 2578; baseline -0.001 -22"><span class='ocrx_word' id='word_1_117' title='bbox 690 2511 794 2556; x_wconf 90' lang='lat' dir='ltr'>coram</span> <span class='ocrx_word' id='word_1_118' title='bbox 817 2489 991 2575; x_wconf 90' lang='lat' dir='ltr'>multisque</span> <span class='ocrx_word' id='word_1_119' title='bbox 1013 2489 1194 2555; x_wconf 87' lang='lat' dir='ltr'>illustribus</span> <span class='ocrx_word' id='word_1_120' title='bbox 1215 2491 1344 2554; x_wconf 85' lang='lat' dir='ltr'>feminis</span> <span class='ocrx_word' id='word_1_121' title='bbox 1366 2511 1422 2574; x_wconf 91' lang='lat' dir='ltr'>per</span> <span class='ocrx_word' id='word_1_122' title='bbox 1444 2489 1714 2576; x_wconf 82' lang='lat' dir='ltr'>vaniloquentiam</span> <span class='ocrx_word' id='word_1_123' title='bbox 1737 2490 1871 2578; x_wconf 89' lang='lat' dir='ltr'>legerat.</span> 
     </span>
     <span class='ocr_line' id='line_1_17' title="bbox 691 2594 1872 2673; baseline 0 -12"><span class='ocrx_word' id='word_1_124' title='bbox 691 2595 735 2661; x_wconf 89' lang='lat' dir='ltr'>Ut</span> <span class='ocrx_word' id='word_1_125' title='bbox 754 2594 874 2661; x_wconf 91' lang='lat' dir='ltr'>delator</span> <span class='ocrx_word' id='word_1_126' title='bbox 898 2598 1038 2673; x_wconf 79' lang='lat' dir='ltr'>exstitit,</span> <span class='ocrx_word' id='word_1_127' title='bbox 1061 2599 1173 2661; x_wconf 89' lang='lat' dir='ltr'>ceteris</span> <span class='ocrx_word' id='word_1_128' title='bbox 1196 2595 1235 2660; x_wconf 89' lang='lat' dir='ltr'>ad</span> <span class='ocrx_word' id='word_1_129' title='bbox 1259 2595 1427 2660; x_wconf 92' lang='lat' dir='ltr'>dicendum</span> <span class='ocrx_word' id='word_1_130' title='bbox 1458 2599 1677 2661; x_wconf 88' lang='lat' dir='ltr'>testimonium</span> <span class='ocrx_word' id='word_1_131' title='bbox 1700 2599 1872 2673; x_wconf 79' lang='lat' dir='ltr'>exterritis,</span> 
     </span>
     <span class='ocr_line' id='line_1_18' title="bbox 690 2700 1487 2768; baseline -0.003 0"><span class='ocrx_word' id='word_1_132' title='bbox 690 2702 758 2768; x_wconf 90' lang='lat' dir='ltr'>sola</span> <span class='ocrx_word' id='word_1_133' title='bbox 781 2700 910 2767; x_wconf 83' lang='lat' dir='ltr'>Vitellia</span> <span class='ocrx_word' id='word_1_134' title='bbox 933 2700 1014 2766; x_wconf 92' lang='lat' dir='ltr'>nihil</span> <span class='ocrx_word' id='word_1_135' title='bbox 1039 2724 1071 2768; x_wconf 94' lang='lat' dir='ltr'>se</span> <span class='ocrx_word' id='word_1_136' title='bbox 1094 2701 1254 2767; x_wconf 91' lang='lat' dir='ltr'>audivisse</span> <span class='ocrx_word' id='word_1_137' title='bbox 1278 2702 1487 2767; x_wconf 78' lang='lat' dir='ltr'>adseveravit.</span> 
     </span>
    </p>

    <p class='ocr_par' dir='ltr' id='par_1_5' title="bbox 691 2808 1878 4281">
     <span class='ocr_line' id='line_1_19' title="bbox 735 2808 1873 2895; baseline 0.002 -22"><span class='ocrx_word' id='word_1_138' title='bbox 735 2809 797 2873; x_wconf 92' lang='lat' dir='ltr'>Pro</span> <span class='ocrx_word' id='word_1_139' title='bbox 822 2810 932 2893; x_wconf 68' lang='lat' dir='ltr'>leperal</span> <span class='ocrx_word' id='word_1_140' title='bbox 955 2809 1185 2874; x_wconf 88' lang='lat' dir='ltr'>Weisbrodtius</span> <span class='ocrx_word' id='word_1_141' title='bbox 1208 2811 1342 2874; x_wconf 89' lang='lat' dir='ltr'>coniecit</span> <span class='ocrx_word' id='word_1_142' title='bbox 1364 2808 1484 2886; x_wconf 72' lang='lat' dir='ltr'>iecerat,</span> <span class='ocrx_word' id='word_1_143' title='bbox 1509 2809 1591 2893; x_wconf 92' lang='lat' dir='ltr'>quod</span> <span class='ocrx_word' id='word_1_144' title='bbox 1610 2809 1753 2895; x_wconf 88' lang='lat' dir='ltr'>plerique</span> <span class='ocrx_word' id='word_1_145' title='bbox 1773 2809 1873 2875; x_wconf 88' lang='lat' dir='ltr'>edito·</span> 
     </span>
     <span class='ocr_line' id='line_1_20' title="bbox 691 2915 1872 3002; baseline 0 -21"><span class='ocrx_word' id='word_1_146' title='bbox 691 2938 739 2981; x_wconf 87' lang='lat' dir='ltr'>res</span> <span class='ocrx_word' id='word_1_147' title='bbox 762 2919 796 2980; x_wconf 94' lang='lat' dir='ltr'>in</span> <span class='ocrx_word' id='word_1_148' title='bbox 821 2924 945 2982; x_wconf 81' lang='lat' dir='ltr'>textum</span> <span class='ocrx_word' id='word_1_149' title='bbox 968 2920 1170 3002; x_wconf 88' lang='lat' dir='ltr'>receperunt,</span> <span class='ocrx_word' id='word_1_150' title='bbox 1194 2916 1268 2992; x_wconf 84' lang='lat' dir='ltr'>hac,</span> <span class='ocrx_word' id='word_1_151' title='bbox 1294 2915 1403 2993; x_wconf 90' lang='lat' dir='ltr'>credo,</span> <span class='ocrx_word' id='word_1_152' title='bbox 1429 2937 1462 2981; x_wconf 95' lang='lat' dir='ltr'>re</span> <span class='ocrx_word' id='word_1_153' title='bbox 1485 2918 1567 2980; x_wconf 90' lang='lat' dir='ltr'>moti</span> <span class='ocrx_word' id='word_1_154' title='bbox 1590 2915 1795 3001; x_wconf 91' lang='lat' dir='ltr'>quodetiam</span> <span class='ocrx_word' id='word_1_155' title='bbox 1819 2915 1872 2993; x_wconf 84' lang='lat' dir='ltr'>VI,</span> 
     </span>
     <span class='ocr_line' id='line_1_21' title="bbox 692 3020 1872 3110; baseline 0 -23"><span class='ocrx_word' id='word_1_156' title='bbox 692 3023 731 3088; x_wconf 87' lang='grc'>31</span> <span class='ocrx_word' id='word_1_157' title='bbox 765 3023 897 3088; x_wconf 83' lang='lat' dir='ltr'>laelandi</span> <span class='ocrx_word' id='word_1_158' title='bbox 926 3024 1059 3089; x_wconf 89' lang='lat' dir='ltr'>verbum</span> <span class='ocrx_word' id='word_1_159' title='bbox 1082 3044 1156 3089; x_wconf 91' lang='lat' dir='ltr'>cum</span> <span class='ocrx_word' id='word_1_160' title='bbox 1179 3020 1343 3088; x_wconf 88' lang='lat' dir='ltr'>vocabulis</span> <span class='ocrx_word' id='word_1_161' title='bbox 1358 3045 1417 3105; x_wconf 83' lang='lat' dir='ltr'>per</span> <span class='ocrx_word' id='word_1_162' title='bbox 1439 3022 1690 3107; x_wconf 75' lang='lat' dir='ltr'>vaniloquentiam</span> <span class='ocrx_word' id='word_1_163' title='bbox 1712 3024 1872 3110; x_wconf 88' lang='lat' dir='ltr'>iungitur,</span> 
     </span>
     <span class='ocr_line' id='line_1_22' title="bbox 692 3128 1875 3215; baseline 0.002 -22"><span class='ocrx_word' id='word_1_164' title='bbox 692 3132 782 3215; x_wconf 91' lang='lat' dir='ltr'>quasi</span> <span class='ocrx_word' id='word_1_165' title='bbox 807 3152 880 3195; x_wconf 89' lang='lat' dir='ltr'>vero</span> <span class='ocrx_word' id='word_1_166' title='bbox 901 3130 982 3194; x_wconf 90' lang='lat' dir='ltr'>nihil</span> <span class='ocrx_word' id='word_1_167' title='bbox 1006 3128 1093 3195; x_wconf 88' lang='lat' dir='ltr'>aliud</span> <span class='ocrx_word' id='word_1_168' title='bbox 1116 3151 1172 3215; x_wconf 91' lang='lat' dir='ltr'>per</span> <span class='ocrx_word' id='word_1_169' title='bbox 1195 3128 1467 3214; x_wconf 78' lang='lat' dir='ltr'>vaniloquentiam</span> <span class='ocrx_word' id='word_1_170' title='bbox 1491 3129 1591 3194; x_wconf 89' lang='lat' dir='ltr'>facere</span> <span class='ocrx_word' id='word_1_171' title='bbox 1615 3133 1785 3215; x_wconf 89' lang='lat' dir='ltr'>quisquam</span> <span class='ocrx_word' id='word_1_172' title='bbox 1805 3151 1875 3215; x_wconf 90' lang='lat' dir='ltr'>pos-</span> 
     </span>
     <span class='ocr_line' id='line_1_23' title="bbox 693 3235 1873 3321; baseline -0.001 -21"><span class='ocrx_word' id='word_1_173' title='bbox 693 3239 735 3300; x_wconf 89' lang='lat' dir='ltr'>sit</span> <span class='ocrx_word' id='word_1_174' title='bbox 770 3257 863 3321; x_wconf 92' lang='lat' dir='ltr'>quam</span> <span class='ocrx_word' id='word_1_175' title='bbox 899 3237 1004 3313; x_wconf 82' lang='lat' dir='ltr'>iacere,</span> <span class='ocrx_word' id='word_1_176' title='bbox 1036 3236 1168 3317; x_wconf 63' lang='lat' dir='ltr'>gloriari</span> <span class='ocrx_word' id='word_1_177' title='bbox 1202 3235 1332 3300; x_wconf 89' lang='lat' dir='ltr'>similia.</span> <span class='ocrx_word' id='word_1_178' title='bbox 1364 3237 1407 3299; x_wconf 87' lang='lat' dir='ltr'>At</span> <span class='ocrx_word' id='word_1_179' title='bbox 1437 3256 1497 3321; x_wconf 84' lang='lat' dir='ltr'>ego</span> <span class='ocrx_word' id='word_1_180' title='bbox 1528 3236 1640 3316; x_wconf 68' lang='lat' dir='ltr'>lecerat</span> <span class='ocrx_word' id='word_1_181' title='bbox 1669 3237 1873 3301; x_wconf 88' lang='lat' dir='ltr'>retinendum</span> 
     </span>
     <span class='ocr_line' id='line_1_24' title="bbox 692 3340 1874 3428; baseline -0.003 -19"><span class='ocrx_word' id='word_1_182' title='bbox 692 3365 810 3409; x_wconf 86' lang='lat' dir='ltr'>censeo.</span> <span class='ocrx_word' id='word_1_183' title='bbox 835 3343 882 3408; x_wconf 93' lang='lat' dir='ltr'>De</span> <span class='ocrx_word' id='word_1_184' title='bbox 905 3349 1008 3408; x_wconf 91' lang='lat' dir='ltr'>morte</span> <span class='ocrx_word' id='word_1_185' title='bbox 1031 3340 1214 3409; x_wconf 85' lang='lat' dir='ltr'>Germanici</span> <span class='ocrx_word' id='word_1_186' title='bbox 1237 3340 1400 3408; x_wconf 79' lang='lat' dir='ltr'>Clutorius</span> <span class='ocrx_word' id='word_1_187' title='bbox 1423 3363 1548 3407; x_wconf 89' lang='lat' dir='ltr'>carmen</span> <span class='ocrx_word' id='word_1_188' title='bbox 1568 3343 1683 3407; x_wconf 87' lang='lat' dir='ltr'>fecerat</span> <span class='ocrx_word' id='word_1_189' title='bbox 1702 3348 1734 3406; x_wconf 92' lang='lat' dir='ltr'>et</span> <span class='ocrx_word' id='word_1_190' title='bbox 1752 3342 1874 3428; x_wconf 83' lang='lat' dir='ltr'>grande</span> 
     </span>
     <span class='ocr_line' id='line_1_25' title="bbox 691 3447 1876 3535; baseline 0.001 -22"><span class='ocrx_word' id='word_1_191' title='bbox 691 3472 748 3535; x_wconf 90' lang='lat' dir='ltr'>pro</span> <span class='ocrx_word' id='word_1_192' title='bbox 778 3472 814 3515; x_wconf 95' lang='lat' dir='ltr'>eo</span> <span class='ocrx_word' id='word_1_193' title='bbox 845 3454 1004 3535; x_wconf 90' lang='lat' dir='ltr'>acceperat</span> <span class='ocrx_word' id='word_1_194' title='bbox 1034 3452 1214 3534; x_wconf 91' lang='lat' dir='ltr'>praemium</span> <span class='ocrx_word' id='word_1_195' title='bbox 1222 3470 1230 3526; x_wconf 93' lang='lat'>;</span> <span class='ocrx_word' id='word_1_196' title='bbox 1264 3448 1399 3512; x_wconf 85' lang='lat' dir='ltr'>vixdum</span> <span class='ocrx_word' id='word_1_197' title='bbox 1428 3448 1467 3512; x_wconf 92' lang='lat' dir='ltr'>de</span> <span class='ocrx_word' id='word_1_198' title='bbox 1498 3449 1607 3514; x_wconf 92' lang='lat' dir='ltr'>morbo</span> <span class='ocrx_word' id='word_1_199' title='bbox 1638 3447 1735 3513; x_wconf 90' lang='lat' dir='ltr'>Drusi</span> <span class='ocrx_word' id='word_1_200' title='bbox 1759 3452 1876 3514; x_wconf 83' lang='lat' dir='ltr'>certior</span> 
     </span>
     <span class='ocr_line' id='line_1_26' title="bbox 692 3553 1877 3641; baseline -0.002 -21"><span class='ocrx_word' id='word_1_201' title='bbox 692 3556 794 3620; x_wconf 81' lang='lat' dir='ltr'>iactus</span> <span class='ocrx_word' id='word_1_202' title='bbox 829 3563 876 3620; x_wconf 92' lang='lat' dir='ltr'>est</span> <span class='ocrx_word' id='word_1_203' title='bbox 911 3561 958 3632; x_wconf 89' lang='lat' dir='ltr'>et,</span> <span class='ocrx_word' id='word_1_204' title='bbox 994 3558 1123 3619; x_wconf 90' lang='lat' dir='ltr'>maioris</span> <span class='ocrx_word' id='word_1_205' title='bbox 1159 3554 1314 3619; x_wconf 87' lang='lat' dir='ltr'>mercedis</span> <span class='ocrx_word' id='word_1_206' title='bbox 1350 3575 1419 3640; x_wconf 90' lang='lat' dir='ltr'>spe,</span> <span class='ocrx_word' id='word_1_207' title='bbox 1451 3575 1484 3619; x_wconf 89' lang='lat' dir='ltr'>se</span> <span class='ocrx_word' id='word_1_208' title='bbox 1514 3553 1553 3619; x_wconf 90' lang='lat' dir='ltr'>ad</span> <span class='ocrx_word' id='word_1_209' title='bbox 1584 3576 1704 3619; x_wconf 91' lang='lat' dir='ltr'>novum</span> <span class='ocrx_word' id='word_1_210' title='bbox 1735 3557 1877 3641; x_wconf 80' lang='lat' dir='ltr'>accingit</span> 
     </span>
     <span class='ocr_line' id='line_1_27' title="bbox 691 3660 1878 3747; baseline -0.002 -20"><span class='ocrx_word' id='word_1_211' title='bbox 691 3684 814 3747; x_wconf 91' lang='lat' dir='ltr'>poema.</span> <span class='ocrx_word' id='word_1_212' title='bbox 845 3661 975 3747; x_wconf 88' lang='lat' dir='ltr'>Iamque</span> <span class='ocrx_word' id='word_1_213' title='bbox 1008 3668 1130 3746; x_wconf 90' lang='lat' dir='ltr'>partem</span> <span class='ocrx_word' id='word_1_214' title='bbox 1162 3663 1229 3725; x_wconf 90' lang='lat' dir='ltr'>eius</span> <span class='ocrx_word' id='word_1_215' title='bbox 1259 3663 1447 3726; x_wconf 85' lang='lat' dir='ltr'>recitaverat</span> <span class='ocrx_word' id='word_1_216' title='bbox 1478 3660 1685 3746; x_wconf 89' lang='lat' dir='ltr'>quibusdam,</span> <span class='ocrx_word' id='word_1_217' title='bbox 1718 3661 1770 3746; x_wconf 83' lang='lat' dir='ltr'>qai</span> <span class='ocrx_word' id='word_1_218' title='bbox 1801 3662 1878 3725; x_wconf 76' lang='grc'><strong>6136·</strong></span> 
     </span>
     <span class='ocr_line' id='line_1_28' title="bbox 694 3767 1875 3853; baseline -0.001 -19"><span class='ocrx_word' id='word_1_219' title='bbox 694 3771 773 3834; x_wconf 85' lang='lat' dir='ltr'>modi</span> <span class='ocrx_word' id='word_1_220' title='bbox 802 3769 1006 3834; x_wconf 77' lang='lat' dir='ltr'>recitationum</span> <span class='ocrx_word' id='word_1_221' title='bbox 1036 3769 1277 3853; x_wconf 79' lang='lat' dir='ltr'>oulllionnmque</span> <span class='ocrx_word' id='word_1_222' title='bbox 1308 3791 1398 3832; x_wconf 81' lang='lat' dir='ltr'>conso</span> <span class='ocrx_word' id='word_1_223' title='bbox 1428 3775 1630 3833; x_wconf 79' lang='lat' dir='ltr'>convenerant.</span> <span class='ocrx_word' id='word_1_224' title='bbox 1662 3767 1745 3832; x_wconf 90' lang='lat' dir='ltr'>Nam</span> <span class='ocrx_word' id='word_1_225' title='bbox 1776 3767 1875 3833; x_wconf 89' lang='lat' dir='ltr'>talem</span> 
     </span>
     <span class='ocr_line' id='line_1_29' title="bbox 694 3874 1877 3943; baseline -0.005 1"><span class='ocrx_word' id='word_1_226' title='bbox 694 3884 886 3943; x_wconf 91' lang='lat' dir='ltr'>conventum</span> <span class='ocrx_word' id='word_1_227' title='bbox 917 3876 1001 3941; x_wconf 90' lang='lat' dir='ltr'>haud</span> <span class='ocrx_word' id='word_1_228' title='bbox 1026 3875 1121 3941; x_wconf 90' lang='lat' dir='ltr'>dubie</span> <span class='ocrx_word' id='word_1_229' title='bbox 1145 3877 1251 3940; x_wconf 90' lang='lat' dir='ltr'>verbis</span> <span class='ocrx_word' id='word_1_230' title='bbox 1273 3876 1306 3939; x_wconf 82' lang='lat' dir='ltr'>in</span> <span class='ocrx_word' id='word_1_231' title='bbox 1330 3878 1411 3939; x_wconf 86' lang='lat' dir='ltr'>domo</span> <span class='ocrx_word' id='word_1_232' title='bbox 1435 3876 1469 3939; x_wconf 90' lang='lat' dir='ltr'>P.</span> <span class='ocrx_word' id='word_1_233' title='bbox 1496 3875 1632 3938; x_wconf 80' lang='lat' dir='ltr'>Petronii</span> <span class='ocrx_word' id='word_1_234' title='bbox 1655 3897 1751 3938; x_wconf 80' lang='lat' dir='ltr'>coram</span> <span class='ocrx_word' id='word_1_235' title='bbox 1772 3874 1877 3938; x_wconf 79' lang='lat' dir='ltr'>mullis</span> 
     </span>
     <span class='ocr_line' id='line_1_30' title="bbox 692 3981 1877 4068; baseline -0.002 -20"><span class='ocrx_word' id='word_1_236' title='bbox 692 3983 861 4048; x_wconf 65' lang='lat' dir='ltr'>illationibus</span> <span class='ocrx_word' id='word_1_237' title='bbox 876 3983 1008 4067; x_wconf 79' lang='lat' dir='ltr'>feminis</span> <span class='ocrx_word' id='word_1_238' title='bbox 1030 3982 1179 4047; x_wconf 86' lang='lat' dir='ltr'>describit</span> <span class='ocrx_word' id='word_1_239' title='bbox 1201 3982 1331 4047; x_wconf 79' lang='lat' dir='ltr'>Tacitus</span> <span class='ocrx_word' id='word_1_240' title='bbox 1354 3988 1386 4047; x_wconf 93' lang='lat' dir='ltr'>et</span> <span class='ocrx_word' id='word_1_241' title='bbox 1410 3988 1535 4046; x_wconf 91' lang='lat' dir='ltr'>tanturn</span> <span class='ocrx_word' id='word_1_242' title='bbox 1558 4004 1621 4047; x_wconf 93' lang='lat' dir='ltr'>non</span> <span class='ocrx_word' id='word_1_243' title='bbox 1646 3981 1800 4068; x_wconf 80' lang='lat' dir='ltr'>depingit.</span> <span class='ocrx_word' id='word_1_244' title='bbox 1826 3984 1877 4046; x_wconf 86' lang='lat' dir='ltr'>An</span> 
     </span>
     <span class='ocr_line' id='line_1_31' title="bbox 694 4088 1878 4178; baseline -0.003 -23"><span class='ocrx_word' id='word_1_245' title='bbox 694 4098 788 4178; x_wconf 88' lang='lat' dir='ltr'>putas</span> <span class='ocrx_word' id='word_1_246' title='bbox 811 4088 975 4154; x_wconf 89' lang='lat' dir='ltr'>Vitelliam</span> <span class='ocrx_word' id='word_1_247' title='bbox 998 4110 1114 4175; x_wconf 90' lang='lat' dir='ltr'>negare</span> <span class='ocrx_word' id='word_1_248' title='bbox 1137 4111 1197 4154; x_wconf 90' lang='lat' dir='ltr'>non</span> <span class='ocrx_word' id='word_1_249' title='bbox 1218 4092 1358 4174; x_wconf 91' lang='lat' dir='ltr'>potuisse</span> <span class='ocrx_word' id='word_1_250' title='bbox 1378 4088 1529 4153; x_wconf 80' lang='lat' dir='ltr'>codiciaco</span> <span class='ocrx_word' id='word_1_251' title='bbox 1547 4112 1578 4152; x_wconf 81' lang='lat' dir='ltr'>aa</span> <span class='ocrx_word' id='word_1_252' title='bbox 1596 4091 1674 4174; x_wconf 83' lang='lat' dir='ltr'>qaod</span> <span class='ocrx_word' id='word_1_253' title='bbox 1692 4111 1788 4152; x_wconf 83' lang='lat' dir='ltr'>coram</span> <span class='ocrx_word' id='word_1_254' title='bbox 1808 4089 1878 4171; x_wconf 61' lang='lat' dir='ltr'>abac</span> 
     </span>
     <span class='ocr_line' id='line_1_32' title="bbox 695 4193 1557 4281; baseline -0.006 -18"><span class='ocrx_word' id='word_1_255' title='bbox 695 4199 797 4263; x_wconf 89' lang='lat' dir='ltr'>fuerat</span> <span class='ocrx_word' id='word_1_256' title='bbox 821 4193 1012 4261; x_wconf 78' lang='lat' dir='ltr'>recitatum?</span> <span class='ocrx_word' id='word_1_257' title='bbox 1033 4195 1156 4279; x_wconf 89' lang='lat' dir='ltr'>Inspice</span> <span class='ocrx_word' id='word_1_258' title='bbox 1180 4216 1255 4281; x_wconf 92' lang='lat' dir='ltr'>ergo</span> <span class='ocrx_word' id='word_1_259' title='bbox 1278 4196 1361 4258; x_wconf 87' lang='lat' dir='ltr'>Ann.</span> <span class='ocrx_word' id='word_1_260' title='bbox 1386 4194 1470 4273; x_wconf 87' lang='lat' dir='ltr'>XIV,</span> <span class='ocrx_word' id='word_1_261' title='bbox 1496 4193 1557 4259; x_wconf 84' lang='lat'>48:</span> 
     </span>
    </p>

    <p class='ocr_par' dir='ltr' id='par_1_6' title="bbox 695 4301 1879 4687">
     <span class='ocr_line' id='line_1_33' title="bbox 740 4301 1879 4387; baseline -0.001 -19"><span class='ocrx_word' id='word_1_262' title='bbox 740 4306 900 4368; x_wconf 86' lang='lat' dir='ltr'>Antistius</span> <span class='ocrx_word' id='word_1_263' title='bbox 933 4351 962 4367; x_wconf 95' lang='lat'>..</span> <span class='ocrx_word' id='word_1_264' title='bbox 995 4303 1128 4387; x_wconf 88' lang='lat' dir='ltr'>probosa</span> <span class='ocrx_word' id='word_1_265' title='bbox 1159 4301 1310 4366; x_wconf 88' lang='lat' dir='ltr'>adversus</span> <span class='ocrx_word' id='word_1_266' title='bbox 1341 4303 1516 4386; x_wconf 87' lang='lat' dir='ltr'>principem</span> <span class='ocrx_word' id='word_1_267' title='bbox 1547 4303 1686 4366; x_wconf 88' lang='lat' dir='ltr'>carmina</span> <span class='ocrx_word' id='word_1_268' title='bbox 1716 4302 1879 4367; x_wconf 86' lang='lat' dir='ltr'>factitavit</span> 
     </span>
     <span class='ocr_line' id='line_1_34' title="bbox 695 4407 1878 4494; baseline -0.003 -21"><span class='ocrx_word' id='word_1_269' title='bbox 695 4410 885 4494; x_wconf 75' lang='lat' dir='ltr'>mclqooilqua</span> <span class='ocrx_word' id='word_1_270' title='bbox 914 4409 1019 4472; x_wconf 79' lang='lat' dir='ltr'>calabri</span> <span class='ocrx_word' id='word_1_271' title='bbox 1049 4407 1199 4483; x_wconf 82' lang='lat' dir='ltr'>convicio,</span> <span class='ocrx_word' id='word_1_272' title='bbox 1223 4409 1292 4470; x_wconf 77' lang='lat' dir='ltr'>dcem</span> <span class='ocrx_word' id='word_1_273' title='bbox 1315 4408 1399 4488; x_wconf 81' lang='lat' dir='ltr'>opud</span> <span class='ocrx_word' id='word_1_274' title='bbox 1424 4407 1569 4470; x_wconf 80' lang='lat' dir='ltr'>Ocioriam</span> <span class='ocrx_word' id='word_1_275' title='bbox 1593 4408 1878 4490; x_wconf 56' lang='grc' dir='ltr'><strong>8161316116ραί-</strong></span> 
     </span>
     <span class='ocr_line' id='line_1_35' title="bbox 695 4512 1878 4599; baseline 0.002 -19"><span class='ocrx_word' id='word_1_276' title='bbox 695 4524 744 4580; x_wconf 85' lang='lat' dir='ltr'>lar</span> <span class='ocrx_word' id='word_1_277' title='bbox 769 4565 888 4581; x_wconf 90' lang='lat'>......</span> <span class='ocrx_word' id='word_1_278' title='bbox 931 4514 973 4579; x_wconf 80' lang='lat' dir='ltr'>Et</span> <span class='ocrx_word' id='word_1_279' title='bbox 1010 4536 1085 4579; x_wconf 90' lang='lat' dir='ltr'>cum</span> <span class='ocrx_word' id='word_1_280' title='bbox 1120 4512 1265 4578; x_wconf 86' lang='lat' dir='ltr'>Ostorius</span> <span class='ocrx_word' id='word_1_281' title='bbox 1300 4512 1381 4576; x_wconf 81' lang='lat' dir='ltr'>nilil</span> <span class='ocrx_word' id='word_1_282' title='bbox 1414 4513 1565 4577; x_wconf 74' lang='lat' dir='ltr'>cadiniaco</span> <span class='ocrx_word' id='word_1_283' title='bbox 1599 4535 1656 4599; x_wconf 91' lang='lat' dir='ltr'>pro</span> <span class='ocrx_word' id='word_1_284' title='bbox 1691 4516 1878 4582; x_wconf 88' lang='lat' dir='ltr'>testimonio</span> 
     </span>
     <span class='ocr_line' id='line_1_36' title="bbox 695 4621 921 4687; baseline 0 -1"><span class='ocrx_word' id='word_1_285' title='bbox 695 4621 826 4686; x_wconf 84' lang='lat' dir='ltr'>dixisset</span> <span class='ocrx_word' id='word_1_286' title='bbox 850 4672 857 4687; x_wconf 87' lang='lat'>.</span> <span class='ocrx_word' id='word_1_287' title='bbox 873 4670 921 4686; x_wconf 87' lang='lat'>...</span> 
     </span>
    </p>

    <p class='ocr_par' dir='ltr' id='par_1_7' title="bbox 741 4723 1456 4816">
     <span class='ocr_line' id='line_1_37' title="bbox 741 4723 1456 4816; baseline -0.006 -22"><span class='ocrx_word' id='word_1_288' title='bbox 741 4734 773 4794; x_wconf 94' lang='lat' dir='ltr'>et</span> <span class='ocrx_word' id='word_1_289' title='bbox 796 4736 963 4816; x_wconf 81' lang='lat' dir='ltr'>exemptus</span> <span class='ocrx_word' id='word_1_290' title='bbox 986 4728 1044 4793; x_wconf 92' lang='lat' dir='ltr'>tibi</span> <span class='ocrx_word' id='word_1_291' title='bbox 1066 4728 1169 4792; x_wconf 91' lang='lat' dir='ltr'>omnis</span> <span class='ocrx_word' id='word_1_292' title='bbox 1193 4728 1255 4791; x_wconf 90' lang='lat' dir='ltr'>erit</span> <span class='ocrx_word' id='word_1_293' title='bbox 1278 4723 1456 4811; x_wconf 90' lang='lat' dir='ltr'>scrupulus.</span> 
     </span>
    </p>
   </div>
   <div class='ocr_carea' id='block_1_5' title="bbox 1185 4977 1378 4987">
    <p class='ocr_par' dir='ltr' id='par_1_8' title="bbox 1185 4977 1378 4987">
     <span class='ocr_line' id='line_1_38' title="bbox 1185 4977 1378 4987; baseline 0.01 -3"><span class='ocrx_word' id='word_1_294' title='bbox 1185 4977 1378 4987; x_wconf 78' lang='lat'>--———.-.</span> 
     </span>
    </p>
   </div>
   <div class='ocr_carea' id='block_1_6' title="bbox 0 0 2589 6148">
    <p class='ocr_par' dir='ltr' id='par_1_9' title="bbox 0 0 2589 6148">
     <span class='ocr_line' id='line_1_39' title="bbox 0 0 2589 6148; baseline 0 0"><span class='ocrx_word' id='word_1_295' title='bbox 0 0 2589 6148; x_wconf 95' lang='lat' dir='ltr'> </span> 
     </span>
    </p>
   </div>
  </div>
 </body>
</html>
