5125 6150
985 833 1192 880 uvnuournun
1216 832 1282 879 suc.
1308 832 1455 880 nnnoun.
1754 814 1815 878 155

620 993 818 1069 Φοβοάμενσς
841 995 1005 1058 atdriusai
1028 994 1228 1075 ίργννζάμενοσ
1252 994 1441 1066 δικαιοσύνην
1463 997 1594 1066 δεκτὸς
1615 998 1698 1076 αὐτῷ
1719 1000 1815 1073 ε’στον;

622 1106 734 1165 monet
765 1103 981 1186 inscriptura
1006 1100 1124 1164 unciali
1149 1109 1332 1164 ACTetoc
1357 1110 1389 1165 et
1413 1109 1598 1166 AetcTOC
1622 1122 1736 1186 parum
1760 1101 1819 1165 dif-

622 1206 705 1269 ferre
737 1205 952 1290 facillimeque
982 1206 1134 1270 confundi
1165 1227 1255 1290 posse
1288 1206 1383 1290 idque
1415 1207 1583 1271 manifesto
1607 1207 1728 1270 factum
1752 1227 1819 1271 esse

623 1311 764 1376 ostendit
795 1312 879 1396 apud
913 1312 1140 1397 Alciphronem
1172 1312 1242 1391 (III,
1270 1311 1336 1391 70),
1370 1313 1425 1376 ubi
1449 1316 1624 1398 genuinam
1646 1312 1817 1378 lectionem

623 1420 691 1481 sine
723 1421 940 1482 controversia
972 1438 1057 1483 esse:
1092 1417 1186 1480 οὐκέθ’
1214 1418 1324 1493 δμοίως
1348 1420 1513 1489 άσσείσο
1536 1418 1637 1496 (codd.
1663 1418 1819 1497 δεκτός)

623 1523 689 1586 οὐδὲ
732 1525 851 1602 χορίενς
889 1523 1017 1587 ἕδάκονν.
1063 1522 1172 1587 Primo
1207 1524 1324 1587 obtutu
1359 1527 1576 1588 coniecturam
1612 1522 1818 1590 Cobetianam

624 1649 737 1693 omnes
768 1631 914 1693 veritatis
944 1650 1095 1692 numeros
1127 1629 1241 1693 habere
1271 1629 1405 1693 dixeris:
1430 1628 1641 1694 nihilominus
1665 1632 1720 1712 qni
1744 1650 1819 1693 cum

625 1732 748 1796 Blassio
780 1736 826 1809 (in
857 1733 941 1797 calce
973 1734 1122 1797 editionis
1154 1736 1223 1797 eins
1254 1755 1285 1817 p.
1311 1733 1367 1813 99)
1391 1742 1554 1820 comparat
1577 1735 1636 1819 llp.
1663 1734 1701 1798 ad
1726 1735 1817 1798 Iledr.

625 1837 672 1901 XI
687 1857 694 1900 :
709 1837 753 1901 23
777 1840 892 1911 (πίστει
920 1842 1055 1910 Mutata
1080 1839 1233 1915 γεννηθεὶς
1257 1838 1370 1915 ἐκρύβη
1395 1841 1534 1914 τρίμηνον
1560 1839 1618 1903 ὑπὸ
1642 1846 1700 1902 τῶν
1725 1841 1819 1903 σοιτί-

623 1966 679 2022 ρων
711 1944 824 2018 αὑτοῦ,
862 1944 936 2007 δίδον
968 1940 1244 2008 εἶδονάστείσν
1277 1947 1310 2025 (i.
1331 1966 1357 2008 e.
1392 1945 1497 2021 κοιλάν,
1520 1946 1704 2029 formosa-m)
1729 1946 1819 2024 urb),

623 2049 710 2133 quod
735 2052 874 2133 petitum
898 2072 964 2114 esse
989 2057 1120 2135 apparet
1143 2072 1182 2114 ex
1205 2051 1307 2114 Exodi
1326 2050 1357 2114 ll
1372 2053 1413 2114 :2
1435 2051 1499 2129 (κοί
1521 2051 1550 2112 ἐν
1571 2052 1686 2131 γαστρί
1708 2051 1818 2127 ἔλαβε,

624 2154 677 2217 κοί
703 2152 805 2217 ἔτεκεν
825 2153 933 2234 άρσεν·
954 2156 1064 2225 ίδάνσεο
1087 2156 1117 2219 δὲ
1138 2155 1214 2219 adri
1235 2157 1403 2220 άσσεῖσν
1424 2158 1619 2241 (forntocum)
1641 2159 1819 2220 ἐσκέπασαν

622 2259 698 2321 adri
734 2268 834 2334 μηνοο
871 2267 976 2338 τρεῖς),
1013 2260 1175 2344 simulque
1210 2264 1332 2346 cogitat
1363 2260 1511 2325 dativum
1549 2283 1622 2325 cum
1660 2261 1818 2326 adiectivo

625 2365 747 2434 άσσείος
779 2367 986 2429 coniunctum
1019 2366 1184 2431 commode
1209 2388 1264 2450 por
1289 2366 1507 2430 hebraismum
1531 2367 1682 2451 explicari
1707 2387 1818 2451 posse,

626 2468 899 2552 quemadmodum
924 2492 951 2534 e.
971 2492 1004 2556 g.
1030 2472 1113 2555 apud
1133 2470 1241 2534 lonam
1262 2471 1450 2555 prophetam
1471 2471 1549 2548 (Ill:
1565 2471 1599 2551 3)
1617 2475 1709 2537 iuxta
1728 2472 1819 2535 LXX

625 2573 818 2658 Interpretes
842 2577 1044 2640 invenimus:
1070 2580 1085 2649 ἡ
1111 2576 1141 2640 δὲ
1168 2579 1278 2647 Νννενη
1301 2571 1333 2648 ἦν
1355 2577 1442 2647 πόλις
1467 2579 1635 2653 μεγάλη
1661 2580 1709 2657 τῷ
1734 2578 1817 2656 θεῷ,

625 2680 804 2743 rationibus
836 2680 1001 2745 subductis
1032 2684 1132 2746 satius
1162 2702 1228 2745 esse
1252 2682 1451 2745 existimabit
1475 2681 1624 2746 traditam
1648 2682 1818 2747 lectionem

626 2788 783 2849 intactam
808 2784 986 2870 relinquere
1003 2786 1035 2863 ¹).

673 2889 771 2953 Aliud
794 2891 980 2975 exemplum
1004 2892 1086 2955 mihi
1109 2893 1271 2976 praebebit
1296 2891 1455 2968 Naberus‚
1480 2894 1540 2967 vir,
1565 2897 1602 2955 nt
1625 2891 1817 2978 philologus,

624 2997 657 3058 in
691 2993 784 3059 Novo
815 2994 953 3060 Foedere
986 2997 1181 3061 emendando
1214 2999 1340 3081 saepius
1372 3003 1403 3061 et
1434 2999 1564 3082 egregie
1594 3004 1740 3060 versatus
1765 2997 1817 3073 (cf.

627 3101 771 3164 Mnemon
799 3101 886 3166 1878
906 3124 936 3186 p.
955 3100 1043 3181 370).
1064 3102 1122 3187 Ep.
1143 3103 1181 3166 ad
1201 3104 1294 3165 Hebr.
1316 3102 1363 3166 IX
1377 3100 1417 3166 :7
1439 3102 1477 3166 de
1501 3101 1649 3186 pontifice
1673 3106 1815 3167 maximo

626 3206 726 3271 semel
757 3211 884 3271 tantum
918 3211 1086 3291 quotannis
1116 3214 1260 3272 sanctum
1287 3213 1469 3271 sanctornm
1492 3210 1632 3271 intrante
1656 3206 1744 3271 codd.
1769 3228 1820 3271 eu·

627 3311 755 3375 hibent:
780 3313 813 3375 οὐ
837 3313 930 3392 χωρὶς
954 3312 1089 3387 μίμοισσς
1112 3312 1193 3391 (scil.
1218 3313 1407 3392 strinxerat)
1431 3308 1445 3376 i
1471 3313 1631 3390 προσφέρει
1656 3314 1727 3390 ὑπὲρ
1753 3313 1820 3377 ἐοιν-

625 3420 680 3478 τοῦ
701 3415 753 3478 κοί
774 3418 832 3479 τῶν
853 3422 906 3480 τοῦ
927 3423 1003 3481 naci
1023 3419 1306 3495 ἀγνοημάτων.
1327 3416 1411 3496 Quid
1432 3420 1552 3481 mirum
1572 3420 1599 3480 si
1615 3417 1819 3483 doctissimus

626 3522 762 3605 quisque
782 3520 966 3608 philologus
987 3530 1168 3607 suspectam
1180 3523 1276 3586 habet
1290 3544 1400 3587 vocem
1421 3524 1473 3597 άγ
1484 3523 1522 3584 νί
1529 3547 1544 3593 η
1556 3545 1610 3597 μοι
1624 3556 1664 3582 z
1677 3531 1817 3601 erratum,

625 3623 797 3707 peccatum?
822 3624 905 3692 Cum
929 3629 1013 3712 apud
1037 3627 1166 3692 nullum
1190 3628 1292 3692 alium
1313 3630 1517 3711 scriptorem,
1541 3634 1579 3690 ut
1602 3628 1739 3706 videtur,
1761 3636 1819 3692 τῶν

627 3731 836 3809 ἀγνοημάτων
868 3732 923 3797 fist
954 3738 1091 3811 mentio,
1123 3734 1228 3799 Naber
1258 3732 1330 3797 coll.
1356 3736 1421 3797 Act.
1446 3735 1549 3814 Λροσί.
1574 3732 1712 3798 xv:20
1737 3755 1820 3799 com·

629 3836 777 3900 mandat:
812 3838 883 3915 ὑπὲρ
916 3840 1026 3903 ἑαυτοῦ
1058 3844 1109 3903 νομί
1134 3845 1191 3902 τῶν
1216 3842 1269 3902 τοῦ
1295 3841 1371 3901 λοοοῦ
1396 3838 1700 3915 άλνσγημάτων
1724 3846 1819 3923 atque

626 3944 697 4025 ipso
721 3940 800 4005 olim
825 3945 1041 4027 cogitaveram
1066 3944 1104 4008 de
1129 3942 1403 4018 άνομημάτων
1423 3964 1486 4027 qno
1506 3943 1660 4008 vocabulo
1677 3944 1821 4028 frequen·

626 4055 677 4108 ter
709 4052 846 4110 utuntur
875 4050 1045 4131 scriptores
1065 4046 1280 4122 -christiani⁸)
1313 4046 1469 4131 hodieque
1500 4054 1638 4112 utuntur
1661 4049 1686 4111 οί
1710 4049 1819 4119 ratlac

627 4156 687 4212 τῶν
710 4153 874 4228 Ἑλλήνων,
904 4161 941 4217 ut
972 4155 1065 4217 testis
1096 4155 1219 4217 auritus
1250 4151 1406 4215 affirmare
1430 4173 1571 4236 possum.
1604 4150 1689 4218 Cave
1712 4161 1820 4217 tamen

628 4254 805 4338 quidquam
826 4267 942 4320 mutes.
963 4256 1057 4322 Forte
1077 4257 1206 4320 fortuna
1224 4277 1324 4340 nuper
1345 4255 1430 4341 apud
1450 4255 1652 4341 Hesychium
1672 4257 1769 4320 incidi
1786 4259 1820 4320 in

627 4358 769 4444 glossam
797 4360 1007 4438 άμοορσοίν·
1029 4365 1214 4425 άκολονίῶν·
1236 4363 1459 4438 άγνονίσοοο.
1484 4360 1687 4447 Hesychium
1710 4367 1819 4424 autom

627 4470 665 4527 ut
696 4464 845 4543 fluidam,
879 4467 990 4555 Etym.
1015 4467 1062 4532 Μ.
1087 4467 1166 4532 alios
1188 4489 1219 4530 r.
1244 4466 1435 4544 άμοιρτάνενν
1457 4468 1606 4551 imperite
1630 4466 1820 4531 confundere

665 4750 745 4809 1)ct.
764 4752 845 4801 Nnber
863 4754 954 4803 Mrem.
976 4755 1039 4802 loco
1057 4770 1080 4818 p.
1098 4755 1138 4802 89.

661 4833 688 4896 2)
708 4834 737 4882 lu
754 4835 840 4898 vulgus
856 4840 928 4885 notus
946 4840 981 4884 cst
999 4836 1169 4885 monachornm
1189 4834 1270 4883 lusus:

947 4915 1016 4974 νίψον
1033 4914 1184 4975 άνάμημσι
1202 4913 1236 4974 μη
1254 4915 1336 4973 μόνων
1352 4913 1416 4973 'idua
