5125 6150
1098 773 1265 820 cusmnon.
1728 756 1771 822 99

581 958 651 1002 esse
688 935 793 1002 voluit
825 934 920 1001 illum
952 934 1145 1023 Dionysium
1176 938 1349 1008 maiorem.
1383 941 1439 1022 qui
1471 943 1579 1023 postea
1607 937 1773 1025 Syracusis

582 1065 695 1109 rerum
726 1045 851 1128 posilus
881 1048 940 1107 est.
972 1041 1060 1108 Fecit
1089 1044 1192 1129 igitur
1223 1043 1441 1108 Hermocratis
1473 1050 1604 1125 nepotem
1627 1047 1699 1129 qui,
1723 1047 1773 1109 uti

582 1160 701 1215 notum
725 1155 788 1226 est,
809 1148 1028 1214 Hermocratis
1051 1152 1104 1212 τοῦ
1127 1151 1209 1213 πάνυ
1230 1172 1322 1230 gener
1343 1149 1421 1220 fuit.
1442 1149 1480 1213 cf.
1501 1149 1593 1213 Diod.
1613 1149 1675 1214 Sic.
1695 1149 1774 1213 XIII

586 1256 640 1333 96,
669 1255 762 1339 filies
792 1253 924 1320 alterius
956 1253 1123 1319 cuiusdam
1153 1255 1388 1332 Hermocratis‚
1421 1255 1534 1320 itidem
1565 1255 1772 1341 Syracusani,

586 1366 642 1448 qui
673 1360 826 1447 ignobilis
857 1360 954 1426 fuisse
985 1360 1096 1426 fertur.
1129 1362 1234 1446 Atque
1264 1362 1325 1426 hoc
1356 1360 1482 1446 quidem
1513 1359 1694 1438 Charitoni,
1719 1363 1773 1446 qui

588 1473 656 1532 tam
689 1466 795 1531 multa
823 1465 1047 1551 improbabilia
1077 1465 1187 1552 fingit,
1212 1466 1330 1553 fingere
1352 1466 1462 1544 licuit,
1491 1470 1620 1530 namin
1641 1465 1774 1532 Hermo

589 1575 685 1639 cratis
703 1573 837 1638 historia
856 1571 959 1637 multa
979 1573 1109 1638 obscura
1127 1579 1203 1638 sunt
1222 1581 1254 1638 66
1273 1571 1440 1658 perplexa,
1461 1573 1544 1658 quod
1562 1573 1640 1638 bene
1651 1575 1775 1637 notavit

590 1677 752 1766 Georgius
772 1675 890 1743 Grotue
909 1679 942 1742 in
961 1676 1103 1741 Historia
1123 1679 1238 1742 Graeca
1259 1677 1330 1744 Vol.
1350 1677 1382 1741 X
1400 1701 1431 1764 p.
1453 1678 1519 1743 420
1538 1678 1623 1743 Edit.
1642 1677 1772 1744 Amer.’'

631 1898 820 1983 Sequuntur
841 1898 936 1961 unius
959 1894 1164 1981 eiusdemque
1189 1893 1315 1963 Codicis
1339 1897 1400 1963 duo
1424 1896 1517 1975 folia,
1543 1898 1657 1983 quibus
1679 1901 1775 1984 parti·

591 2004 664 2070 cula
695 2006 814 2089 exigua
843 2002 999 2088 quaedam
1027 2005 1210 2067 continetur
1232 2002 1359 2068 fabulae
1382 2003 1420 2068 de
1444 2002 1580 2069 Chiones
1604 2005 1772 2070 amoribus.

590 2112 787 2199 Fragments
816 2115 892 2173 sunt
921 2107 1025 2174 lacera
1056 2107 1229 2173 admodum
1260 2115 1293 2174 et
1314 2108 1396 2174 nihil
1419 2112 1487 2174 sani
1508 2108 1581 2174 inde
1603 2109 1775 2176 extundere

589 2218 681 2295 hcet;
717 2218 791 2282 fecit
821 2221 927 2280 tamen
959 2213 1157 2280 Wilckeuius
1187 2214 1270 2299 quod
1302 2219 1408 2300 potuIt
1432 2222 1463 2281 66
1485 2222 1627 2281 ceterum
1653 2238 1776 2302 exspec

588 2324 725 2389 tandum
759 2342 839 2386 num
874 2323 954 2386 sorte
989 2320 1157 2406 aliquando
1187 2320 1315 2386 aliunde
1343 2322 1424 2387 lucis
1454 2321 1575 2408 aliquid
1603 2323 1773 2388 oboriatur.

589 2429 750 2515 Equidem
773 2426 853 2492 nihil
877 2426 1031 2492 adnotabo
1049 2433 1173 2511 praeter
1192 2427 1269 2491 baec
1289 2425 1351 2491 duo
1372 2429 1469 2492 nimis
1489 2427 1621 2492 fortasse
1640 2427 1773 2513 puellla:

590 2537 676 2623 quod
698 2537 849 2601 scribitur
871 2533 929 2599 col.
954 2532 1002 2598 ΠΙ
1022 2554 1070 2598 vs.
1095 2532 1155 2597 16:
1188 2533 1225 2596 ἐν
1248 2532 1279 2596 δὲ
1303 2534 1429 2615 τούτῳ
1452 2557 1498 2599 σοι
1522 2533 1622 2612 λέγω,
1646 2534 1679 2598 id
1701 2555 1774 2600 saue

590 2640 819 2729 corrigendum
849 2646 913 2704 est:
945 2635 982 2702 ἓν
1013 2637 1043 2702 δὲ
1074 2637 1193 2702 τοῦτό
1222 2661 1268 2703 eos
1300 2637 1395 2714 ntea.
1424 2637 1515 2705 Alter
1544 2638 1632 2705 locus
1654 2639 1775 2726 legitur

588 2748 652 2815 col.
685 2747 733 2813 Ill
764 2769 810 2811 vs.
836 2746 873 2810 4:
904 2744 1103 2823 Μεγαμήδης
1133 2768 1167 2808 re
1191 2744 1388 2824 πρασδόκιμός
1413 2745 1484 2822 ἐςιν,
1510 2747 1599 2821 ἡμεῖς
1624 2745 1655 2809 δὲ
1679 2748 1773 2826 μέχρι

591 2861 644 2921 νῦν
667 2854 776 2918 πάντα
799 2848 971 2931 acdesti)
994 2853 1224 2923 κειννῦντει
1248 2853 1288 2923 ὥς
1311 2847 1425 2916 εἶπεν
1447 2851 1529 2917 οὐδὲν
1552 2852 1601 2916 εἰιὶ
1626 2853 1773 2929 σωτηρίαν

587 2964 784 3037 νινιιὶκαμιν.
820 2958 924 3039 Quam
957 2960 1057 3022 miror
1092 2955 1307 3022 Wilckenium
1337 2979 1368 3043 p.
1392 2957 1458 3023 262
1490 2956 1595 3023 multa
1624 2956 1774 3024 molitum

583 3070 667 3135 haec
699 3071 804 3133 tamen
837 3063 983 3151 expedire
1007 3086 1068 3129 uon
1093 3066 1243 3150 potuisse.
1265 3063 1356 3129 Nihil
1379 3064 1552 3131 admodum
1575 3064 1626 3129 hic
1649 3086 1775 3151 corrup·

588 3184 662 3240 tum
693 3180 742 3239 est
772 3172 826 3237 sed
856 3170 1107 3237 emendandum:
1140 3169 1246 3236 πάντα
1278 3170 1410 3236 κάλων
1441 3174 1644 3242 κινοῦντες
1668 3172 1705 3243 ὥς
1730 3173 1773 3237 ei·

589 3288 693 3345 πεῖν.
727 3278 938 3343 Proverbium
969 3283 1017 3341 cst
1048 3276 1155 3340 πάντα
1184 3277 1287 3340 κάλων
1310 3277 1400 3342 σείειν
1425 3282 1616 3362 usurpatum
1640 3278 1689 3341 ἐπὶ
1715 3283 1773 3342 τῶν

591 3386 680 3465 6666
710 3385 862 3467 προθυμίᾳ
893 3383 1072 3464 χρωμένων·
1105 3390 1261 3462 παρῆκται
1283 3383 1315 3447 dl
1339 3384 1401 3449 ιὶιιὸ
1425 3389 1482 3448 τῶν
1507 3385 1548 3447 roi
1572 3380 1691 3464 ἄρμενα
1714 3407 1775 3462 χα-

590 3492 720 3567 λώντων,
757 3498 794 3555 66
825 3490 935 3554 scribit
965 3488 1120 3554 Zenobius
1150 3489 1244 3554 Prov.
1275 3488 1352 3566 462,
1384 3489 1423 3554 ad
1452 3510 1548 3574 quem
1569 3489 1677 3555 locum
1701 3490 1774 3556 vido

590 3599 668 3685 qnid
689 3597 825 3663 editores
845 3596 1039 3673 adnotarint;
1059 3598 1168 3680 ipsum
1187 3601 1296 3660 autem
1316 3595 1421 3659 πάντα
1441 3598 1544 3660 κάλων
1563 3603 1652 3661 κινιῖν
1672 3605 1775 3662 exstat

589 3705 676 3791 apud
701 3702 896 3789 Gregorium
920 3702 1078 3789 Cyprium
1102 3700 1196 3766 Pron.
1223 3698 1287 3767 127
1312 3705 1344 3767 in
1369 3698 1444 3768 Ood.
1468 3702 1570 3788 Mosq.

636 3812 721 3877 Sunt
751 3814 784 3875 in
807 3809 1027 3875 Wilckeniana
1049 3810 1314 3874 commentatione
1339 3807 1400 3873 alie
1424 3808 1527 3874 multa
1550 3809 1588 3874 de
1611 3812 1775 3874 amatoriis

590 3917 843 3995 narrationibus,
867 3936 1003 4001 quarum
1027 3913 1200 3999 particulae
1223 3917 1359 4000 exiguae
1381 3914 1468 3980 hisce
1491 3918 1658 4000 postremis
1685 3918 1774 3979 annis

589 4030 622 4090 in
655 4026 807 4111 Aegypto
837 4022 964 4089 effossae
995 4022 1141 4087 luerunt:
1174 4042 1284 4086 eorum
1316 4025 1463 4087 omnium
1484 4021 1566 4087 nihi]
1588 4027 1719 4108 tangam
1743 4027 1775 4086 66

588 4133 625 4198 de
659 4129 830 4198 Obaritone
861 4150 985 4214 quoque
1016 4127 1214 4193 Wflclrenius
1244 4126 1410 4212 complura
1433 4127 1545 4203 habet,
1571 4148 1650 4213 quae
1673 4147 1774 4211 neque

590 4239 747 4303 affirmare
782 4258 838 4301 nec
870 4234 1013 4300 refellere
1044 4237 1077 4298 iu
1109 4236 1215 4300 auimo
1245 4240 1303 4298 est.
1335 4232 1419 4297 Satis
1451 4235 1548 4297 habui
1578 4254 1640 4318 quo
1671 4236 1773 4316 primo

590 4355 734 4429 tempore
758 4344 849 4427 potui
873 4346 968 4426 caput
992 4343 1038 4405 rei
1061 4361 1135 4405 cum
1160 4339 1384 4426 Mnemosyncs
1407 4338 1578 4404 lectoribus
1601 4340 1775 4402 communi·

589 4471 678 4525 cere,
702 4457 738 4512 ut
756 4448 882 4513 doctam
902 4454 934 4512 66
951 4445 1130 4532 elegantem
1142 4444 1313 4510 Wilchenii
1330 4445 1593 4531 disputationem,
1607 4445 1635 4507 si
1646 4445 1773 4529 quidem

586 4556 705 4621 talium
742 4576 849 4619 rerum
884 4555 1003 4618 curiosi
1037 4558 1127 4629 sunt,
1155 4553 1217 4637 ipsi
1249 4552 1372 4616 adeant.
1406 4549 1682 4631 Quemadmodum
1714 4572 1774 4636 ego

586 4682 724 4749 magnas
752 4664 873 4748 gratias
904 4660 1003 4725 habeo
1030 4661 1176 4743 scriptori
1199 4661 1254 4743 qui
1276 4661 1434 4742 insperato
1458 4657 1602 4721 fortunae
1624 4657 1774 4721 beneficio

586 4771 721 4860 egregie
744 4788 822 4832 usus
846 4776 910 4843 666,
934 4768 979 4830 sic
1001 4764 1052 4829 illi
1076 4785 1216 4850 quoque,
1240 4766 1396 4840 eutecio,
1421 4762 1593 4830 habebunt.
