5125 6150
683 781 749 846 436
1215 797 1336 845 urmes.

685 967 812 1044 πονηρῶς
845 964 913 1047 ἔχει
943 978 974 1030 et
998 963 1051 1029 Or.
1077 963 1152 1029 xiv
1175 965 1192 1048 ἓ
1213 963 1232 1028 5
1257 972 1289 1028 et
1312 963 1391 1029 alibi
1415 967 1598 1050 saepissime
1621 965 1714 1030 obvia
1737 970 1770 1030 et
1791 985 1870 1030 enm

683 1074 865 1152 πράγματα
889 1072 1071 1153 πονηρίτερα
1091 1071 1190 1137 Thur.
1216 1071 1285 1148 Vll,
1310 1071 1354 1134 48
1376 1070 1438 1156 §2

730 1296 783 1360 Or.
808 1294 838 1359 ll
861 1296 878 1380 ᾖ
901 1294 960 1359 lO:
985 1293 1072 1358 αύτιί
1096 1292 1127 1357 δὲ
1147 1292 1302 1369 λαβθντες
1320 1292 1361 1356 τὰ
1382 1287 1465 1356 ἆθλα
1485 1288 1580 1370 ιῖνπερ
1598 1289 1687 1357 ἕνεκα
1706 1293 1868 1371 ιίΦίκοντσ,

684 1403 767 1486 [τοὺς
799 1403 946 1481 ’Λργείυν
979 1401 1095 1479 νεκρούς
1104 1403 1128 1484 ,]
1168 1400 1289 1480 ἔθαψαν
1320 1400 1350 1463 ἕν
1380 1410 1418 1482 τῇ
1450 1399 1549 1464 αὐτῶν
1580 1406 1742 1465 Ἐλευσῖνι.
1777 1401 1870 1466 Perit

685 1531 818 1574 acumen
850 1508 911 1574 loci
942 1508 1080 1573 dictione
1110 1510 1237 1593 propria
1260 1510 1304 1572 sie
1329 1506 1484 1594 figuratae
1506 1505 1718 1593 adglutinata.
1742 1504 1870 1573 Centies

685 1620 730 1682 sic
762 1624 936 1701 peecatum.
971 1615 1018 1679 Ex
1049 1615 1164 1701 quibus
1187 1614 1239 1679 hic
1263 1636 1347 1680 nunc
1371 1614 1495 1698 profero
1518 1635 1619 1678 nuum
1644 1613 1869 1699 exemplume

684 1726 858 1788 recentiore
889 1724 1057 1808 scriptore,
1090 1719 1279 1798 Plutarcho,
1311 1720 1396 1805 apud
1420 1740 1516 1805 quem
1539 1719 1646 1785 editur
1675 1720 1703 1783 Ῑ
1701 1721 1735 1784 it.
1759 1724 1870 1785 Artaxe.

686 1851 712 1895 c.
737 1828 780 1894 28
811 1829 874 1892 i.f.
906 1836 951 1912 t'p.
980 1826 1131 1915 1025ίθρτ
1166 1832 1226 1907 πῦρ
1256 1820 1307 1891 οὖν
1337 1827 1388 1891 ἐπί
1422 1831 1481 1905 πῦρ
1513 1827 1635 1904 ἐγένετο
1657 1830 1700 1908 τῷ
1723 1828 1869 1908 νεανίσκῳ

684 1934 794 2015 (Dario
818 1936 1002 1999 Artaxerxis
1021 1934 1203 1999 Mnemonis
1226 1933 1304 2015 tilio)
1328 1934 1539 2013 προσκείμενος
1565 1933 1580 1996 ί
1605 1933 1782 2014 Τηρίβαζος
1804 1934 1868 1999 ιίεί.

683 2154 737 2213 τοῦ
761 2150 889 2227 Δαρείου
913 2147 976 2219 δύος
1001 2149 1140 2213 ύπίθεσιν
1162 2150 1204 2226 τῷ
1229 2146 1395 2229 Τηριβάζῳ
1415 2161 1559 2228 παρεῖχε.
1583 2147 1870 2226 Κυπρογένεια

685 2256 776 2322 tot
806 2256 979 2334 ποίμταν
1010 2256 1221 2338 ιίναίπιις[,
1253 2257 1270 2329 i
1296 2264 1351 2329 τῆς
1375 2256 1556 2326 Ἀσπασίας
1580 2256 1771 2337 ivriacum}
1794 2253 1870 2319 Non

684 2368 752 2428 tam
783 2363 890 2427 fatuus
920 2362 983 2426 fuit
1005 2361 1197 2427 Plutarchus
1220 2366 1257 2425 ut
1280 2361 1364 2447 quod
1388 2383 1444 2447 per
1465 2383 1594 2427 versum
1617 2361 1870 2426 choriambicum

684 2468 846 2555 eleganter
864 2472 1085 2534 enuntiaverat
1103 2466 1188 2533 ultro
1207 2473 1423 2553 corrumperet
1441 2467 1549 2532 addita
1568 2466 1706 2553 pedestri
1724 2488 1873 2532 sermone

684 2582 835 2661 concepta
864 2575 1092 2661 explicatione,
1124 2595 1221 2661 quam
1252 2595 1346 2639 nemo
1375 2578 1431 2660 qui
1454 2574 1671 2640 antecedentia
1692 2573 1875 2660 perlegerat

686 2681 886 2748 desideraret.

731 2901 784 2966 Or.
805 2900 835 2966 lI
855 2901 939 2987 522.
963 2902 1174 2968 Proferuntnr
1192 2922 1303 2967 causae
1322 2923 1380 2966 cur
1399 2902 1512 2967 Persae
1528 2902 1737 2966 Athenienses
1749 2903 1876 2986 primos

686 3008 820 3097 aggredi
848 3012 1044 3076 censuerint:
1077 3007 1120 3074 ἔτι
1151 3011 1177 3076 θ’
1200 3011 1306 3082 adroic
1325 3046 1400 3057 —-
1419 3008 1487 3089 περί
1517 3016 1571 3083 τῆς
1603 3008 1718 3080 πθλευς
1742 3007 1875 3084 τοιαύτη

686 3115 759 3194 θθξα
796 3119 1010 3195 παρειστήκει,
1046 3119 1084 3189 ὥς
1119 3118 1143 3182 εί
1178 3117 1235 3194 μὲν
1271 3117 1410 3195 πρότερον
1444 3117 1494 3180 ἐπ’
1526 3115 1626 3191 ἄλλην
1656 3117 1745 3181 πόλιν
1777 3113 1874 3195 ίασιν,

687 3224 806 3295 ἐκείνοις
832 3224 883 3289 κιιί
908 3225 1076 3297 Ἀθηναίοις
1100 3227 1326 3302 πολεμήσουσι·
1352 3224 1559 3303 προθύμως
1583 3224 1637 3300 γὰ
1646 3246 1661 3303 ρ
1685 3232 1769 3296 τοῖς
1793 3223 1877 3288 ὶδι-

688 3330 899 3409 κουμίνοις
926 3330 1062 3409 ήξιυσι
1085 3332 1374 3411 βοηθήσοντες·
1401 3333 1426 3395 εί
1447 3331 1472 3395 θ’
1493 3331 1596 3395 triste
1615 3336 1728 3408 πρῶτον
1748 3330 1877 3409 ἀφίξον-

686 3462 758 3515 ται,
783 3439 905 3510 οὐδένας
929 3438 1045 3512 ἄλλους
1071 3446 1127 3504 τῶν
1147 3441 1300 3513 Ἑλλήνων
1321 3439 1487 3513 τολμήσειν
1504 3475 1538 3486 -
1551 3475 1582 3485 -
1600 3438 1738 3517 Φοιυεροίν
1758 3436 1876 3517 ἔχθραν

687 3547 758 3624 πρὸς
783 3546 911 3619 ἐκείνους
936 3548 1008 3626 ὑπὲρ
1031 3548 1132 3611 αὐτῶν
1156 3547 1355 3611 καταθέσθαι.
1376 3546 1447 3611 Non
1468 3548 1535 3609 sine
1554 3566 1649 3610 causa
1668 3544 1879 3611 Halbertsma

688 3652 869 3736 requirebat
898 3654 1055 3729 προθύμως
1086 3677 1121 3730 γ.
1153 3678 1182 3717 π.
1214 3653 1263 3719 att.
1297 3650 1407 3729 ήξειν
1436 3652 1695 3730 βοηθήσοντας.
1728 3651 1877 3718 Fortasse

689 3761 811 3822 minore
836 3762 1013 3824 mutatione
1037 3763 1200 3845 scriptoris
1222 3781 1336 3825 manus
1356 3762 1545 3824 restituetur
1564 3762 1625 3824 sie:
1644 3798 1678 3807 —
1690 3798 1721 3808 -
1739 3759 1879 3835 πολεμή

688 3869 838 3937 σουσκν·
863 3865 920 3934 sl>
946 3870 1027 3944 προθ.
1052 3870 1143 3949 [γὰρ]
1168 3890 1196 3931 r.
1221 3867 1302 3932 οίδικ.
1327 3863 1427 3941 ήξουσι
1453 3866 1663 3943 βοηθήσοντες.
1695 3863 1778 3931 Cum
1803 3872 1879 3950 post

690 3969 727 4042 c'l
762 3977 930 4042 excidisset
970 3986 1012 4040 01
1056 3976 1200 4041 additum
1239 3978 1319 4057 γὰρ,
1364 3987 1401 4041 ut
1437 3980 1610 4042 sententiae
1642 3977 1877 4061 quodammodo

689 4083 865 4150 satisfieret.

738 4288 791 4353 Or.
815 4288 846 4354 II
871 4291 888 4374 ᾖ
909 4288 963 4355 23.
996 4289 1098 4354 Verbo
1129 4310 1241 4353 moneo
1274 4291 1384 4353 mirari
1415 4309 1466 4353 me
1491 4309 1547 4352 cur
1569 4285 1788 4352 Thalhcimius
1812 4308 1879 4352 non

689 4398 843 4481 receperit
874 4395 1044 4460 Wissowae
1074 4394 1327 4460 emendationem
1358 4396 1391 4460 οὗ
1421 4396 1561 4474 λογισμῷ
1593 4393 1771 4464 δεδιότες
1804 4394 1877 4467 τοὺς

688 4503 717 4565 ἐν
742 4517 813 4567 πολ.
838 4500 1006 4578 κινδύνους,
1040 4521 1119 4587 quae
1144 4501 1225 4565 mihi
1248 4502 1379 4586 quidem
1403 4503 1580 4567 certissima
1605 4499 1742 4577 videtur,
1767 4521 1880 4586 quem·

691 4608 863 4674 admodum
888 4611 987 4673 etiem
1010 4608 1210 4673 Hartmanno
1233 4618 1265 4673 et
1289 4609 1499 4675 Heruerdeno
1522 4607 1599 4674 olim
1624 4610 1691 4672 uisa
1714 4613 1771 4672 est.

737 4825 789 4890 Or.
812 4823 842 4889 ll
867 4825 965 4909 §24:
991 4825 1200 4890 Athenienses
1223 4827 1364 4898 ἀπήντων
1387 4824 1483 4900 ύλίγοι
1507 4823 1579 4903 πρὸς
1605 4823 1753 4893 πολλούς·
1779 4822 1879 4901 ἕνίμι·

691 4929 738 5010 ζον
762 4932 825 5011 γὰρ
849 4934 1011 4996 οὶποθαιείυ
1036 4932 1091 5007 μὲν
1116 4934 1220 5002 αὐτοῖς
1244 4933 1327 5009 μετὰ
1354 4930 1475 4995 ποίντιιν
1499 4932 1668 5012 προσήκειν,
1693 4931 1823 5007 κ’γαθοῒς
1848 4931 1876 4996 δ’
