5125 6150
1098 872 1271 919 nosmarcr.
1706 854 1773 920 223

588 1037 730 1101 sivimus
760 1042 792 1100 et
822 1040 903 1122 ipsi,
935 1059 954 1102 3
985 1043 1060 1103 vate
1083 1039 1117 1101 in
1141 1058 1309 1102 musarum
1333 1039 1510 1103 dominium
1534 1038 1674 1124 abrepti;
1700 1058 1775 1103 eum

587 1140 652 1206 illis
675 1141 846 1228 diligimus
869 1143 1067 1222 obedimus,
1092 1166 1255 1230 speramus
1279 1149 1312 1210 et
1334 1145 1594 1222 reformidamus,
1617 1145 1776 1209 laetamur

586 1254 618 1311 et
636 1246 800 1333 lugemus.
821 1249 959 1314 Aedium
979 1271 1103 1335 quoque
1120 1249 1203 1316 celsa
1222 1250 1393 1328 vestibula,
1413 1249 1594 1337 splendidas
1618 1253 1775 1337 porticus,

584 1355 665 1417 atria
697 1351 762 1418 late
793 1359 952 1442 patentia,
985 1355 1143 1421 thalamos
1175 1357 1325 1442 pudicos,
1356 1356 1464 1422 firmos
1488 1357 1653 1422 thesauros
1676 1356 1776 1422 oculis

583 1457 722 1525 lustrare
742 1463 952 1548 manibusque
970 1466 1152 1548 contingere
1172 1485 1262 1549 posse
1282 1465 1374 1528 nobis
1393 1464 1552 1529 videmur.
1577 1464 1655 1529 Mox
1667 1471 1776 1529 antem

582 1565 648 1631 fert
679 1569 807 1633 animus
839 1569 878 1633 ad
909 1590 1023 1635 verum
1054 1590 1090 1634 ea
1120 1573 1229 1634 omnia
1259 1568 1435 1648 delineare,
1465 1573 1593 1656 iamque
1616 1571 1777 1636 abundant

583 1672 714 1738 chartae
744 1675 872 1740 aedium
903 1674 1008 1740 Ulixis
1032 1675 1084 1741 vel
1107 1675 1235 1741 aedium
1260 1675 1505 1742 Homeriearum
1530 1679 1563 1741 in
1587 1679 1775 1742 universum

586 1777 774 1844 exhibentes
796 1780 1040 1866 diagrammata.

632 1885 676 1948 At
706 1905 764 1949 333
794 1886 937 1971 pericula
967 1887 1102 1953 afferunt
1129 1889 1274 1954 fortunae
1306 1888 1388 1953 dona
1416 1891 1584 1975 insperata.
1615 1889 1776 1955 intentata

584 1992 675 2075 prins
715 1990 794 2056 dum
830 1997 1022 2072 tractemus,
1057 1993 1266 2059 metuendum
1301 1995 1429 2060 ridetur
1464 1999 1570 2081 potius
1605 2018 1644 2062 ne
1679 1998 1776 2060 nimis

584 2096 691 2162 multa
722 2098 789 2163 iam
819 2099 997 2164 habeantur
1028 2122 1084 2185 pro
1114 2099 1207 2165 claris
1232 2107 1265 2166 et
1289 2104 1408 2186 perviis
1431 2109 1464 2167 et
1487 2105 1590 2180 certis,
1616 2124 1712 2189 quam
1736 2124 1776 2167 ne

584 2205 685 2268 nimis
717 2207 803 2269 cauti
833 2206 1050 2271 abstineamus
1072 2228 1091 2271 3
1113 2207 1207 2271 rebus
1230 2208 1372 2272 nondum
1395 2211 1473 2273 satis
1495 2212 1675 2294 compertis.
1707 2209 1775 2274 Me-

584 2309 744 2374 tuendum
764 2310 894 2376 videtur
913 2334 953 2377 ne
972 2311 1056 2377 oculi
1076 2312 1183 2376 subito
1202 2312 1328 2399 fulgore
1349 2316 1528 2399 praestricti
1547 2314 1648 2379 nihilo
1660 2314 1775 2379 clarius

586 2436 670 2481 nunc
702 2416 905 2503 distinguant
937 2439 1015 2503 quae
1045 2417 1142 2504 longo
1165 2439 1243 2483 aevo
1267 2426 1343 2483 sunt
1366 2420 1495 2498 dissita,
1520 2441 1616 2505 quam
1639 2420 1716 2486 olim
1741 2423 1774 2484 in

583 2521 725 2608 caligine
748 2523 825 2587 dum
848 2525 1054 2589 mirabamus.
1079 2523 1150 2589 Non
1174 2526 1261 2589 euim
1286 2528 1393 2590 omnia
1410 2527 1506 2591 habet
1525 2527 1774 2613 Archaeologiae

583 2627 643 2693 1113
661 2650 731 2705 ars,
752 2651 814 2694 non
835 2633 944 2695 omnia
963 2635 1066 2715 potest
1085 2630 1243 2716 expedire.
1263 2629 1327 2695 Ubi
1346 2638 1537 2718 perventum
1549 2640 1597 2698 est
1610 2633 1650 2696 ad
1662 2637 1774 2716 poetae

585 2735 695 2800 locum
719 2736 777 2801 ubi
799 2737 942 2802 Nestoris
966 2737 1117 2822 poculum
1144 2736 1288 2802 Ulixisve
1312 2736 1410 2802 fibula
1433 2737 1485 2803 vel
1507 2746 1632 2803 comtus
1655 2739 1775 2805 Andro

584 2843 717 2906 maehae
737 2849 1017 2921 commemoratur,
1038 2843 1114 2908 laeti
1133 2842 1333 2908 exsultamus
1353 2846 1381 2908 si
1393 2844 1605 2909 ostenduntur
1615 2847 1774 2931 imagines

584 2947 827 3014 simillimorum
857 2951 1046 3037 poculorum
1070 2958 1102 3015 et
1124 2948 1297 3014 fibularum
1320 2950 1521 3036 mundusque
1546 2950 1713 3017 muliebris
1735 2973 1774 3016 ex

585 3053 740 3141 sepulcris
762 3058 903 3142 antiquis
927 3062 1171 3143 protracturum.
1195 3055 1362 3122 Parietum
1386 3064 1588 3136 ornamenta,
1614 3063 1773 3124 tectorum

583 3165 848 3248 caminorumque
871 3170 1048 3241 structura,
1068 3167 1238 3229 ianuarum
1258 3164 1409 3243 claustra,
1431 3166 1508 3231 haec
1526 3165 1651 3251 aliaque
1669 3164 1774 3230 multa

583 3270 766 3334 cuiusmodi
790 3269 868 3335 oh'm
890 3270 1010 3335 fuerint
1031 3274 1116 3356 grati
1140 3271 1293 3337 discimus
1317 3292 1335 3335 3
1357 3271 1451 3337 claris
1471 3293 1571 3337 norae
1591 3275 1669 3338 artis
1688 3277 1774 3336 ante-

583 3378 745 3461 signanis,
777 3381 810 3442 et
840 3375 916 3440 talia
946 3377 1009 3442 fere
1039 3380 1218 3463 priscorum
1247 3393 1361 3444 ratum
1393 3382 1494 3443 menti
1516 3379 1683 3444 obversata
1706 3400 1773 3445 esse

584 3503 622 3546 ea
655 3483 764 3546 omnia
793 3482 1032 3570 intellegimus,
1065 3481 1172 3569 qualia
1204 3490 1312 3548 nostra
1343 3488 1445 3548 aetate
1476 3505 1492 3549 e
1524 3489 1625 3549 terrae
1648 3487 1772 3570 gremio

582 3596 835 3655 resurrexerunt.
867 3588 928 3655 Sed
960 3610 1128 3655 careamus
1159 3596 1284 3674 oportet
1314 3610 1353 3655 ne
1384 3589 1502 3676 gaudio
1534 3589 1773 3677 splendidorum

582 3697 792 3760 inventorum
822 3694 945 3780 abrepti
975 3696 1073 3760 nimis
1097 3694 1188 3759 facile
1211 3695 1301 3759 nobis
1323 3696 1569 3781 persuadeamus
1594 3717 1652 3781 ope
1677 3698 1772 3773 artis,

583 3822 666 3887 quae
693 3807 840 3866 veterum
870 3802 957 3867 ritae
988 3803 1223 3885 optatissimam
1252 3798 1359 3865 lucem
1391 3800 1499 3867 afferat
1530 3807 1562 3866 et
1589 3802 1628 3866 ad
1650 3801 1772 3867 multas

582 3909 720 3973 minoris
745 3908 886 3972 ambitus
908 3910 1108 3993 quaestiones
1132 3907 1324 3971 dirimendas
1348 3907 1501 3985 sufficiat,
1525 3911 1622 3973 etiam
1645 3910 1772 3973 intrica-

581 4017 680 4079 tiores
703 4015 857 4099 quosdam
880 4014 978 4079 nodos
1001 4013 1084 4079 solvi
1108 4033 1198 4098 posse
1222 4016 1277 4098 qui
1296 4016 1458 4099 cumipse
1477 4019 1637 4079 structura
1656 4017 1772 4100 prisco-

582 4142 659 4187 rum
682 4122 862 4185 carminum
885 4121 1060 4186 cohaerent.
1085 4117 1271 4186 Uarendum
1296 4140 1353 4197 ne,
1378 4124 1462 4184 terra
1485 4122 1637 4204 quoniam
1659 4118 1773 4205 pocula

582 4226 760 4313 fibulasque
783 4225 864 4292 tales
887 4226 1025 4292 reddidit
1045 4224 1153 4310 quales
1172 4225 1348 4311 pingebant
1369 4231 1492 4291 veteres
1510 4231 1632 4310 poetae,
1652 4231 1772 4290 temere

581 4334 656 4399 inde
692 4332 917 4398 concludamus
952 4334 1050 4397 etiam
1084 4331 1176 4396 aedes
1211 4330 1318 4396 Ulixis
1347 4330 1400 4396 rel
1434 4330 1556 4396 Priami
1592 4329 1671 4395 tales
1705 4329 1771 4395 fere

581 4442 683 4506 fuisse
713 4439 816 4526 qualis
845 4438 1013 4527 Tirynthis
1043 4436 1100 4502 illa
1130 4440 1220 4524 regia
1242 4437 1323 4514 fuit,
1347 4439 1439 4502 33133
1462 4437 1576 4502 rudera
1599 4436 1639 4500 ad
1663 4434 1772 4501 oculos

582 4551 651 4614 iam
674 4552 792 4633 patent.

629 4654 671 4718 Et
702 4652 824 4717 Priami
855 4674 938 4717 nunc
969 4652 1103 4717 domum
1126 4654 1238 4728 mitto;
1264 4652 1355 4715 33133
1379 4672 1442 4715 333
1467 4655 1534 4714 tam
1557 4648 1670 4713 multis
1693 4648 1772 4713 locis

582 4760 621 4824 fit
638 4762 760 4825 mentio
783 4762 861 4845 quin
885 4761 962 4824 satis
985 4761 1137 4823 concinna
1159 4756 1264 4843 aliqua
1288 4760 1357 4823 eius
1379 4758 1488 4843 imago
1513 4756 1660 4821 rideatur
1682 4776 1773 4840 posse

582 4864 746 4931 delineari.
771 4864 834 4931 Sed
857 4866 894 4931 de
918 4865 1048 4930 aedibus
1072 4863 1179 4930 Ulixis
1202 4862 1279 4947 quid
1303 4860 1499 4928 statuimus?
1523 4862 1632 4927 Etiam
1656 4862 1772 4926 harum

581 4971 824 5057 dispositionem
854 4975 888 5036 in
911 4970 983 5037 albo
1006 4976 1151 5036 accurate
1174 4969 1308 5036 describi
1330 4967 1443 5056 posset
1465 4971 1645 5055 antiquiora
1669 4989 1773 5035 recen-
