5125 6150
590 902 593 907 ,
680 830 747 896 128
1168 845 1376 894 rnocrnmns.

721 1014 831 1077 Prima
863 1013 992 1098 quidem
1015 1012 1095 1076 facie
1119 1014 1307 1096 compositio
1331 1012 1501 1076 verborum
1524 1008 1865 1086 ξυμπεσουσῶν-γε-

677 1120 776 1184 νέσθαι
809 1118 922 1183 habere
954 1117 1081 1183 videtur
1112 1118 1194 1203 qnod
1225 1116 1370 1182 offendat.
1400 1116 1602 1197 Quaesiveris
1626 1119 1711 1180 enim
1735 1136 1791 1180 cnr
1814 1122 1865 1180 tot

676 1226 783 1292 verbis
814 1246 891 1289 usus
922 1227 964 1288 sit
994 1227 1137 1309 scriptor,
1169 1224 1225 1287 nbi
1255 1223 1365 1288 eadem
1388 1226 1560 1300 sententia,
1583 1225 1617 1286 in
1640 1223 1769 1287 brevius
1792 1241 1865 1286 con·

677 1337 778 1398 tracta
800 1329 896 1418 longa
920 1330 1116 1416 parenthesi,
1141 1331 1278 1415 exprimi
1297 1335 1421 1414 poterat
1440 1328 1621 1394 scribendo:
1643 1329 1864 1407 ξυμπεσουσῶν

678 1438 708 1504 δὲ
740 1439 854 1502 τούτων
886 1437 915 1501 ἕν
940 1437 1101 1516 ἐλαχίστῳ
1124 1438 1277 1501 πλείστων
1302 1442 1370 1500 νεῶν
1396 1435 1517 1515 (βραχὺ
1538 1436 1602 1514 γάρ
1626 1434 1777 1499 άπέλιπον
1798 1433 1865 1511 ξυν-

677 1545 855 1622 αμφότεραι
887 1543 1037 1610 διακόσιαι
1070 1544 1236 1622 γενέσθαι).
1275 1545 1303 1608 Α
1341 1545 1427 1608 enim
1449 1546 1482 1607 in
1505 1543 1624 1608 tradita
1645 1542 1780 1607 lectione
1803 1541 1864 1607 for-

676 1657 759 1717 tasse
795 1648 909 1715 melius
945 1656 1076 1736 apparet
1109 1648 1261 1715 relativos
1298 1669 1364 1714 esse
1399 1648 1613 1734 superlativos
1649 1657 1796 1718 πλεῖστος
1833 1651 1865 1712 et

679 1755 863 1837 ἐλάχιστος,
883 1762 916 1822 et
935 1755 1155 1843 Thucydidem
1174 1755 1322 1820 distincte
1341 1754 1520 1842 significare
1532 1754 1686 1834 voluisse,
1706 1777 1863 1839 campum

678 1865 803 1927 antchac
825 1863 858 1926 οόι
882 1864 1012 1927 breviore
1034 1863 1131 1944 spatie
1153 1862 1256 1944 plures
1278 1885 1367 1925 ιιαιιοι
1380 1885 1514 1944 pugnam
1533 1862 1716 1928 σοιιιιινοὲιθοιο.
1741 1860 1864 1927 Deinde

677 1990 751 2035 vero
773 1971 878 2035 nescio
901 1989 940 2034 an
964 1971 1081 2034 rectius
1105 1966 1208 2033 deleto
1232 1967 1368 2033 articulo
1393 1968 1595 2034 scribendum
1619 1970 1661 2033 sit
1684 1967 1735 2032 διά
1759 1967 1794 2030 πθ
1819 1968 1862 2043 μὴ

677 2071 754 2141 εἶναι
783 2075 870 2158 [τάς]
902 2074 1098 2154 ἀνακρούσεις
1129 2076 1180 2139 καὶ
1213 2074 1383 2146 διέκπλους.
1409 2113 1450 2123 -
1475 2075 1571 2140 Recte
1602 2081 1710 2141 autem
1733 2071 1864 2141 Classen

677 2182 808 2248 adnotat
833 2182 886 2260 ,αἱ
912 2181 1066 2258 ε’μβολαθ,
1091 2181 1142 2245 die
1165 2179 1392 2246 absichtlichen
1415 2181 1680 2266 kunstgemdssen
1701 2179 1862 2267 Angriffe,

678 2288 712 2352 αἱ
737 2285 926 2365 προσβολαθ,
951 2287 1005 2352 das
1028 2286 1179 2373 aufallige
1202 2294 1508 2353 zusammenstossen
1526 2287 1581 2352 der
1601 2286 1748 2352 Schiffe.’'
1772 2285 1864 2366 Quod

678 2392 906 2460 vocabulorum
940 2393 1108 2459 discrimen
1138 2398 1282 2459 tenentes
1306 2415 1381 2458 mor
1405 2393 1463 2480 §6
1488 2395 1655 2459 haeremus
1677 2396 1711 2458 in
1736 2393 1862 2459 verbis:

678 2498 893 2580 ξυνετθγχανέ
927 2524 962 2565 τε
997 2503 1162 2582 πολλαχοῦ
1195 2498 1246 2565 διά
1276 2500 1331 2573 την
1362 2503 1563 2580 στενοχωρίαν
1593 2501 1635 2565 τά
1667 2500 1723 2578 μὲν
1754 2499 1863 2571 άλλσις

679 2604 1010 2684 ἐμβεβληκέναι,
1047 2607 1089 2670 τά
1126 2605 1157 2671 δὲ
1192 2606 1305 2677 αὐτοὺς
1341 2606 1648 2684 ἐμβεβλῆσθαι,
1684 2607 1757 2684 nbi,
1790 2607 1864 2691 quia

679 2712 848 2778 manifeste
883 2713 915 2776 αθ
951 2713 1124 2790 προσβολαί
1157 2711 1388 2799 intellegendae
1422 2719 1514 2789 sunt,
1546 2734 1659 2798 parum
1691 2712 1865 2798 diligenter

679 2819 867 2895 historicus,
899 2821 926 2882 si
956 2821 1002 2883 ita
1032 2821 1176 2904 scripsit,
1205 2822 1239 2883 in
1263 2825 1352 2884 tanta
1374 2822 1491 2884 ricinia
1514 2820 1572 2885 hoc
1595 2821 1691 2885 verbo
1714 2841 1792 2885 usus
1817 2825 1864 2886 est

678 2945 735 3010 pro
760 2924 1027 3003 προσβεβληκέναι
1054 2931 1086 2990 et
1110 2925 1372 3004 προσβεβλῆσθαι.

726 3133 823 3211 73,1.
858 3135 1067 3216 Ἑρμοκράτης
1082 3174 1121 3185 -
1136 3137 1297 3213 ε’σηνεῑπαι
1332 3137 1421 3201 ἐλθὼν
1444 3146 1506 3210 τοῖς
1532 3139 1560 3202 ἐν
1584 3138 1666 3202 πόλει
1691 3134 1769 3203 οὖσιν
1792 3137 1864 3223 (Sy-

679 3244 853 3318 reeusanis)
872 3244 908 3312 ὡς
930 3243 963 3305 οὐ
984 3243 1078 3321 χρεὼν
1099 3245 1301 3323 άποχωρησαι
1321 3252 1376 3317 τῆς
1389 3246 1493 3315 νυκτός
1507 3244 1617 3316 αὐτοὺς
1629 3246 1863 3324 (Athenienses)

680 3347 829 3428 repedate,
855 3347 954 3425 λέγων
974 3340 995 3412 ά
1016 3349 1067 3413 καὶ
1093 3351 1201 3428 αὐτῷ
1226 3349 1337 3428 ἐδόκει,
1358 3352 1444 3424 άλλόι
1466 3351 1645 3428 ἐξελθόντας
1666 3350 1718 3427 ἤδη
1739 3352 1864 3422 πάντας

681 3454 882 3531 Συρακοσίους
912 3455 963 3518 καθ
988 3454 1058 3525 τοὺς
1082 3454 1269 3534 ξυμμάχους
1295 3456 1352 3527 τάς
1379 3482 1413 3522 πε
1439 3457 1520 3529 ὁδοὺς
1546 3456 1786 3531 άποικοόομιῑσαι
1811 3457 1864 3521 καὶ

680 3561 722 3622 τά
752 3560 917 3637 στενόπορα
948 3568 1006 3625 τῶν
1039 3563 1153 3641 χοιρίων
1187 3561 1429 3639 προφθάσαντας
1459 3564 1642 3641 Φυλάσσειν.
1668 3565 1734 3628 Aut
1757 3565 1866 3628 omnia

680 3685 732 3729 me
763 3663 894 3742 fallunt,
926 3674 982 3731 ant
1013 3666 1217 3751 Thucydides
1249 3689 1310 3732 non
1341 3672 1448 3753 potuit
1480 3670 1612 3734 scribere
1636 3665 1658 3734 όι
1683 3669 1733 3733 καθ
1759 3670 1866 3748 αὐτῷ

680 3769 785 3835 ἒθθκει.
819 3769 917 3835 Nulla
941 3775 1026 3837 enim
1051 3794 1145 3837 cansa
1168 3780 1272 3858 potest
1294 3778 1487 3860 excogitari,
1511 3797 1567 3840 cnr
1589 3774 1705 3859 aliquis
1728 3778 1869 3860 suspica·

679 3883 768 3941 retur
791 3877 922 3941 fortasse
942 3878 1184 3944 Hermocratem
1205 3879 1294 3943 aliud
1315 3883 1471 3966 cogitasse
1491 3880 1578 3945 aliud
1598 3881 1732 3957 dixisse,
1756 3884 1868 3968 itaque

679 3986 786 4068 inepte
810 4004 1039 4069 supervacanea
1063 3993 1138 4050 sunt
1159 3989 1222 4051 iste
1246 3988 1350 4052 verba.
1375 3986 1435 4052 Sed
1458 3988 1569 4072 procul
1593 3988 1688 4053 dnbio
1712 3989 1772 4053 snb
1797 4012 1870 4075 pro

681 4092 810 4154 nomine
840 4090 924 4167 αὐτῷ
956 4088 1043 4154 aliud
1074 4091 1171 4168 latet,
1205 4092 1334 4157 fortasse
1366 4094 1531 4173 Γυλίππῳ,
1563 4115 1659 4177 quem
1687 4115 1748 4159 non
1772 4093 1870 4160 aliter

682 4199 815 4262 sensisse
848 4218 919 4261 cnm
952 4217 1007 4281 per
1038 4219 1070 4262 se
1101 4198 1261 4283 probabile
1292 4207 1356 4277 est,
1382 4208 1452 4265 tum
1477 4200 1681 4265 confirmatur
1702 4203 1759 4278 iis,
1785 4221 1870 4287 qnae

681 4301 821 4390 legimus
845 4323 921 4366 mox
944 4324 1011 4388 cap.
1035 4302 1121 4380 74,2
1144 4306 1320 4382 Συρακόσιοι
1342 4306 1372 4370 di
1393 4308 1445 4371 καὶ
1467 4307 1623 4379 Γύλιππος
1645 4309 1687 4387 τῷ
1706 4308 1762 4382 μὲν
1784 4306 1868 4389 πεζῷ

682 4408 909 4491 προεξελθόντες
933 4409 997 4474 xri.
1024 4408 1141 4489 Quidni
1164 4410 1267 4475 lenius
1291 4416 1445 4479 coniciam
1468 4410 1490 4479 ά
1515 4414 1565 4477 καὶ
1591 4415 1696 4485 αὐτοῖς
1720 4420 1776 4494 (sc.
1802 4425 1869 4489 τοῖς

682 4516 713 4579 ἐν
736 4515 833 4587 πόλει)
856 4512 947 4580 ἐδόκει
971 4517 1005 4579 in
1030 4515 1166 4581 editione
1188 4537 1260 4582 mea
1283 4519 1322 4583 ad
1345 4519 1376 4584 h.
1403 4518 1425 4583 l.
1450 4522 1569 4585 notavi.

732 4732 817 4811 75,2
849 4735 939 4801 δεινόν
972 4731 1021 4801 οὖν
1052 4732 1085 4811 ἦν
1110 4738 1141 4800 οὐ
1169 4738 1235 4801 καθ’
1259 4734 1290 4802 ἓν
1315 4738 1496 4814 μόνοντῶν
1520 4739 1791 4819 πραγμάτων,
1819 4742 1867 4810 ότι

685 4837 742 4909 τάς
774 4863 808 4903 τε
839 4848 910 4915 ναῦς
943 4842 1175 4917 άπολονλεκότες
1207 4845 1312 4915 πάσας
1345 4846 1523 4927 άπεχόρονν
1546 4847 1598 4911 καὶ
1624 4848 1692 4911 άντθ
1716 4847 1868 4927 μεγάλης

684 4942 803 5017 ἐλπθθος
836 4945 887 5008 καὶ
919 4950 1004 5013 αὐτοὶ
1038 4950 1089 5013 καὶ
1122 4952 1138 5024 ἡ
1171 4950 1526 5033 πόλιςκινθννεθοντες,
1558 4955 1646 5019 άλλόι
1676 4955 1728 5020 καθ
1761 4957 1791 5020 ἒν
1825 4969 1866 5042 τῇ

525 5127 946 5361 tA
