5125 6150
1122 836 1264 885 11111111.
1720 821 1785 887 335

593 1024 632 1067 ex
655 1002 808 1067 facilitate
832 1000 1046 1065 tribuentium
1069 1002 1104 1078 (i.
1125 1019 1152 1066 e.
1173 1002 1379 1086 principum).
1402 1001 1568 1067 Postremo
1587 1004 1640 1068 hic
1660 1025 1787 1090 quoque

594 1114 724 1173 utamur
747 1108 966 1173 observatione
988 1112 1096 1171 nostra
1119 1112 1165 1186 (v.
1189 1128 1219 1191 p.
1248 1105 1312 1171 199
1325 1113 1385 1192 sq.)
1410 1107 1447 1173 de
1470 1109 1553 1173 binis
1576 1113 1744 1175 sententiis
1767 1131 1785 1176 a

591 1213 700 1279 Tacito
735 1217 768 1277 in
803 1211 948 1300 singulas
984 1214 1148 1289 coartatis,
1184 1214 1350 1297 apparebit
1383 1211 1445 1278 loci
1477 1220 1708 1300 argumentum
1740 1217 1785 1280 sic

589 1319 771 1384 decurrere:
809 1338 1026 1403 „quamquam
1061 1316 1199 1393 iudicia,
1231 1317 1382 1402 adempta
1413 1321 1629 1397 senatoribus,
1660 1320 1785 1386 reddita

591 1432 667 1489 sunt
691 1426 870 1511 equitibus,
894 1444 1048 1489 numerus
1066 1428 1174 1488 tamen
1196 1428 1400 1507 quaestorum
1419 1427 1614 1490 imminutus
1634 1447 1696 1491 non
1717 1433 1784 1505 est,

592 1553 669 1617 ergo
699 1553 824 1616 semper
854 1530 917 1595 fuit
947 1531 1047 1594 honor
1077 1528 1117 1593 ad
1147 1550 1243 1613 quem
1265 1529 1353 1592 haud
1376 1532 1422 1594 ita
1445 1529 1617 1595 difficulter
1637 1531 1783 1597 homines

591 1638 833 1722 perveniebant;
859 1641 943 1701 certe
966 1634 1055 1700 nulla
1079 1635 1244 1699 constabat
1265 1636 1399 1719 pecunia
1422 1635 1477 1700 sed
1499 1639 1642 1721 primum
1666 1643 1783 1714 (stante

589 1743 766 1828 republica)
797 1765 836 1808 ex
860 1742 1017 1828 dignitate
1041 1740 1300 1818 candidatorum,
1325 1747 1398 1826 post
1422 1747 1540 1812 (aetate
1562 1745 1783 1829 imperatoria)

590 1871 627 1914 er
652 1849 805 1914 facilitate
828 1849 1041 1913 tribuentium
1064 1846 1324 1912 concedebatur’'.

637 1954 685 2021 Of.
714 1957 795 2019 Anu.
819 1953 873 2031 IV,
898 1954 952 2019 48.
991 1953 1090 2030 ,,Μ11
1120 1956 1204 2017 versi
1233 1956 1267 2016 iu
1298 1952 1413 2018 luxum
1444 1960 1476 2018 11
1508 1957 1609 2039 raptis
1640 1955 1784 2041 opulenti

589 2063 738 2125 omittere
770 2062 921 2125 stationes
950 2059 1085 2124 lascivia
1116 2057 1304 2143 epularum,
1337 2066 1394 2122 aut
1425 2081 1537 2124 somno
1561 2067 1593 2126 et
1616 2064 1691 2127 rino
1714 2084 1784 2147 pro·

589 2166 772 2231 cumbere’'.
804 2166 899 2230 Errat
929 2165 1041 2241 editor,
1073 2166 1129 2248 qui
1152 2164 1205 2227 hic
1227 2169 1300 2248 post
1320 2165 1465 2228 stationes
1488 2165 1652 2252 virgulam
1676 2169 1785 2252 ponit,

589 2279 622 2337 et
641 2275 686 2336 sie
705 2293 755 2337 res
775 2292 904 2357 prorsus
923 2270 1050 2335 easdem
1070 2272 1155 2334 inter
1174 2290 1207 2334 se
1227 2272 1370 2354 opponit.
1392 2272 1441 2334 Aa
1462 2271 1638 2357 quidquam
1650 2274 1786 2337 interest

589 2381 675 2442 inter
706 2377 833 2440 11111111
864 2377 1020 2458 epulorum
1036 2376 1227 2457 praecindere
1251 2379 1284 2439 et
1306 2397 1404 2439 somno
1429 2383 1457 2439 ct
1480 2377 1548 2439 vino
1566 2377 1784 2459 procumbere?

591 2484 635 2547 At
669 2485 697 2546 si
727 2481 910 2568 virgulam,
945 2481 979 2546 id
1011 2480 1095 2565 quod
1126 2485 1210 2545 recte
1240 2467 1337 2545 ceteri
1369 2480 1491 2545 faciunt
1522 2482 1677 2558 editores,
1709 2487 1782 2567 post

590 2588 744 2669 epactarum
776 2590 941 2672 ponimus,
973 2592 1006 2651 11
1036 2585 1240 2651 recordamur
1270 2606 1366 2671 quam
1399 2607 1512 2671 parum
1536 2590 1578 2652 sit
1602 2589 1782 2671 emphatica

590 2696 674 2779 apud
697 2694 846 2759 Tacitum
869 2690 1026 2778 particula
1049 2698 1119 2770 cat,
1144 2694 1347 2776 aptissimam
1371 2692 1451 2757 hane
1475 2695 1691 2758 nanciscimur
1713 2714 1782 2758 sen·

588 2802 740 2864 tentiam:
767 2798 862 2863 modo
885 2818 960 2882 prae
984 2796 1088 2882 epulis
1111 2799 1177 2861 suis
1201 2799 1354 2862 stationes
1378 2798 1587 2876 omittebant,
1612 2797 1706 2864 modo
1725 2797 1783 2862 illo

589 2907 822 2990 temporetam
845 2904 925 2968 ebrii
948 2903 1208 2988 procumbebant.

635 3013 716 3076 Ann.
742 3009 798 3086 XI,
823 3008 878 3073 28.
910 3006 1031 3089 (Allato
1062 3028 1189 3072 rumore
1220 3007 1258 3072 de
1288 3010 1411 3095 nuptiis
1441 3011 1512 3073 istis
1544 3007 1617 3073 Silii
1639 3006 1784 3073 Messali-

587 3137 726 3201 naeque,
759 3115 886 3182 Claudii
917 3114 1041 3191 liberti,
1071 3135 1147 3179 suae
1170 3120 1351 3179 metuentes
1376 3116 1554 3199 potentiae,
1578 3115 1782 3180 acerbissime

587 3227 620 3288 in
646 3222 853 3287 Messalinam
876 3222 1103 3300 invehuntur):

604 3377 605 3380 1
635 3328 790 3405 „Subibat
821 3331 888 3393 siue
920 3327 1016 3391 dubio
1045 3332 1151 3391 metus
1175 3332 1359 3412 reputantes
1382 3326 1530 3391 hebetem
1554 3323 1726 3391 Claudium
1751 3330 1783 3391 11

587 3436 680 3499 uxori
711 3434 897 3498 devinctum
928 3432 1111 3518 multasque
1142 3438 1260 3497 mortes
1291 3434 1380 3495 iussu
1411 3431 1603 3497 Messalinae
1627 3436 1781 3516 patratas.

588 3541 713 3605 Rursus
742 3542 812 3624 ipsa
843 3538 979 3604 facilitas
1008 3541 1212 3622 imperatoris
1240 3536 1392 3602 fiduciam
1419 3537 1531 3616 dabat,
1564 3540 1591 3602 si
1615 3540 1781 3604 atrocitate

589 3648 734 3711 criminis
765 3644 1032 3730 praevaluissent,
1063 3664 1154 3728 posse
1185 3645 1324 3727 opprimi
1356 3642 1539 3709 damnatam
1576 3650 1650 3710 aute
1683 3664 1780 3729 quam

587 3772 693 3829 ream:
725 3752 779 3815 sed
811 3754 844 3814 in
875 3771 912 3815 eo
943 3750 1111 3814 discrimen
1140 3751 1240 3825 verti,
1272 3750 1299 3812 si
1331 3748 1469 3814 defensio
1492 3749 1657 3814 audiretur
1680 3755 1780 3833 utque

586 3858 712 3922 clausae
737 3877 828 3921 aures
851 3858 948 3920 etiam
972 3854 1133 3921 confitenti
1157 3854 1297 3919 lorent’'.

633 3963 696 4026 Hie
720 3964 827 4026 omnia
851 3960 1097 4038 confunduntur,
1122 3981 1223 4045 neque
1247 3959 1314 4024 ulla
1337 3961 1523 4045 agnoscitur
1546 3959 1780 4044 cogitationum

586 4068 919 4151 deliberationumque
955 4069 1067 4144 series,
1105 4068 1166 4130 nisi
1201 4065 1278 4151 quid
1316 4067 1358 4129 sit
1392 4066 1457 4128 siae
1492 4064 1580 4128 dictio
1614 4068 1778 4128 tenemus:

586 4174 772 4237 concedentis
801 4172 886 4237 illud
916 4179 974 4237 est..
1006 4171 1059 4236 Sic
1090 4173 1176 4235 enirn
1208 4170 1352 4255 disputat
1383 4170 1529 4235 Tacitus:
1563 4172 1612 4247 „si
1634 4172 1707 4255 quis
1729 4190 1782 4235 me

586 4285 696 4365 roget:
729 4300 832 4344 nonne
862 4299 938 4365 ergo
969 4275 1176 4342 Messalinam
1205 4275 1315 4340 liberti
1344 4278 1400 4340 isti
1430 4276 1634 4354 metuebant,
1658 4296 1783 4361 respon-

587 4385 697 4450 deam:
723 4384 863 4470 proiecto
887 4383 1072 4449 metuebant
1096 4402 1184 4459 eam,
1209 4381 1264 4446 sed
1288 4402 1315 4446 1.
1329 4403 1358 4466 q.
1373 4380 1432 4446 s.”.

634 4490 724 4570 Quod
744 4495 853 4554 autem
872 4489 911 4553 ad
929 4487 1012 4553 illud
1030 4496 1120 4573 atque
1139 4490 1295 4572 pertinet,
1314 4488 1473 4552 brevitate
1491 4486 1619 4552 Tacitae
1637 4491 1779 4573 positum

586 4602 692 4661 111111
711 4594 924 4681 Nipperdeius
944 4594 1003 4659 hoo
1022 4614 1133 4659 sensu:
1157 4600 1210 4671 „et
1230 4592 1314 4677 quod
1334 4591 1534 4657 efficiendum
1546 4598 1630 4657 esset
1641 4599 1699 4659 ut.
1714 4640 1721 4657 .
1736 4592 1778 4658 .’'.

584 4701 647 4766 Sed
680 4707 748 4764 tam
778 4708 919 4766 contorte
949 4699 1095 4765 locutum
1127 4698 1276 4763 Tacitum
1300 4700 1355 4762 vix
1379 4696 1547 4775 credibile,
1572 4704 1667 4783 atque
1690 4697 1780 4763 istud

585 4814 614 4869 et
645 4808 724 4890 quod
752 4826 866 4890 parum
897 4812 1010 4889 aptum
1043 4811 1091 4870 est
1123 4803 1291 4868 vinculum
1321 4803 1361 4868 ad
1391 4805 1556 4887 sequentia
1587 4803 1780 4869 annectenda

586 4910 857 4996 praecedentibus.
890 4910 977 4997 Ilrgo
1009 4913 1054 4975 sic
1085 4912 1192 4996 potius
1222 4908 1333 4974 locum
1362 4908 1519 4995 explicem
1551 4914 1588 4973 ut
1618 4908 1722 4975 dicam
1745 4911 1780 4974 in
