5125 6150
1045 805 1087 852 nn
1110 803 1315 852 ausanuoms
1337 802 1523 850 amasonia.
1827 777 1869 842 43

689 972 949 1043 Καλλιδίκην
971 971 1125 1047 βασιλίδα
1149 974 1207 1033 τῶν
1231 975 1428 1048 Θεσπρωτῶν.
1449 966 1558 1032 ἔπειτα
1578 965 1713 1042 τίλνμος
1733 965 1874 1029 συνίστα-

688 1102 742 1140 ται
765 1084 831 1148 τοῖς
856 1085 1051 1155 Θεστρυτοῖς
1074 1080 1146 1156 πρὸς
1171 1075 1323 1153 Βρύγους,
1343 1075 1516 1143 Ὀδυσσέως
1537 1072 1720 1150 ἡγουμένου·
1742 1070 1873 1134 ἐνταῦθα

683 1187 783 1260 Ι’ίλρης
818 1183 892 1254 τοὺς
927 1184 992 1262 τερί
1027 1186 1080 1248 τὸν
1115 1181 1267 1247 Ὀδυσσέα
1302 1181 1466 1260 τρέπεται,
1497 1179 1549 1243 καί
1582 1179 1666 1256 αὐτῷ
1698 1177 1739 1249 είς
1764 1175 1874 1255 μάχην

689 1291 806 1362 Ἀθηνᾶ
839 1289 1044 1353 καθίσταται·
1077 1289 1200 1360 τούτους
1232 1288 1288 1363 μὲν
1319 1287 1480 1352 Ἀτίλλοιν
1505 1285 1634 1351 διαλύει.
1659 1284 1742 1360 μετὰ
1765 1282 1796 1347 δὲ
1819 1283 1874 1354 την

687 1394 880 1468 Καλλιδίκης
915 1397 1063 1470 τελευτὴν
1099 1396 1153 1467 την
1186 1395 1242 1471 aar
1272 1394 1439 1471 βασιλείαν
1471 1392 1649 1471 διαδέχεται
1682 1389 1875 1463 Πολυποίτης

687 1502 865 1573 Ὀδυσσέας
896 1501 976 1579 vide,
1008 1501 1101 1571 αὐτὸς
1131 1500 1157 1564 δ’
1181 1501 1223 1571 είς
1248 1499 1367 1572 Ἰίοίκην
1390 1501 1587 1580 ἀφικνεῖται·
1613 1498 1670 1563 κοὶν
1693 1495 1790 1576 τούτῳ
1813 1504 1876 1569 Τη-

688 1607 817 1684 λέγονος
841 1607 891 1671 ἐισί
916 1607 1039 1688 ζήτησιν
1064 1613 1117 1671 τοῦ
1141 1606 1256 1685 πατρὸς
1280 1607 1390 1683 τλέυν,
1414 1604 1542 1682 οίτοβας
1566 1605 1608 1675 είς
1633 1602 1752 1677 Ἰίοίκην
1770 1600 1873 1679 τίμννι

688 1716 746 1788 την
779 1721 882 1785 νῆσον·
916 1713 1105 1790 ἐκβοηθήσας
1138 1713 1164 1777 δ’
1195 1714 1362 1783 Ὀδυσσεὺς
1394 1712 1451 1776 ὑπὸ
1482 1717 1533 1777 τοῦ
1566 1710 1672 1783 παιδὸς
1705 1711 1873 1788 οὶναιρεῑται

688 1823 763 1884 κατ’
789 1819 927 1897 ἄγνοιαν.
952 1819 1124 1895 Τηλέγονος
1149 1819 1175 1882 δ’
1201 1819 1341 1895 ἐπιγνοὺς
1365 1820 1421 1891 την
1444 1818 1600 1897 οἱριαρτίαν
1622 1818 1658 1881 τί
1680 1841 1715 1881 τε
1740 1821 1792 1880 τοῦ
1815 1838 1875 1879 τα-

688 1927 760 2005 τρίς
794 1933 885 2002 σῶμα
918 1926 969 1989 καί
995 1927 1046 1990 τὸν
1069 1925 1263 2004 Τηλέμαχον
1287 1926 1338 1989 καί
1363 1927 1418 2000 την
1443 1923 1620 1999 Πηνελόπην
1645 1926 1717 2001 τρίς
1741 1925 1795 1996 την
1819 1946 1876 1999 μη-

688 2036 764 2113 τίρα
796 2034 990 2109 μείίστησιν·
1023 2036 1040 2109 ἡ
1072 2033 1102 2098 δὲ
1134 2032 1304 2104 ἀθανάτους
1328 2039 1424 2110 ποιεί,
1449 2032 1499 2095 καί
1525 2039 1653 2097 συνοικεῖ
1673 2041 1712 2111 τῇ
1735 2031 1792 2108 μὲν
1816 2039 1875 2103 nn·

690 2139 804 2221 νελίση
828 2139 1021 2217 Τηλέγονος,
1047 2142 1138 2218 Κίρκη
1162 2140 1193 2204 δὲ
1216 2139 1420 2221 Τηλέμαχος.

735 2246 825 2311 Duas
859 2247 999 2311 diversae
1033 2244 1156 2310 fabulas
1191 2246 1241 2309 hio
1276 2265 1343 2309 esse
1377 2246 1574 2320 coniunctas,
1610 2264 1745 2328 quarum
1776 2241 1876 2307 altera

691 2356 797 2438 ipsam
829 2350 1089 2436 Thesprotidem,
1125 2351 1225 2416 altera
1260 2349 1363 2415 Ulixis
1398 2343 1534 2415 mortem
1570 2353 1747 2426 contineat,
1782 2369 1875 2413 nemo

689 2458 823 2546 negabit
831 2479 839 2536 ;
864 2461 1012 2523 iunctura
1035 2463 1142 2523 autem
1167 2459 1307 2523 eernitur
1330 2462 1402 2521 ante
1426 2457 1522 2522 verba
1542 2458 1633 2527 αὐτὸς
1651 2457 1677 2521 δ’
1696 2458 1737 2526 είς
1757 2455 1875 2528 Ἰίοίκην

689 2579 782 2630 κ.τ.λ.
815 2563 881 2628 Pro
911 2570 996 2628 oerto
1027 2566 1131 2649 igitur
1153 2566 1345 2628 constituere
1369 2583 1538 2649 possumus
1557 2566 1725 2648 antiquum
1749 2562 1875 2627 Musaei

691 2690 838 2746 carmen,
871 2669 953 2754 quod
975 2669 1177 2754 Eugammon
1202 2668 1388 2753 compilasse
1411 2668 1462 2734 vel
1486 2672 1633 2733 imitatus
1656 2690 1722 2734 esse
1746 2669 1872 2745 dieitur,

692 2779 832 2862 priorem
863 2775 958 2840 modo
988 2775 1128 2841 fabulam
1161 2777 1369 2849 continuisse;
1395 2775 1474 2840 hano
1498 2773 1678 2859 Cyrenaeus
1702 2781 1811 2860 poeta,
1835 2779 1873 2838 ut

692 2882 754 2947 fuit
784 2888 930 2947 veterum
959 2890 1145 2966 poematum
1167 2887 1336 2958 consertor,
1360 2882 1442 2946 haud
1467 2882 1561 2946 dubie
1584 2902 1621 2946 eo
1644 2881 1773 2946 oonsilio
1792 2884 1875 2945 inter

691 2988 927 3073 expeditionem
949 2991 981 3052 in
1004 2987 1132 3053 Elidem
1156 2995 1188 3052 et
1210 2989 1316 3052 herois
1339 2993 1476 3053 mortem
1497 2989 1673 3064 interiecit,
1695 2992 1730 3051 ut
1749 3007 1874 3052 carmen

693 3098 824 3160 maioris
855 3095 943 3160 fieret
974 3096 1124 3161 ambitus.
1156 3095 1245 3160 Unde
1269 3098 1413 3180 sequitur
1437 3094 1624 3181 Telegoniae
1648 3100 1769 3180 partem
1793 3098 1877 3179 prin·
1996 3111 2000 3119 ·

694 3201 828 3287 ripalem
858 3223 937 3278 non,
969 3208 1006 3267 ut
1036 3202 1165 3287 quidam
1187 3208 1340 3286 putarunt
1355 3200 1379 3282 ¹)
1403 3202 1500 3266 fuisse
1523 3200 1762 3285 Thesprotidem
1784 3199 1874 3264 illam

694 3315 873 3391 surreptam
906 3314 1000 3391 atque
1034 3310 1250 3383 interiectam,
1287 3308 1342 3372 sed
1375 3314 1412 3372 ut
1442 3311 1549 3393 ipsum
1580 3328 1693 3373 nomen
1723 3309 1874 3372 carminis

694 3412 829 3489 indicat,
861 3411 959 3475 illisis
981 3421 1098 3476 σκοτίοιο
1121 3438 1140 3475 ο
1165 3414 1306 3492 Telmeso
1320 3413 1394 3495 filio
1417 3414 1547 3477 ι’ίίοίονι.

736 3518 960 3604 Rogamus,
979 3523 1016 3582 ut
1036 3539 1132 3603 supra
1150 3517 1308 3594 vidimus,
1329 3524 1555 3604 argumentum
1566 3521 1690 3583 itineris
1702 3520 1734 3582 in
1745 3517 1872 3583 Elidem

695 3646 754 3689 non
786 3624 825 3689 de
856 3645 913 3688 suo
941 3627 1152 3710 excogitavit,
1177 3624 1230 3690 sed
1254 3624 1387 3689 Homeri
1410 3626 1527 3690 indicia
1548 3631 1596 3690 ost
1620 3629 1747 3689 secutus
1770 3645 1871 3710 neque

697 3751 830 3816 usquam
855 3751 873 3794 a
896 3730 974 3795 duee
997 3751 1054 3795 suo
1079 3731 1206 3795 deflexit
1228 3733 1290 3795 uisi
1312 3732 1395 3816 quod
1414 3733 1538 3818 Augias
1557 3732 1720 3797 historiam
1741 3730 1871 3795 addidit.

695 3836 783 3902 Hane
804 3838 961 3901 rationem
981 3839 1073 3901 auxie
1093 3838 1291 3902 observatam
1311 3846 1522 3922 tunoquoque
1535 3838 1681 3902 adhibuit
1694 3858 1767 3901 oum
1780 3836 1874 3901 Thes

695 3943 851 4030 protidem
874 3945 1074 4029 interponere
1099 3942 1206 4008 vellet.
1230 3943 1392 4008 Homerus
1416 3947 1502 4008 enim
1524 3947 1629 4029 inquit
1652 3943 1750 4008 λ135
1764 3964 1849 4027 sqq.:

1133 4046 1261 4119 ίοίνατος
1286 4049 1317 4113 δι’
1341 4072 1386 4112 τοι
1411 4048 1444 4127 ἐξ
1467 4049 1541 4120 οἱλὸς
1567 4051 1649 4126 αὐτῷ

828 4155 991 4235 α’βληχρδς
1015 4154 1108 4231 μοίλα
1131 4164 1208 4226 τοῖος
1233 4154 1409 4233 ἐλεύσεται,
1434 4150 1464 4225 ὅς
1489 4157 1522 4219 κε’
1546 4179 1580 4219 σε
1606 4156 1708 4237 τίφνη

828 4262 943 4338 γήρα
968 4261 1041 4325 ὑτί
1064 4264 1220 4339 λιπαρῷ
1245 4262 1456 4340 ἀρημένον,

690 4372 710 4433 i.
724 4388 759 4431 e:
792 4367 908 4429 homine
937 4366 992 4429 illo
1022 4368 1149 4444 ιάοσιιίο,
1174 4367 1324 4451 semisque
1347 4367 1478 4430 emerit-ue
1500 4368 1565 4431 deis
1591 4368 1698 4431 oblatis
1721 4389 1797 4430 mera
1820 4366 1876 4430 tibi

689 4475 840 4554 martinpel
869 4479 1014 4536 amoeno
1044 4475 1188 4558 confecto.
1214 4473 1324 4539 Ulixes
1348 4481 1457 4539 autem
1481 4496 1518 4540 ex
1541 4474 1632 4539 lllide
1656 4495 1801 4540 reversus
1823 4495 1875 4539 ne

688 4601 853 4667 quaquam
875 4602 964 4642 aenea·
986 4579 1103 4643 nedum
1126 4603 1215 4643 aenea
1236 4583 1389 4665 eorrfmtm
1412 4584 1517 4645 vocari
1542 4585 1678 4665 poterat;
1704 4582 1874 4646 manebant

687 4708 765 4752 eum
797 4686 929 4771 plurimi
951 4688 1043 4763 anni,
1068 4707 1147 4769 quos
1171 4686 1346 4751 seeundum
1370 4687 1548 4752 Homerum
1573 4686 1764 4774 tranquillus
1788 4690 1875 4773 quie·

726 4933 752 4993 l)
772 4931 883 4981 Weleler
901 4930 943 4997 Ep.
960 4929 1024 4994 cycl
1043 4928 1069 4978 ll
1087 4930 1144 4980 ³02.
