<?xml version="1.0" encoding="UTF-8"?>
<!DOCTYPE html PUBLIC "-//W3C//DTD XHTML 1.0 Transitional//EN"
    "http://www.w3.org/TR/xhtml1/DTD/xhtml1-transitional.dtd">
<html xmlns="http://www.w3.org/1999/xhtml" xml:lang="en" lang="en">
 <head>
  <title>
</title>
<meta http-equiv="Content-Type" content="text/html;charset=utf-8" />
  <meta name='ocr-system' content='tesseract 3.04.00' />
  <meta name='ocr-capabilities' content='ocr_page ocr_carea ocr_par ocr_line ocrx_word'/>
</head>
<body>
  <div class='ocr_page' id='page_1' title='image "./mnemosyne04verdgoog_0050.png"; bbox 0 0 5125 6150; ppageno 0'>
   <div class='ocr_carea' id='block_1_1' title="bbox 943 787 1768 860">
    <p class='ocr_par' dir='ltr' id='par_1_1' title="bbox 943 787 1768 860">
     <span class='ocr_line' id='line_1_1' title="bbox 943 787 1768 860; baseline -0.007 -1"><span class='ocrx_word' id='word_1_1' title='bbox 943 813 985 860; x_wconf 86' lang='lat' dir='ltr'><strong>nu</strong></span> <span class='ocrx_word' id='word_1_2' title='bbox 1007 810 1214 859; x_wconf 71' lang='lat' dir='ltr'><strong>asemona</strong></span> <span class='ocrx_word' id='word_1_3' title='bbox 1236 809 1423 858; x_wconf 75' lang='lat' dir='ltr'><strong>rimosum.</strong></span> <span class='ocrx_word' id='word_1_4' title='bbox 1726 787 1768 854; x_wconf 82' lang='lat'><strong>47</strong></span> 
     </span>
    </p>
   </div>
   <div class='ocr_carea' id='block_1_2' title="bbox 583 978 1772 1386">
    <p class='ocr_par' dir='ltr' id='par_1_2' title="bbox 583 978 1772 1386">
     <span class='ocr_line' id='line_1_2' title="bbox 583 978 1772 1063; baseline -0.004 -18"><span class='ocrx_word' id='word_1_5' title='bbox 583 982 692 1047; x_wconf 90' lang='lat' dir='ltr'><strong>rithoo</strong></span> <span class='ocrx_word' id='word_1_6' title='bbox 723 979 921 1047; x_wconf 80' lang='lat' dir='ltr'><strong>descenderit</strong></span> <span class='ocrx_word' id='word_1_7' title='bbox 949 979 988 1044; x_wconf 94' lang='lat' dir='ltr'><strong>ad</strong></span> <span class='ocrx_word' id='word_1_8' title='bbox 1010 979 1129 1044; x_wconf 89' lang='lat' dir='ltr'><strong>inferos</strong></span> <span class='ocrx_word' id='word_1_9' title='bbox 1153 983 1191 1042; x_wconf 87' lang='lat' dir='ltr'><strong>ut</strong></span> <span class='ocrx_word' id='word_1_10' title='bbox 1213 980 1434 1063; x_wconf 78' lang='lat' dir='ltr'>Proserpinam</span> <span class='ocrx_word' id='word_1_11' title='bbox 1457 981 1597 1063; x_wconf 88' lang='lat' dir='ltr'><strong>raperet,</strong></span> <span class='ocrx_word' id='word_1_12' title='bbox 1623 978 1772 1042; x_wconf 81' lang='lat' dir='ltr'><strong>meminit</strong></span> 
     </span>
     <span class='ocr_line' id='line_1_3' title="bbox 584 1084 1771 1162; baseline -0.004 -10"><span class='ocrx_word' id='word_1_13' title='bbox 584 1088 700 1153; x_wconf 89' lang='lat' dir='ltr'><strong>heroes</strong></span> <span class='ocrx_word' id='word_1_14' title='bbox 722 1089 821 1152; x_wconf 88' lang='lat' dir='ltr'><strong>fuisse</strong></span> <span class='ocrx_word' id='word_1_15' title='bbox 844 1089 967 1152; x_wconf 82' lang='lat' dir='ltr'><strong>vinctos</strong></span> <span class='ocrx_word' id='word_1_16' title='bbox 991 1089 1024 1150; x_wconf 91' lang='lat' dir='ltr'><strong>in</strong></span> <span class='ocrx_word' id='word_1_17' title='bbox 1047 1106 1140 1162; x_wconf 86' lang='lat' dir='ltr'><strong>saxo,</strong></span> <span class='ocrx_word' id='word_1_18' title='bbox 1164 1085 1220 1150; x_wconf 89' lang='lat' dir='ltr'><strong>ubi</strong></span> <span class='ocrx_word' id='word_1_19' title='bbox 1240 1084 1379 1149; x_wconf 78' lang='lat' dir='ltr'>Theseus</span> <span class='ocrx_word' id='word_1_20' title='bbox 1403 1084 1535 1149; x_wconf 90' lang='lat' dir='ltr'><strong>sedisset</strong></span> <span class='ocrx_word' id='word_1_21' title='bbox 1553 1086 1586 1148; x_wconf 92' lang='lat' dir='ltr'><strong>in</strong></span> <span class='ocrx_word' id='word_1_22' title='bbox 1606 1090 1771 1148; x_wconf 87' lang='lat' dir='ltr'><strong>aeternum</strong></span> 
     </span>
     <span class='ocr_line' id='line_1_4' title="bbox 585 1190 1771 1280; baseline -0.003 -25"><span class='ocrx_word' id='word_1_23' title='bbox 585 1192 698 1280; x_wconf 88' lang='lat' dir='ltr'><strong>(Verg.</strong></span> <span class='ocrx_word' id='word_1_24' title='bbox 724 1196 803 1259; x_wconf 86' lang='lat' dir='ltr'><strong>Aen.</strong></span> <span class='ocrx_word' id='word_1_25' title='bbox 826 1191 879 1270; x_wconf 85' lang='lat' dir='ltr'><strong>Vl,</strong></span> <span class='ocrx_word' id='word_1_26' title='bbox 900 1191 980 1271; x_wconf 81' lang='lat'>617)</span> <span class='ocrx_word' id='word_1_27' title='bbox 1002 1194 1064 1257; x_wconf 91' lang='lat' dir='ltr'><strong>nisi</strong></span> <span class='ocrx_word' id='word_1_28' title='bbox 1087 1191 1241 1256; x_wconf 78' lang='lat' dir='ltr'><strong>Hercules</strong></span> <span class='ocrx_word' id='word_1_29' title='bbox 1260 1212 1336 1256; x_wconf 92' lang='lat' dir='ltr'><strong>eum</strong></span> <span class='ocrx_word' id='word_1_30' title='bbox 1356 1190 1483 1266; x_wconf 80' lang='grc' dir='ltr'><strong><em>ἐξίσωσε</em></strong></span> <span class='ocrx_word' id='word_1_31' title='bbox 1504 1191 1544 1262; x_wconf 82' lang='grc' dir='ltr'><strong>είς</strong></span> <span class='ocrx_word' id='word_1_32' title='bbox 1565 1190 1644 1270; x_wconf 67' lang='lat' dir='ltr'><strong>&lt;odor</strong></span> <span class='ocrx_word' id='word_1_33' title='bbox 1667 1195 1771 1268; x_wconf 80' lang='grc' dir='ltr'><strong><em>νεκρῶν</em></strong></span> 
     </span>
     <span class='ocr_line' id='line_1_5' title="bbox 585 1296 1772 1386; baseline -0.002 -22"><span class='ocrx_word' id='word_1_34' title='bbox 585 1300 675 1380; x_wconf 84' lang='grc' dir='ltr'><strong><em>ποίροι</em></strong></span> <span class='ocrx_word' id='word_1_35' title='bbox 701 1301 826 1386; x_wconf 80' lang='lat' dir='ltr'><strong>(Eurip.</strong></span> <span class='ocrx_word' id='word_1_36' title='bbox 847 1299 942 1364; x_wconf 87' lang='lat' dir='ltr'><strong>Here.</strong></span> <span class='ocrx_word' id='word_1_37' title='bbox 966 1298 1076 1377; x_wconf 86' lang='grc'>1222).</span> <span class='ocrx_word' id='word_1_38' title='bbox 1101 1298 1127 1362; x_wconf 82' lang='grc' dir='ltr'>Ε</span> <span class='ocrx_word' id='word_1_39' title='bbox 1151 1299 1265 1383; x_wconf 93' lang='lat' dir='ltr'><strong>quibus</strong></span> <span class='ocrx_word' id='word_1_40' title='bbox 1289 1305 1418 1383; x_wconf 88' lang='lat' dir='ltr'><strong>apparet</strong></span> <span class='ocrx_word' id='word_1_41' title='bbox 1441 1301 1502 1363; x_wconf 90' lang='lat' dir='ltr'><strong>iter</strong></span> <span class='ocrx_word' id='word_1_42' title='bbox 1523 1296 1607 1363; x_wconf 92' lang='lat' dir='ltr'><strong>illud</strong></span> <span class='ocrx_word' id='word_1_43' title='bbox 1624 1300 1659 1362; x_wconf 94' lang='lat' dir='ltr'><strong>in</strong></span> <span class='ocrx_word' id='word_1_44' title='bbox 1677 1296 1772 1362; x_wconf 81' lang='lat' dir='ltr'><strong>Thes</strong></span> 
     </span>
    </p>
   </div>
   <div class='ocr_carea' id='block_1_3' title="bbox 582 1401 1772 4994">
    <p class='ocr_par' dir='ltr' id='par_1_3' title="bbox 584 1401 1772 2861">
     <span class='ocr_line' id='line_1_6' title="bbox 585 1401 1770 1493; baseline -0.003 -22"><span class='ocrx_word' id='word_1_45' title='bbox 585 1408 729 1493; x_wconf 84' lang='lat' dir='ltr'><strong>protiam</strong></span> <span class='ocrx_word' id='word_1_46' title='bbox 752 1406 800 1471; x_wconf 93' lang='lat' dir='ltr'><strong>nil</strong></span> <span class='ocrx_word' id='word_1_47' title='bbox 823 1405 1000 1471; x_wconf 87' lang='lat' dir='ltr'><strong>aliudesse</strong></span> <span class='ocrx_word' id='word_1_48' title='bbox 1024 1425 1120 1489; x_wconf 90' lang='lat' dir='ltr'><strong>quam</strong></span> <span class='ocrx_word' id='word_1_49' title='bbox 1144 1404 1323 1482; x_wconf 71' lang='grc' dir='ltr'><strong><em>κατάβασιν</em></strong></span> <span class='ocrx_word' id='word_1_50' title='bbox 1348 1405 1390 1474; x_wconf 89' lang='grc' dir='ltr'><strong>είς</strong></span> <span class='ocrx_word' id='word_1_51' title='bbox 1412 1401 1526 1482; x_wconf 77' lang='grc' dir='ltr'><strong><em>Ἀιδιν,</em></strong></span> <span class='ocrx_word' id='word_1_52' title='bbox 1550 1403 1603 1471; x_wconf 84' lang='lat' dir='ltr'><strong>vel</strong></span> <span class='ocrx_word' id='word_1_53' title='bbox 1625 1409 1663 1469; x_wconf 87' lang='lat' dir='ltr'><strong>ut</strong></span> <span class='ocrx_word' id='word_1_54' title='bbox 1684 1404 1770 1468; x_wconf 90' lang='lat' dir='ltr'><strong>idem</strong></span> 
     </span>
     <span class='ocr_line' id='line_1_7' title="bbox 584 1510 1769 1592; baseline -0.003 -14"><span class='ocrx_word' id='word_1_55' title='bbox 584 1511 659 1577; x_wconf 87' lang='lat' dir='ltr'><strong>aliis</strong></span> <span class='ocrx_word' id='word_1_56' title='bbox 696 1514 801 1578; x_wconf 85' lang='lat' dir='ltr'><strong>verbis</strong></span> <span class='ocrx_word' id='word_1_57' title='bbox 836 1511 956 1588; x_wconf 83' lang='lat' dir='ltr'><strong>dicam,</strong></span> <span class='ocrx_word' id='word_1_58' title='bbox 992 1511 1193 1592; x_wconf 75' lang='lat' dir='ltr'><strong>Pheaprotiam</strong></span> <span class='ocrx_word' id='word_1_59' title='bbox 1223 1516 1339 1577; x_wconf 87' lang='lat' dir='ltr'><strong>terram</strong></span> <span class='ocrx_word' id='word_1_60' title='bbox 1370 1510 1564 1587; x_wconf 81' lang='lat' dir='ltr'><strong>fabulosam,</strong></span> <span class='ocrx_word' id='word_1_61' title='bbox 1596 1517 1769 1589; x_wconf 90' lang='lat' dir='ltr'><strong>remotam,</strong></span> 
     </span>
     <span class='ocr_line' id='line_1_8' title="bbox 585 1613 1771 1704; baseline -0.002 -21"><span class='ocrx_word' id='word_1_62' title='bbox 585 1621 805 1704; x_wconf 75' lang='lat' dir='ltr'><strong>incognitam,</strong></span> <span class='ocrx_word' id='word_1_63' title='bbox 841 1618 1072 1702; x_wconf 82' lang='lat' dir='ltr'><strong>antiquissimis</strong></span> <span class='ocrx_word' id='word_1_64' title='bbox 1105 1613 1353 1681; x_wconf 78' lang='lat' dir='ltr'><strong>Atheniensibus</strong></span> <span class='ocrx_word' id='word_1_65' title='bbox 1389 1617 1487 1682; x_wconf 83' lang='lat' dir='ltr'><strong>fuisse</strong></span> <span class='ocrx_word' id='word_1_66' title='bbox 1520 1640 1638 1698; x_wconf 77' lang='grc' dir='ltr'><strong><em>τυραννον</em></strong></span> <span class='ocrx_word' id='word_1_67' title='bbox 1669 1615 1771 1681; x_wconf 76' lang='lat' dir='ltr'><strong>Hadia</strong></span> 
     </span>
     <span class='ocr_line' id='line_1_9' title="bbox 584 1722 1771 1810; baseline 0 -21"><span class='ocrx_word' id='word_1_68' title='bbox 584 1725 765 1790; x_wconf 81' lang='lat' dir='ltr'><strong>inferorum</strong></span> <span class='ocrx_word' id='word_1_69' title='bbox 798 1726 894 1810; x_wconf 89' lang='lat' dir='ltr'><strong>regis.</strong></span> <span class='ocrx_word' id='word_1_70' title='bbox 929 1722 1020 1802; x_wconf 78' lang='lat' dir='ltr'><strong>Quod</strong></span> <span class='ocrx_word' id='word_1_71' title='bbox 1054 1725 1081 1786; x_wconf 93' lang='lat' dir='ltr'><strong>si</strong></span> <span class='ocrx_word' id='word_1_72' title='bbox 1115 1725 1186 1807; x_wconf 89' lang='lat' dir='ltr'><strong>quis</strong></span> <span class='ocrx_word' id='word_1_73' title='bbox 1221 1723 1323 1787; x_wconf 87' lang='lat' dir='ltr'><strong>adhue</strong></span> <span class='ocrx_word' id='word_1_74' title='bbox 1359 1722 1499 1800; x_wconf 87' lang='lat' dir='ltr'><strong>dubitat,</strong></span> <span class='ocrx_word' id='word_1_75' title='bbox 1532 1723 1659 1789; x_wconf 84' lang='lat' dir='ltr'><strong>evolvat</strong></span> <span class='ocrx_word' id='word_1_76' title='bbox 1688 1725 1771 1789; x_wconf 90' lang='lat' dir='ltr'><strong>mihi</strong></span> 
     </span>
     <span class='ocr_line' id='line_1_10' title="bbox 584 1826 1770 1914; baseline -0.002 -19"><span class='ocrx_word' id='word_1_77' title='bbox 584 1830 676 1895; x_wconf 89' lang='lat' dir='ltr'><strong>Plut.</strong></span> <span class='ocrx_word' id='word_1_78' title='bbox 702 1830 766 1894; x_wconf 81' lang='lat' dir='ltr'><strong>Vit.</strong></span> <span class='ocrx_word' id='word_1_79' title='bbox 790 1828 904 1894; x_wconf 81' lang='lat' dir='ltr'><strong>Thesei</strong></span> <span class='ocrx_word' id='word_1_80' title='bbox 927 1851 953 1892; x_wconf 86' lang='lat' dir='ltr'><strong>e.</strong></span> <span class='ocrx_word' id='word_1_81' title='bbox 981 1828 1034 1905; x_wconf 88' lang='lat'><strong>31,</strong></span> <span class='ocrx_word' id='word_1_82' title='bbox 1065 1828 1121 1891; x_wconf 92' lang='lat' dir='ltr'><strong>ubi</strong></span> <span class='ocrx_word' id='word_1_83' title='bbox 1151 1826 1303 1914; x_wconf 87' lang='lat' dir='ltr'><strong>leguntur</strong></span> <span class='ocrx_word' id='word_1_84' title='bbox 1333 1829 1427 1893; x_wconf 91' lang='lat' dir='ltr'><strong>haee:</strong></span> <span class='ocrx_word' id='word_1_85' title='bbox 1453 1831 1544 1901; x_wconf 81' lang='grc' dir='ltr'><strong><em>αὐτὸς</em></strong></span> <span class='ocrx_word' id='word_1_86' title='bbox 1568 1830 1716 1911; x_wconf 82' lang='grc' dir='ltr'><strong><em>(Θησεύς)</em></strong></span> <span class='ocrx_word' id='word_1_87' title='bbox 1740 1829 1770 1894; x_wconf 76' lang='grc' dir='ltr'><strong>δὲ</strong></span> 
     </span>
     <span class='ocr_line' id='line_1_11' title="bbox 586 1933 1770 2015; baseline 0.001 -15"><span class='ocrx_word' id='word_1_88' title='bbox 586 1937 713 2015; x_wconf 75' lang='grc' dir='ltr'><strong><em>Πειρίθῳ</em></strong></span> <span class='ocrx_word' id='word_1_89' title='bbox 745 1937 801 2007; x_wconf 85' lang='grc' dir='ltr'><strong>τήν</strong></span> <span class='ocrx_word' id='word_1_90' title='bbox 833 1936 998 2014; x_wconf 70' lang='grc' dir='ltr'><strong><em>ὑπουργίαν</em></strong></span> <span class='ocrx_word' id='word_1_91' title='bbox 1030 1933 1208 2011; x_wconf 74' lang='grc' dir='ltr'><strong><em>ἀποδιδοὺς,</em></strong></span> <span class='ocrx_word' id='word_1_92' title='bbox 1242 1935 1282 2004; x_wconf 91' lang='grc' dir='ltr'><strong>είς</strong></span> <span class='ocrx_word' id='word_1_93' title='bbox 1303 1933 1494 2014; x_wconf 85' lang='grc' dir='ltr'><strong><em>Ἤπειρον</em></strong></span> <span class='ocrx_word' id='word_1_94' title='bbox 1518 1936 1770 2013; x_wconf 74' lang='grc' dir='ltr'><strong><em>συναπεδήμησεν</em></strong></span> 
     </span>
     <span class='ocr_line' id='line_1_12' title="bbox 588 2035 1769 2125; baseline 0.003 -21"><span class='ocrx_word' id='word_1_95' title='bbox 588 2042 639 2105; x_wconf 68' lang='lat' dir='ltr'><strong>lvi</strong></span> <span class='ocrx_word' id='word_1_96' title='bbox 673 2045 728 2115; x_wconf 78' lang='grc' dir='ltr'><strong>τήν</strong></span> <span class='ocrx_word' id='word_1_97' title='bbox 759 2041 971 2112; x_wconf 79' lang='grc' dir='ltr'><strong><em>’Λιδυνέυς</em></strong></span> <span class='ocrx_word' id='word_1_98' title='bbox 1004 2040 1177 2117; x_wconf 91' lang='grc' dir='ltr'><strong><em>θυγατέρα,</em></strong></span> <span class='ocrx_word' id='word_1_99' title='bbox 1209 2045 1261 2104; x_wconf 83' lang='grc' dir='ltr'><strong>τοῦ</strong></span> <span class='ocrx_word' id='word_1_100' title='bbox 1285 2047 1451 2105; x_wconf 78' lang='grc' dir='ltr'><strong><em>Μολοσσῶν</em></strong></span> <span class='ocrx_word' id='word_1_101' title='bbox 1476 2042 1647 2119; x_wconf 80' lang='grc' dir='ltr'><strong><em>βασιλέως·</em></strong></span> <span class='ocrx_word' id='word_1_102' title='bbox 1678 2035 1708 2115; x_wconf 61' lang='lat' dir='ltr'><strong>ts</strong></span> <span class='ocrx_word' id='word_1_103' title='bbox 1732 2053 1769 2125; x_wconf 77' lang='grc' dir='ltr'><strong>πή</strong></span> 
     </span>
     <span class='ocr_line' id='line_1_13' title="bbox 586 2146 1770 2229; baseline 0.001 -18"><span class='ocrx_word' id='word_1_104' title='bbox 586 2149 712 2227; x_wconf 82' lang='grc' dir='ltr'><strong><em>γυναικί</em></strong></span> <span class='ocrx_word' id='word_1_105' title='bbox 736 2147 995 2226; x_wconf 70' lang='grc' dir='ltr'><strong><em>Περσεφόνην</em></strong></span> <span class='ocrx_word' id='word_1_106' title='bbox 1021 2146 1113 2222; x_wconf 79' lang='grc' dir='ltr'><strong><em>ὄνομα</em></strong></span> <span class='ocrx_word' id='word_1_107' title='bbox 1138 2146 1273 2224; x_wconf 79' lang='grc' dir='ltr'><strong><em>θέμενος,</em></strong></span> <span class='ocrx_word' id='word_1_108' title='bbox 1299 2147 1421 2226; x_wconf 87' lang='grc' dir='ltr'><strong><em>Κθρην</em></strong></span> <span class='ocrx_word' id='word_1_109' title='bbox 1447 2148 1476 2212; x_wconf 77' lang='grc' dir='ltr'><strong>δέ</strong></span> <span class='ocrx_word' id='word_1_110' title='bbox 1501 2158 1538 2228; x_wconf 80' lang='grc' dir='ltr'><strong>πή</strong></span> <span class='ocrx_word' id='word_1_111' title='bbox 1563 2149 1708 2229; x_wconf 85' lang='grc' dir='ltr'><strong><em>θυγατρί,</em></strong></span> <span class='ocrx_word' id='word_1_112' title='bbox 1729 2152 1770 2229; x_wconf 82' lang='grc' dir='ltr'><strong>τῷ</strong></span> 
     </span>
     <span class='ocr_line' id='line_1_14' title="bbox 587 2252 1771 2333; baseline 0.001 -14"><span class='ocrx_word' id='word_1_113' title='bbox 587 2255 620 2319; x_wconf 79' lang='grc' dir='ltr'><strong>δέ</strong></span> <span class='ocrx_word' id='word_1_114' title='bbox 644 2256 707 2318; x_wconf 83' lang='grc' dir='ltr'><strong><em>κυνί</em></strong></span> <span class='ocrx_word' id='word_1_115' title='bbox 735 2254 949 2332; x_wconf 81' lang='grc' dir='ltr'><strong><em>Κέρβερον,</em></strong></span> <span class='ocrx_word' id='word_1_116' title='bbox 974 2254 1044 2324; x_wconf 86' lang='grc' dir='ltr'><strong><em>τοὺς</em></strong></span> <span class='ocrx_word' id='word_1_117' title='bbox 1068 2252 1133 2331; x_wconf 84' lang='grc' dir='ltr'><strong><em>περί</em></strong></span> <span class='ocrx_word' id='word_1_118' title='bbox 1159 2252 1210 2315; x_wconf 83' lang='grc' dir='ltr'><strong><em>τίν</em></strong></span> <span class='ocrx_word' id='word_1_119' title='bbox 1230 2253 1378 2330; x_wconf 74' lang='grc' dir='ltr'><strong><em>Πειρίθουν</em></strong></span> <span class='ocrx_word' id='word_1_120' title='bbox 1399 2257 1434 2333; x_wconf 88' lang='lat' dir='ltr'><strong>(i.</strong></span> <span class='ocrx_word' id='word_1_121' title='bbox 1448 2275 1475 2319; x_wconf 81' lang='lat' dir='ltr'><strong>e.</strong></span> <span class='ocrx_word' id='word_1_122' title='bbox 1495 2254 1677 2322; x_wconf 86' lang='lat' dir='ltr'><strong>Pirithoum</strong></span> <span class='ocrx_word' id='word_1_123' title='bbox 1697 2277 1771 2320; x_wconf 89' lang='lat' dir='ltr'><strong>eum</strong></span> 
     </span>
     <span class='ocr_line' id='line_1_15' title="bbox 587 2357 1772 2440; baseline 0 -14"><span class='ocrx_word' id='word_1_124' title='bbox 587 2360 725 2440; x_wconf 75' lang='lat' dir='ltr'><strong>Theseo)</strong></span> <span class='ocrx_word' id='word_1_125' title='bbox 746 2362 778 2424; x_wconf 81' lang='grc' dir='ltr'><strong>οὐ</strong></span> <span class='ocrx_word' id='word_1_126' title='bbox 797 2366 974 2435; x_wconf 74' lang='grc' dir='ltr'><strong><em>μνηστῆρας</em></strong></span> <span class='ocrx_word' id='word_1_127' title='bbox 999 2359 1089 2435; x_wconf 83' lang='grc' dir='ltr'><strong><em>ήκειν,</em></strong></span> <span class='ocrx_word' id='word_1_128' title='bbox 1115 2360 1189 2421; x_wconf 72' lang='grc' dir='ltr'><strong>ἀλλ’</strong></span> <span class='ocrx_word' id='word_1_129' title='bbox 1213 2357 1440 2434; x_wconf 68' lang='grc' dir='ltr'><strong><em>ἁρπασομένους</em></strong></span> <span class='ocrx_word' id='word_1_130' title='bbox 1466 2363 1681 2440; x_wconf 76' lang='grc' dir='ltr'><strong><em>πυνθανόμενος</em></strong></span> <span class='ocrx_word' id='word_1_131' title='bbox 1707 2387 1772 2428; x_wconf 91' lang='grc' dir='ltr'><strong><em>συν-</em></strong></span> 
     </span>
     <span class='ocr_line' id='line_1_16' title="bbox 590 2465 1770 2547; baseline 0.003 -16"><span class='ocrx_word' id='word_1_132' title='bbox 590 2468 708 2545; x_wconf 84' lang='grc' dir='ltr'><strong><em>έλαβε,</em></strong></span> <span class='ocrx_word' id='word_1_133' title='bbox 742 2466 793 2530; x_wconf 83' lang='grc' dir='ltr'><strong><em>καί</em></strong></span> <span class='ocrx_word' id='word_1_134' title='bbox 825 2466 876 2530; x_wconf 83' lang='grc' dir='ltr'><strong>τὸν</strong></span> <span class='ocrx_word' id='word_1_135' title='bbox 908 2467 963 2541; x_wconf 83' lang='grc' dir='ltr'><strong>μέν</strong></span> <span class='ocrx_word' id='word_1_136' title='bbox 995 2465 1144 2545; x_wconf 79' lang='grc' dir='ltr'><strong><em>Πειρίθουν</em></strong></span> <span class='ocrx_word' id='word_1_137' title='bbox 1175 2465 1260 2534; x_wconf 81' lang='grc' dir='ltr'><strong><em>εὐθὺς</em></strong></span> <span class='ocrx_word' id='word_1_138' title='bbox 1286 2466 1417 2542; x_wconf 75' lang='grc' dir='ltr'><strong><em>ήΦοίυισε</em></strong></span> <span class='ocrx_word' id='word_1_139' title='bbox 1441 2467 1490 2531; x_wconf 78' lang='grc' dir='ltr'><strong><em>διαί</em></strong></span> <span class='ocrx_word' id='word_1_140' title='bbox 1516 2473 1567 2532; x_wconf 83' lang='grc' dir='ltr'><strong>τοῦ</strong></span> <span class='ocrx_word' id='word_1_141' title='bbox 1591 2472 1694 2547; x_wconf 86' lang='grc' dir='ltr'><strong><em>κυνὸς,</em></strong></span> <span class='ocrx_word' id='word_1_142' title='bbox 1719 2471 1770 2534; x_wconf 83' lang='grc' dir='ltr'><strong>τὸν</strong></span> 
     </span>
     <span class='ocr_line' id='line_1_17' title="bbox 589 2569 1769 2652; baseline 0.002 -14"><span class='ocrx_word' id='word_1_143' title='bbox 589 2573 619 2638; x_wconf 80' lang='grc' dir='ltr'><strong>δέ</strong></span> <span class='ocrx_word' id='word_1_144' title='bbox 652 2572 761 2647; x_wconf 87' lang='grc' dir='ltr'><strong><em>Θησέα</em></strong></span> <span class='ocrx_word' id='word_1_145' title='bbox 796 2569 954 2649; x_wconf 77' lang='grc' dir='ltr'><strong><em>καθείρξας</em></strong></span> <span class='ocrx_word' id='word_1_146' title='bbox 990 2572 1176 2652; x_wconf 76' lang='grc' dir='ltr'><strong><em>ἐφύλαττεν.</em></strong></span> <span class='ocrx_word' id='word_1_147' title='bbox 1212 2593 1238 2636; x_wconf 89' lang='lat' dir='ltr'><strong>e.</strong></span> <span class='ocrx_word' id='word_1_148' title='bbox 1264 2571 1324 2636; x_wconf 86' lang='lat'><strong>35:</strong></span> <span class='ocrx_word' id='word_1_149' title='bbox 1358 2573 1546 2650; x_wconf 84' lang='grc' dir='ltr'><strong><em>θἩρακλής</em></strong></span> <span class='ocrx_word' id='word_1_150' title='bbox 1581 2576 1631 2639; x_wconf 82' lang='grc' dir='ltr'><strong>τὸν</strong></span> <span class='ocrx_word' id='word_1_151' title='bbox 1664 2577 1769 2651; x_wconf 91' lang='grc' dir='ltr'><strong><em>Θησέα</em></strong></span> 
     </span>
     <span class='ocr_line' id='line_1_18' title="bbox 589 2677 1772 2761; baseline 0.003 -18"><span class='ocrx_word' id='word_1_152' title='bbox 589 2689 769 2761; x_wconf 62' lang='grc' dir='ltr'><strong><em>παρῃτεῖτο.</em></strong></span> <span class='ocrx_word' id='word_1_153' title='bbox 794 2680 1051 2758; x_wconf 68' lang='grc' dir='ltr'><strong><em>συγχωρήσαντος</em></strong></span> <span class='ocrx_word' id='word_1_154' title='bbox 1076 2678 1107 2742; x_wconf 84' lang='grc' dir='ltr'><strong>δέ</strong></span> <span class='ocrx_word' id='word_1_155' title='bbox 1130 2683 1184 2742; x_wconf 84' lang='grc' dir='ltr'><strong>τοῦ</strong></span> <span class='ocrx_word' id='word_1_156' title='bbox 1208 2677 1369 2749; x_wconf 78' lang='grc' dir='ltr'><strong><em>Ἀιδυνέυς</em></strong></span> <span class='ocrx_word' id='word_1_157' title='bbox 1389 2680 1487 2751; x_wconf 85' lang='grc' dir='ltr'><strong><em>λυθείς</em></strong></span> <span class='ocrx_word' id='word_1_158' title='bbox 1508 2680 1522 2745; x_wconf 86' lang='grc' dir='ltr'><strong><em>θ</em></strong></span> <span class='ocrx_word' id='word_1_159' title='bbox 1543 2682 1661 2756; x_wconf 83' lang='grc' dir='ltr'><strong><em>Θησεὺς</em></strong></span> <span class='ocrx_word' id='word_1_160' title='bbox 1682 2683 1772 2747; x_wconf 88' lang='grc' dir='ltr'><strong><em>έπαν·</em></strong></span> 
     </span>
     <span class='ocr_line' id='line_1_19' title="bbox 592 2786 980 2861; baseline -0.005 -10"><span class='ocrx_word' id='word_1_161' title='bbox 592 2789 663 2861; x_wconf 86' lang='grc' dir='ltr'><strong><em>ήλθε</em></strong></span> <span class='ocrx_word' id='word_1_162' title='bbox 688 2787 734 2857; x_wconf 90' lang='grc' dir='ltr'><strong>είς</strong></span> <span class='ocrx_word' id='word_1_163' title='bbox 758 2786 816 2855; x_wconf 80' lang='grc' dir='ltr'><strong><em>τοδς</em></strong></span> <span class='ocrx_word' id='word_1_164' title='bbox 840 2786 980 2857; x_wconf 81' lang='grc' dir='ltr'><strong><em>Ἀθήνας.</em></strong></span> 
     </span>
    </p>

    <p class='ocr_par' dir='ltr' id='par_1_4' title="bbox 590 2889 1771 3084">
     <span class='ocr_line' id='line_1_20' title="bbox 633 2889 1771 2981; baseline 0.004 -25"><span class='ocrx_word' id='word_1_165' title='bbox 633 2892 719 2973; x_wconf 85' lang='lat' dir='ltr'><strong>Quid</strong></span> <span class='ocrx_word' id='word_1_166' title='bbox 742 2889 827 2976; x_wconf 89' lang='lat' dir='ltr'><strong>quod</strong></span> <span class='ocrx_word' id='word_1_167' title='bbox 848 2892 916 2976; x_wconf 89' lang='lat' dir='ltr'><strong>ipse</strong></span> <span class='ocrx_word' id='word_1_168' title='bbox 940 2890 1099 2955; x_wconf 85' lang='lat' dir='ltr'><strong>Homerus</strong></span> <span class='ocrx_word' id='word_1_169' title='bbox 1123 2911 1204 2954; x_wconf 87' lang='lat' dir='ltr'><strong>nune</strong></span> <span class='ocrx_word' id='word_1_170' title='bbox 1228 2890 1267 2954; x_wconf 90' lang='lat' dir='ltr'><strong>ad</strong></span> <span class='ocrx_word' id='word_1_171' title='bbox 1291 2895 1395 2975; x_wconf 90' lang='lat' dir='ltr'><strong>partes</strong></span> <span class='ocrx_word' id='word_1_172' title='bbox 1418 2895 1524 2957; x_wconf 88' lang='lat' dir='ltr'><strong>voeari</strong></span> <span class='ocrx_word' id='word_1_173' title='bbox 1546 2898 1665 2978; x_wconf 80' lang='lat' dir='ltr'><strong>potest3</strong></span> <span class='ocrx_word' id='word_1_174' title='bbox 1687 2894 1771 2981; x_wconf 88' lang='lat' dir='ltr'><strong>apud</strong></span> 
     </span>
     <span class='ocr_line' id='line_1_21' title="bbox 590 2994 1327 3084; baseline -0.004 -21"><span class='ocrx_word' id='word_1_175' title='bbox 590 3020 685 3084; x_wconf 91' lang='lat' dir='ltr'><strong>quem</strong></span> <span class='ocrx_word' id='word_1_176' title='bbox 709 3021 728 3060; x_wconf 96' lang='grc' dir='ltr'><strong><em>σ</em></strong></span> <span class='ocrx_word' id='word_1_177' title='bbox 744 2997 785 3061; x_wconf 83' lang='lat'><strong>79</strong></span> <span class='ocrx_word' id='word_1_178' title='bbox 798 3018 864 3083; x_wconf 92' lang='lat' dir='ltr'><strong>sqq.</strong></span> <span class='ocrx_word' id='word_1_179' title='bbox 887 2998 1046 3061; x_wconf 82' lang='lat' dir='ltr'><strong>Antinous</strong></span> <span class='ocrx_word' id='word_1_180' title='bbox 1069 2994 1119 3059; x_wconf 89' lang='lat' dir='ltr'><strong>Iro</strong></span> <span class='ocrx_word' id='word_1_181' title='bbox 1142 2998 1327 3060; x_wconf 81' lang='lat' dir='ltr'><strong>minitatur:</strong></span> 
     </span>
    </p>

    <p class='ocr_par' dir='ltr' id='par_1_5' title="bbox 679 3102 1491 3186">
     <span class='ocr_line' id='line_1_22' title="bbox 679 3102 1491 3186; baseline -0.001 -18"><span class='ocrx_word' id='word_1_182' title='bbox 679 3105 796 3182; x_wconf 78' lang='grc' dir='ltr'><strong><em>πέμψεν</em></strong></span> <span class='ocrx_word' id='word_1_183' title='bbox 821 3109 849 3166; x_wconf 80' lang='grc' dir='ltr'><strong><em>ε’</em></strong></span> <span class='ocrx_word' id='word_1_184' title='bbox 874 3102 1082 3180; x_wconf 85' lang='grc' dir='ltr'><strong><em>ήπειρθνδε</em></strong></span> <span class='ocrx_word' id='word_1_185' title='bbox 1106 3102 1213 3179; x_wconf 77' lang='grc' dir='ltr'><strong><em>βαλὼν</em></strong></span> <span class='ocrx_word' id='word_1_186' title='bbox 1238 3103 1266 3166; x_wconf 85' lang='grc' dir='ltr'><strong>έν</strong></span> <span class='ocrx_word' id='word_1_187' title='bbox 1292 3104 1335 3177; x_wconf 85' lang='grc' dir='ltr'><strong><em>νηί</em></strong></span> <span class='ocrx_word' id='word_1_188' title='bbox 1359 3105 1491 3186; x_wconf 84' lang='grc' dir='ltr'><strong><em>μελαίνη</em></strong></span> 
     </span>
    </p>

    <p class='ocr_par' dir='ltr' id='par_1_6' title="bbox 679 3209 1745 3293">
     <span class='ocr_line' id='line_1_23' title="bbox 679 3209 1745 3293; baseline 0.003 -17"><span class='ocrx_word' id='word_1_189' title='bbox 679 3212 722 3283; x_wconf 86' lang='grc' dir='ltr'><strong>είς</strong></span> <span class='ocrx_word' id='word_1_190' title='bbox 743 3210 915 3289; x_wconf 82' lang='grc' dir='ltr'><strong><em>Ἔχετον</em></strong></span> <span class='ocrx_word' id='word_1_191' title='bbox 938 3212 1144 3286; x_wconf 79' lang='grc' dir='ltr'><strong><em>βασιλῆα,</em></strong></span> <span class='ocrx_word' id='word_1_192' title='bbox 1169 3209 1320 3287; x_wconf 79' lang='grc' dir='ltr'><strong><em>βροτῶν</em></strong></span> <span class='ocrx_word' id='word_1_193' title='bbox 1344 3211 1553 3287; x_wconf 91' lang='grc' dir='ltr'><strong><em>δηλήμονα</em></strong></span> <span class='ocrx_word' id='word_1_194' title='bbox 1578 3211 1745 3293; x_wconf 84' lang='grc' dir='ltr'><strong><em>ποίυπυν,</em></strong></span> 
     </span>
    </p>

    <p class='ocr_par' dir='ltr' id='par_1_7' title="bbox 678 3313 1524 3397">
     <span class='ocr_line' id='line_1_24' title="bbox 678 3313 1524 3397; baseline -0.001 -16"><span class='ocrx_word' id='word_1_195' title='bbox 678 3313 711 3388; x_wconf 81' lang='grc' dir='ltr'><strong>θς</strong></span> <span class='ocrx_word' id='word_1_196' title='bbox 737 3320 765 3380; x_wconf 83' lang='grc' dir='ltr'><strong>κ’</strong></span> <span class='ocrx_word' id='word_1_197' title='bbox 788 3317 851 3380; x_wconf 73' lang='lat' dir='ltr'><strong>cirri</strong></span> <span class='ocrx_word' id='word_1_198' title='bbox 874 3319 939 3394; x_wconf 80' lang='grc' dir='ltr'><strong><em>ρ’ίνα</em></strong></span> <span class='ocrx_word' id='word_1_199' title='bbox 962 3314 1081 3394; x_wconf 83' lang='grc' dir='ltr'><strong><em>τοίμησι</em></strong></span> <span class='ocrx_word' id='word_1_200' title='bbox 1106 3316 1158 3378; x_wconf 84' lang='grc' dir='ltr'><strong><em>καί</em></strong></span> <span class='ocrx_word' id='word_1_201' title='bbox 1183 3314 1281 3379; x_wconf 83' lang='grc' dir='ltr'><strong><em>οὔατα</em></strong></span> <span class='ocrx_word' id='word_1_202' title='bbox 1306 3315 1387 3388; x_wconf 82' lang='grc' dir='ltr'><strong><em>νηλέι</em></strong></span> <span class='ocrx_word' id='word_1_203' title='bbox 1411 3319 1524 3397; x_wconf 78' lang='grc' dir='ltr'><strong><em>χαλινῷ</em></strong></span> 
     </span>
    </p>

    <p class='ocr_par' dir='ltr' id='par_1_8' title="bbox 592 3420 1768 3930">
     <span class='ocr_line' id='line_1_25' title="bbox 677 3420 1520 3502; baseline 0 -16"><span class='ocrx_word' id='word_1_204' title='bbox 677 3421 780 3499; x_wconf 81' lang='grc' dir='ltr'><strong><em>μήδειί</em></strong></span> <span class='ocrx_word' id='word_1_205' title='bbox 804 3427 833 3486; x_wconf 83' lang='grc' dir='ltr'><strong>τ’</strong></span> <span class='ocrx_word' id='word_1_206' title='bbox 857 3420 1012 3501; x_wconf 79' lang='grc' dir='ltr'><strong><em>έκσερθσας</em></strong></span> <span class='ocrx_word' id='word_1_207' title='bbox 1036 3421 1092 3502; x_wconf 85' lang='grc' dir='ltr'><strong><em>διίη</em></strong></span> <span class='ocrx_word' id='word_1_208' title='bbox 1117 3420 1232 3485; x_wconf 86' lang='grc' dir='ltr'><strong><em>κυσίν</em></strong></span> <span class='ocrx_word' id='word_1_209' title='bbox 1256 3423 1325 3497; x_wconf 79' lang='grc' dir='ltr'><strong><em>ὠμοὶ</em></strong></span> <span class='ocrx_word' id='word_1_210' title='bbox 1350 3421 1520 3501; x_wconf 85' lang='grc' dir='ltr'><strong><em>δαίσασθαι,</em></strong></span> 
     </span>
     <span class='ocr_line' id='line_1_26' title="bbox 593 3525 1768 3618; baseline 0.001 -23"><span class='ocrx_word' id='word_1_211' title='bbox 593 3551 668 3615; x_wconf 87' lang='lat' dir='ltr'><strong>quos</strong></span> <span class='ocrx_word' id='word_1_212' title='bbox 698 3550 809 3595; x_wconf 89' lang='lat' dir='ltr'><strong>versus</strong></span> <span class='ocrx_word' id='word_1_213' title='bbox 840 3531 867 3593; x_wconf 90' lang='lat' dir='ltr'><strong>si</strong></span> <span class='ocrx_word' id='word_1_214' title='bbox 898 3528 1089 3593; x_wconf 81' lang='lat' dir='ltr'><strong>conferimus</strong></span> <span class='ocrx_word' id='word_1_215' title='bbox 1122 3549 1197 3592; x_wconf 88' lang='lat' dir='ltr'><strong>eum</strong></span> <span class='ocrx_word' id='word_1_216' title='bbox 1225 3525 1272 3591; x_wconf 90' lang='lat' dir='ltr'><strong>l.l.</strong></span> <span class='ocrx_word' id='word_1_217' title='bbox 1298 3526 1481 3606; x_wconf 79' lang='lat' dir='ltr'><strong>Plutarchi,</strong></span> <span class='ocrx_word' id='word_1_218' title='bbox 1507 3537 1635 3614; x_wconf 88' lang='lat' dir='ltr'><strong>apparet</strong></span> <span class='ocrx_word' id='word_1_219' title='bbox 1657 3552 1768 3618; x_wconf 89' lang='lat' dir='ltr'><strong>regam</strong></span> 
     </span>
     <span class='ocr_line' id='line_1_27' title="bbox 592 3636 1766 3722; baseline 0.001 -21"><span class='ocrx_word' id='word_1_220' title='bbox 592 3636 683 3701; x_wconf 83' lang='lat' dir='ltr'><strong>illum</strong></span> <span class='ocrx_word' id='word_1_221' title='bbox 707 3637 849 3699; x_wconf 74' lang='lat' dir='ltr'><strong>Ecbatana</strong></span> <span class='ocrx_word' id='word_1_222' title='bbox 872 3640 923 3713; x_wconf 94' lang='lat'><strong>(=</strong></span> <span class='ocrx_word' id='word_1_223' title='bbox 946 3636 1002 3719; x_wconf 93' lang='lat' dir='ltr'><strong>qui</strong></span> <span class='ocrx_word' id='word_1_224' title='bbox 1026 3639 1130 3698; x_wconf 82' lang='lat' dir='ltr'><strong>servat</strong></span> <span class='ocrx_word' id='word_1_225' title='bbox 1154 3655 1210 3698; x_wconf 90' lang='lat' dir='ltr'><strong>nee</strong></span> <span class='ocrx_word' id='word_1_226' title='bbox 1234 3636 1394 3711; x_wconf 81' lang='lat' dir='ltr'><strong>remittit),</strong></span> <span class='ocrx_word' id='word_1_227' title='bbox 1418 3636 1580 3700; x_wconf 84' lang='lat' dir='ltr'><strong>viventem</strong></span> <span class='ocrx_word' id='word_1_228' title='bbox 1603 3638 1635 3700; x_wconf 88' lang='lat' dir='ltr'><strong>in</strong></span> <span class='ocrx_word' id='word_1_229' title='bbox 1659 3636 1766 3722; x_wconf 81' lang='lat' dir='ltr'><strong>Epire,</strong></span> 
     </span>
     <span class='ocr_line' id='line_1_28' title="bbox 592 3739 1766 3827; baseline 0.001 -20"><span class='ocrx_word' id='word_1_230' title='bbox 592 3743 783 3827; x_wconf 88' lang='lat' dir='ltr'><strong>perditorem</strong></span> <span class='ocrx_word' id='word_1_231' title='bbox 807 3743 931 3805; x_wconf 84' lang='grc' dir='ltr'><strong><em>ονααίιινν</em></strong></span> <span class='ocrx_word' id='word_1_232' title='bbox 952 3740 1115 3816; x_wconf 76' lang='lat' dir='ltr'><strong>hominem,</strong></span> <span class='ocrx_word' id='word_1_233' title='bbox 1140 3743 1195 3825; x_wconf 94' lang='lat' dir='ltr'><strong>qui</strong></span> <span class='ocrx_word' id='word_1_234' title='bbox 1219 3739 1367 3804; x_wconf 90' lang='lat' dir='ltr'><strong>mortales</strong></span> <span class='ocrx_word' id='word_1_235' title='bbox 1390 3741 1459 3803; x_wconf 86' lang='grc' dir='ltr'><strong><em>οονιί</em></strong></span> <span class='ocrx_word' id='word_1_236' title='bbox 1482 3741 1590 3806; x_wconf 82' lang='lat' dir='ltr'><strong>obiicit</strong></span> <span class='ocrx_word' id='word_1_237' title='bbox 1609 3741 1766 3823; x_wconf 71' lang='grc' dir='ltr'><strong><em>(ἀφανίζει</em></strong></span> 
     </span>
     <span class='ocr_line' id='line_1_29' title="bbox 592 3845 1543 3930; baseline -0.001 -18"><span class='ocrx_word' id='word_1_238' title='bbox 592 3848 639 3914; x_wconf 78' lang='lat' dir='ltr'><strong>ns</strong></span> <span class='ocrx_word' id='word_1_239' title='bbox 662 3853 717 3913; x_wconf 81' lang='grc' dir='ltr'><strong>τοῦ</strong></span> <span class='ocrx_word' id='word_1_240' title='bbox 741 3846 848 3928; x_wconf 84' lang='grc' dir='ltr'><strong><em>κυνθς),</em></strong></span> <span class='ocrx_word' id='word_1_241' title='bbox 872 3846 998 3911; x_wconf 90' lang='lat' dir='ltr'><strong>nullum</strong></span> <span class='ocrx_word' id='word_1_242' title='bbox 1023 3845 1123 3910; x_wconf 87' lang='lat' dir='ltr'><strong>alium</strong></span> <span class='ocrx_word' id='word_1_243' title='bbox 1146 3846 1244 3909; x_wconf 80' lang='lat' dir='ltr'><strong>fuisse</strong></span> <span class='ocrx_word' id='word_1_244' title='bbox 1268 3866 1364 3930; x_wconf 87' lang='lat' dir='ltr'><strong>quam</strong></span> <span class='ocrx_word' id='word_1_245' title='bbox 1389 3845 1543 3911; x_wconf 78' lang='grc' dir='ltr'><strong><em>Ἀϊδωνέα.</em></strong></span> 
     </span>
    </p>

    <p class='ocr_par' dir='ltr' id='par_1_9' title="bbox 582 3950 1769 4772">
     <span class='ocr_line' id='line_1_30' title="bbox 634 3950 1768 4039; baseline 0.001 -21"><span class='ocrx_word' id='word_1_246' title='bbox 634 3955 785 4034; x_wconf 85' lang='lat' dir='ltr'><strong>Quinimo</strong></span> <span class='ocrx_word' id='word_1_247' title='bbox 814 3955 943 4017; x_wconf 89' lang='lat' dir='ltr'><strong>nomina</strong></span> <span class='ocrx_word' id='word_1_248' title='bbox 975 3972 1098 4036; x_wconf 91' lang='lat' dir='ltr'><strong>quoque</strong></span> <span class='ocrx_word' id='word_1_249' title='bbox 1130 3950 1303 4015; x_wconf 86' lang='lat' dir='ltr'><strong>fluminum</strong></span> <span class='ocrx_word' id='word_1_250' title='bbox 1324 3951 1499 4017; x_wconf 86' lang='lat' dir='ltr'><strong>inferorum</strong></span> <span class='ocrx_word' id='word_1_251' title='bbox 1522 3956 1646 4039; x_wconf 90' lang='lat' dir='ltr'><strong>antiqui</strong></span> <span class='ocrx_word' id='word_1_252' title='bbox 1671 3961 1768 4020; x_wconf 88' lang='lat' dir='ltr'><strong>trans-</strong></span> 
     </span>
     <span class='ocr_line' id='line_1_31' title="bbox 590 4056 1766 4143; baseline -0.001 -19"><span class='ocrx_word' id='word_1_253' title='bbox 590 4060 733 4127; x_wconf 85' lang='lat' dir='ltr'><strong>tulerunt</strong></span> <span class='ocrx_word' id='word_1_254' title='bbox 764 4062 798 4124; x_wconf 90' lang='lat' dir='ltr'><strong>in</strong></span> <span class='ocrx_word' id='word_1_255' title='bbox 827 4058 1050 4143; x_wconf 77' lang='lat' dir='ltr'><strong>Thesprotiam</strong></span> <span class='ocrx_word' id='word_1_256' title='bbox 1085 4064 1165 4122; x_wconf 90' lang='lat' dir='ltr'><strong>teste</strong></span> <span class='ocrx_word' id='word_1_257' title='bbox 1194 4058 1353 4122; x_wconf 90' lang='lat' dir='ltr'><strong>Pausania</strong></span> <span class='ocrx_word' id='word_1_258' title='bbox 1383 4058 1408 4135; x_wconf 91' lang='lat' dir='ltr'><strong>l,</strong></span> <span class='ocrx_word' id='word_1_259' title='bbox 1436 4056 1486 4133; x_wconf 83' lang='lat'><strong>17,</strong></span> <span class='ocrx_word' id='word_1_260' title='bbox 1501 4057 1538 4123; x_wconf 79' lang='lat'><strong>5:</strong></span> <span class='ocrx_word' id='word_1_261' title='bbox 1572 4062 1642 4137; x_wconf 81' lang='grc' dir='ltr'><strong><em>πρὸς</em></strong></span> <span class='ocrx_word' id='word_1_262' title='bbox 1673 4061 1703 4125; x_wconf 74' lang='lat' dir='ltr'><strong>ll</strong></span> <span class='ocrx_word' id='word_1_263' title='bbox 1727 4070 1766 4140; x_wconf 75' lang='grc' dir='ltr'><strong>πή</strong></span> 
     </span>
     <span class='ocr_line' id='line_1_32' title="bbox 590 4162 1768 4250; baseline -0.003 -18"><span class='ocrx_word' id='word_1_264' title='bbox 590 4167 711 4249; x_wconf 82' lang='grc' dir='ltr'><strong><em>Κιχθριρ</em></strong></span> <span class='ocrx_word' id='word_1_265' title='bbox 735 4164 891 4250; x_wconf 78' lang='lat' dir='ltr'><strong>(Ephyra)</strong></span> <span class='ocrx_word' id='word_1_266' title='bbox 915 4164 1007 4238; x_wconf 89' lang='grc' dir='ltr'><strong><em>λίμνη</em></strong></span> <span class='ocrx_word' id='word_1_267' title='bbox 1033 4162 1067 4226; x_wconf 84' lang='grc' dir='ltr'><strong>τέ</strong></span> <span class='ocrx_word' id='word_1_268' title='bbox 1091 4163 1172 4225; x_wconf 88' lang='grc' dir='ltr'><strong><em>ε’σπιν</em></strong></span> <span class='ocrx_word' id='word_1_269' title='bbox 1197 4165 1381 4242; x_wconf 84' lang='grc' dir='ltr'><strong><em>Ἀχερουσία</em></strong></span> <span class='ocrx_word' id='word_1_270' title='bbox 1405 4165 1575 4241; x_wconf 87' lang='grc' dir='ltr'><strong><em>καλουμένη</em></strong></span> <span class='ocrx_word' id='word_1_271' title='bbox 1601 4165 1653 4229; x_wconf 88' lang='grc' dir='ltr'><strong><em>καί</em></strong></span> <span class='ocrx_word' id='word_1_272' title='bbox 1675 4189 1768 4229; x_wconf 88' lang='grc' dir='ltr'><strong><em>ποτα·</em></strong></span> 
     </span>
     <span class='ocr_line' id='line_1_33' title="bbox 588 4268 1769 4355; baseline -0.002 -19"><span class='ocrx_word' id='word_1_273' title='bbox 588 4277 643 4350; x_wconf 82' lang='grc' dir='ltr'><strong>μδς</strong></span> <span class='ocrx_word' id='word_1_274' title='bbox 667 4270 815 4351; x_wconf 69' lang='grc' dir='ltr'><strong><em>’Λχέρυη</em></strong></span> <span class='ocrx_word' id='word_1_275' title='bbox 840 4273 885 4349; x_wconf 84' lang='grc' dir='ltr'><strong>ρἐῒ</strong></span> <span class='ocrx_word' id='word_1_276' title='bbox 906 4268 936 4334; x_wconf 75' lang='grc' dir='ltr'><strong>δέ</strong></span> <span class='ocrx_word' id='word_1_277' title='bbox 960 4271 1012 4333; x_wconf 83' lang='grc' dir='ltr'><strong><em>καί</em></strong></span> <span class='ocrx_word' id='word_1_278' title='bbox 1038 4268 1175 4339; x_wconf 86' lang='grc' dir='ltr'><strong><em>Κυκυτδς</em></strong></span> <span class='ocrx_word' id='word_1_279' title='bbox 1200 4268 1273 4348; x_wconf 84' lang='grc' dir='ltr'><strong><em>ίίδοιρ</em></strong></span> <span class='ocrx_word' id='word_1_280' title='bbox 1297 4270 1535 4347; x_wconf 84' lang='grc' dir='ltr'><strong><em>οίτερπέστατον.</em></strong></span> <span class='ocrx_word' id='word_1_281' title='bbox 1559 4271 1643 4335; x_wconf 89' lang='lat' dir='ltr'><strong>Nam</strong></span> <span class='ocrx_word' id='word_1_282' title='bbox 1663 4291 1769 4355; x_wconf 88' lang='lat' dir='ltr'><strong>super-</strong></span> 
     </span>
     <span class='ocr_line' id='line_1_34' title="bbox 586 4374 1766 4462; baseline -0.001 -19"><span class='ocrx_word' id='word_1_283' title='bbox 586 4399 762 4443; x_wconf 78' lang='lat' dir='ltr'><strong>vacaneum</strong></span> <span class='ocrx_word' id='word_1_284' title='bbox 800 4376 879 4441; x_wconf 89' lang='lat' dir='ltr'><strong>dueo</strong></span> <span class='ocrx_word' id='word_1_285' title='bbox 915 4375 1095 4451; x_wconf 89' lang='lat' dir='ltr'><strong>ostendere,</strong></span> <span class='ocrx_word' id='word_1_286' title='bbox 1127 4375 1285 4460; x_wconf 91' lang='lat' dir='ltr'><strong>quomodo</strong></span> <span class='ocrx_word' id='word_1_287' title='bbox 1319 4374 1466 4462; x_wconf 81' lang='lat' dir='ltr'><strong>intellegi</strong></span> <span class='ocrx_word' id='word_1_288' title='bbox 1501 4374 1650 4451; x_wconf 85' lang='lat' dir='ltr'><strong>debeant,</strong></span> <span class='ocrx_word' id='word_1_289' title='bbox 1687 4397 1766 4460; x_wconf 91' lang='lat' dir='ltr'><strong>quae</strong></span> 
     </span>
     <span class='ocr_line' id='line_1_35' title="bbox 585 4481 1767 4569; baseline -0.003 -20"><span class='ocrx_word' id='word_1_290' title='bbox 585 4484 674 4549; x_wconf 89' lang='lat' dir='ltr'><strong>addit</strong></span> <span class='ocrx_word' id='word_1_291' title='bbox 705 4484 805 4549; x_wconf 90' lang='lat' dir='ltr'><strong>bonus</strong></span> <span class='ocrx_word' id='word_1_292' title='bbox 837 4484 1029 4569; x_wconf 78' lang='lat' dir='ltr'><strong>perlegales:</strong></span> <span class='ocrx_word' id='word_1_293' title='bbox 1055 4481 1194 4560; x_wconf 60' lang='grc' dir='ltr'><strong><em>Ὀμηρθς</em></strong></span> <span class='ocrx_word' id='word_1_294' title='bbox 1219 4484 1252 4546; x_wconf 91' lang='grc' dir='ltr'><strong>τέ</strong></span> <span class='ocrx_word' id='word_1_295' title='bbox 1277 4505 1327 4557; x_wconf 92' lang='grc' dir='ltr'><strong>μοι</strong></span> <span class='ocrx_word' id='word_1_296' title='bbox 1353 4481 1433 4545; x_wconf 82' lang='grc' dir='ltr'><strong><em>δοκεῖ</em></strong></span> <span class='ocrx_word' id='word_1_297' title='bbox 1454 4485 1559 4544; x_wconf 81' lang='grc' dir='ltr'><strong><em>ταῦτα</em></strong></span> <span class='ocrx_word' id='word_1_298' title='bbox 1582 4482 1714 4561; x_wconf 79' lang='grc' dir='ltr'><strong><em>ἑωρακὼς</em></strong></span> <span class='ocrx_word' id='word_1_299' title='bbox 1738 4481 1767 4554; x_wconf 85' lang='grc' dir='ltr'><strong>ές</strong></span> 
     </span>
     <span class='ocr_line' id='line_1_36' title="bbox 584 4585 1768 4664; baseline -0.003 -9"><span class='ocrx_word' id='word_1_300' title='bbox 584 4615 619 4655; x_wconf 85' lang='grc' dir='ltr'><strong>πε</strong></span> <span class='ocrx_word' id='word_1_301' title='bbox 652 4592 709 4664; x_wconf 85' lang='grc' dir='ltr'><strong>τήν</strong></span> <span class='ocrx_word' id='word_1_302' title='bbox 733 4589 835 4662; x_wconf 76' lang='grc' dir='ltr'><strong><em>ἄλλην</em></strong></span> <span class='ocrx_word' id='word_1_303' title='bbox 858 4590 976 4662; x_wconf 90' lang='grc' dir='ltr'><strong><em>ποίησιν</em></strong></span> <span class='ocrx_word' id='word_1_304' title='bbox 999 4590 1216 4662; x_wconf 85' lang='grc' dir='ltr'><strong><em>οὶποπολμήσαι</em></strong></span> <span class='ocrx_word' id='word_1_305' title='bbox 1241 4593 1298 4651; x_wconf 82' lang='grc' dir='ltr'><strong>τῶν</strong></span> <span class='ocrx_word' id='word_1_306' title='bbox 1324 4588 1353 4649; x_wconf 81' lang='grc' dir='ltr'><strong>έν</strong></span> <span class='ocrx_word' id='word_1_307' title='bbox 1376 4585 1490 4663; x_wconf 79' lang='grc' dir='ltr'><strong><em>Ἀιδου,</em></strong></span> <span class='ocrx_word' id='word_1_308' title='bbox 1515 4586 1566 4650; x_wconf 89' lang='grc' dir='ltr'><strong><em>καί</em></strong></span> <span class='ocrx_word' id='word_1_309' title='bbox 1592 4586 1626 4661; x_wconf 84' lang='grc' dir='ltr'><strong>δή</strong></span> <span class='ocrx_word' id='word_1_310' title='bbox 1650 4589 1700 4651; x_wconf 89' lang='grc' dir='ltr'><strong><em>καί</em></strong></span> <span class='ocrx_word' id='word_1_311' title='bbox 1725 4589 1768 4653; x_wconf 67' lang='lat' dir='ltr'><strong>vt</strong></span> 
     </span>
     <span class='ocr_line' id='line_1_37' title="bbox 582 4690 1563 4772; baseline -0.003 -13"><span class='ocrx_word' id='word_1_312' title='bbox 582 4696 726 4772; x_wconf 85' lang='grc' dir='ltr'><strong><em>θνθμιοτα</em></strong></span> <span class='ocrx_word' id='word_1_313' title='bbox 748 4702 811 4764; x_wconf 79' lang='grc' dir='ltr'><strong><em>τοῖς</em></strong></span> <span class='ocrx_word' id='word_1_314' title='bbox 836 4701 986 4769; x_wconf 83' lang='grc' dir='ltr'><strong><em>ποταμοῖς</em></strong></span> <span class='ocrx_word' id='word_1_315' title='bbox 1011 4694 1074 4757; x_wconf 77' lang='grc' dir='ltr'><strong>ἀπὸ</strong></span> <span class='ocrx_word' id='word_1_316' title='bbox 1098 4695 1156 4756; x_wconf 75' lang='grc' dir='ltr'><strong>τῶν</strong></span> <span class='ocrx_word' id='word_1_317' title='bbox 1182 4693 1211 4755; x_wconf 91' lang='grc' dir='ltr'><strong>έν</strong></span> <span class='ocrx_word' id='word_1_318' title='bbox 1238 4692 1426 4768; x_wconf 77' lang='grc' dir='ltr'><strong><em>Θεσπρωτίδι</em></strong></span> <span class='ocrx_word' id='word_1_319' title='bbox 1453 4690 1563 4756; x_wconf 87' lang='grc' dir='ltr'><strong><em>θέσθαι.</em></strong></span> 
     </span>
    </p>

    <p class='ocr_par' dir='ltr' id='par_1_10' title="bbox 582 4797 1770 4994">
     <span class='ocr_line' id='line_1_38' title="bbox 629 4797 1770 4886; baseline -0.003 -20"><span class='ocrx_word' id='word_1_320' title='bbox 629 4802 665 4867; x_wconf 83' lang='grc' dir='ltr'><strong>Ιιν</strong></span> <span class='ocrx_word' id='word_1_321' title='bbox 697 4801 885 4886; x_wconf 81' lang='lat' dir='ltr'><strong>Thesprotia</strong></span> <span class='ocrx_word' id='word_1_322' title='bbox 916 4802 1028 4884; x_wconf 81' lang='lat' dir='ltr'><strong>igitur,</strong></span> <span class='ocrx_word' id='word_1_323' title='bbox 1063 4802 1084 4862; x_wconf 91' lang='lat' dir='ltr'><strong>i.</strong></span> <span class='ocrx_word' id='word_1_324' title='bbox 1099 4820 1124 4863; x_wconf 90' lang='lat' dir='ltr'><strong>e.</strong></span> <span class='ocrx_word' id='word_1_325' title='bbox 1156 4801 1190 4862; x_wconf 91' lang='lat' dir='ltr'><strong>in</strong></span> <span class='ocrx_word' id='word_1_326' title='bbox 1220 4798 1338 4879; x_wconf 70' lang='lat' dir='ltr'><strong>rapinae</strong></span> <span class='ocrx_word' id='word_1_327' title='bbox 1369 4797 1562 4873; x_wconf 74' lang='lat' dir='ltr'><strong>occidentali,</strong></span> <span class='ocrx_word' id='word_1_328' title='bbox 1593 4800 1659 4862; x_wconf 91' lang='lat' dir='ltr'><strong>iam</strong></span> <span class='ocrx_word' id='word_1_329' title='bbox 1690 4802 1770 4863; x_wconf 90' lang='lat' dir='ltr'><strong>anti·</strong></span> 
     </span>
     <span class='ocr_line' id='line_1_39' title="bbox 582 4902 1769 4994; baseline -0.004 -22"><span class='ocrx_word' id='word_1_330' title='bbox 582 4909 733 4994; x_wconf 87' lang='lat' dir='ltr'><strong>quissimi</strong></span> <span class='ocrx_word' id='word_1_331' title='bbox 757 4903 870 4973; x_wconf 80' lang='lat' dir='ltr'><strong>Graeci</strong></span> <span class='ocrx_word' id='word_1_332' title='bbox 893 4905 1007 4969; x_wconf 82' lang='lat' dir='ltr'><strong>inferos</strong></span> <span class='ocrx_word' id='word_1_333' title='bbox 1032 4906 1272 4988; x_wconf 82' lang='lat' dir='ltr'><strong>quaesiuerunt;</strong></span> <span class='ocrx_word' id='word_1_334' title='bbox 1294 4903 1363 4965; x_wconf 80' lang='grc' dir='ltr'><strong><em>θίνισ</em></strong></span> <span class='ocrx_word' id='word_1_335' title='bbox 1382 4902 1579 4982; x_wconf 77' lang='grc' dir='ltr'><strong><em>ι’νιθιίίσρίυινιο</em></strong></span> <span class='ocrx_word' id='word_1_336' title='bbox 1602 4903 1769 4967; x_wconf 61' lang='lat' dir='ltr'><strong>Moenum</strong></span> 
     </span>
    </p>
   </div>
   <div class='ocr_carea' id='block_1_4' title="bbox 0 0 2568 6149">
    <p class='ocr_par' dir='ltr' id='par_1_11' title="bbox 0 0 2568 6149">
     <span class='ocr_line' id='line_1_40' title="bbox 0 0 2568 6149; baseline 0 0"><span class='ocrx_word' id='word_1_337' title='bbox 0 0 2568 6149; x_wconf 95' lang='lat' dir='ltr'><strong> </strong></span> 
     </span>
    </p>
   </div>
  </div>
 </body>
</html>
