5125 6150
1222 820 1362 868 ricinos.
1816 799 1881 865 339

689 988 894 1073 septemviris
925 986 1025 1051 simul
1048 992 1081 1051 et
1104 987 1264 1052 sodalibus
1288 985 1523 1073 Augustalibus
1545 986 1683 1052 ederent.
1709 985 1883 1053 Oensuerat

691 1093 726 1157 L.
761 1094 940 1177 Apronius,
973 1097 1011 1156 ut
1033 1091 1156 1157 fetiales
1179 1113 1306 1177 qnoque
1328 1094 1369 1156 iis
1392 1091 1478 1156 ludis
1501 1091 1726 1177 praesiderent.
1752 1091 1883 1158 Contra-

690 1199 773 1262 dirit
797 1197 921 1275 Caesar,
947 1197 1096 1263 distincto
1119 1199 1368 1263 sacerdotiorum
1393 1201 1463 1263 iure
1486 1204 1519 1262 et
1541 1200 1685 1282 repetitis
1709 1197 1882 1283 exemphs:

689 1326 792 1390 neque
824 1308 910 1369 enIm
941 1326 1085 1388 unquam
1111 1304 1279 1370 'fetialibus
1303 1306 1362 1369 hoc
1385 1305 1562 1369 maiestatis
1585 1304 1694 1369 fuisse.
1717 1304 1792 1370 Ideo
1815 1301 1883 1368 Au-

690 1409 834 1496 gustales
856 1411 1012 1486 adiectos,
1037 1413 1112 1496 quie
1135 1413 1302 1496 proprium
1325 1413 1394 1474 eius
1417 1410 1531 1475 domus
1553 1410 1768 1476 sacerdotium
1790 1415 1882 1490 esset,

691 1538 748 1601 pro
773 1536 835 1601 qua
858 1522 933 1580 vota
956 1515 1243 1601 persolverentur’'.

738 1622 896 1700 Quoniam
919 1620 1066 1686 'liberius
1089 1624 1134 1687 sic
1154 1623 1334 1708 Apronium
1354 1622 1485 1686 refutat:
1507 1621 1594 1701 „noli
1613 1623 1672 1687 hoc
1693 1629 1884 1709 argumento

638 1746 643 1758 ·
691 1731 742 1792 uti
765 1727 850 1813 quod
872 1735 904 1792 et
927 1727 1124 1813 August-ales
1146 1728 1199 1792 hio
1222 1748 1241 1793 a
1264 1749 1317 1792 me
1340 1726 1454 1792 adiecti
1478 1730 1543 1792 sint
1563 1730 1699 1792 summis
1717 1728 1884 1793 sacerdoti-

691 1836 769 1899 bus:
803 1834 862 1898 hoc
894 1839 941 1898 est
967 1834 1181 1898 sacerdotium
1205 1836 1371 1919 proprium
1396 1836 1464 1898 eius
1488 1832 1619 1911 domus,
1643 1855 1700 1919 pro
1723 1855 1787 1919 qua
1809 1841 1885 1901 rota

690 1938 951 2026 persolvuntur”,
982 1938 1087 2004 multo
1118 1938 1235 2004 melius
1266 1960 1341 2004 sum
1372 1938 1605 2026 intelligerem,
1638 1942 1666 2004 si
1688 1942 1733 2004 sic
1755 1939 1885 2004 Tacitus

689 2048 887 2130 scripsisset:
911 2068 979 2109 aem
1002 2046 1181 2127 Aupssstates
1203 2045 1271 2108 ideo
1295 2045 1425 2109 adiectos
1449 2066 1476 2110 e.
1490 2067 1519 2129 q.
1533 2067 1556 2110 s.
1576 2044 1611 2124 1).
1850 2051 1851 2054 ’

738 2151 819 2216 Ann.
840 2150 910 2229 XV,
932 2150 984 2216 65.
1008 2151 1128 2229 „Fama
1147 2152 1211 2216 luit
1230 2151 1385 2217 Subrium
1405 2149 1544 2216 Flavum
1557 2173 1632 2216 oum
1644 2153 1884 2218 centurionibus

690 2257 817 2323 occulto
849 2256 1000 2333 consilio,
1031 2278 1134 2341 neque
1164 2263 1272 2323 tamen
1304 2260 1472 2344 ignorante
1498 2256 1632 2335 Seneca,
1658 2257 1884 2336 destinavisse,

691 2369 729 2428 ut
753 2369 825 2449 post
848 2366 989 2428 occisum
1013 2384 1107 2448 opera
1130 2364 1256 2430 Pisonis
1278 2363 1437 2429 Neronem
1460 2363 1535 2428 Piso
1555 2384 1679 2449 quoque
1697 2363 1885 2429 interficere·

691 2476 756 2547 tur,
775 2469 1017 2554 tradereturque
1035 2472 1210 2556 imperium
1228 2469 1379 2546 Senecae,
1401 2473 1492 2554 quasi
1504 2470 1684 2535 insontibus
1696 2469 1884 2535 claritudine

690 2578 854 2640 virtutum
878 2576 918 2640 ad
939 2597 1104 2641 summum
1129 2577 1297 2661 fastigium
1321 2574 1477 2641 delecto’'.

738 2681 788 2746 Ad
810 2682 895 2747 hunc
918 2681 1026 2746 locum
1049 2681 1279 2747 illustrandum
1302 2684 1384 2745 mira
1407 2680 1562 2766 quaedam
1587 2680 1730 2766 disputat
1753 2680 1885 2767 Nipper-

690 2787 782 2852 deius
806 2787 844 2852 de
863 2790 995 2853 consciis
1014 2788 1159 2853 sontibus
1179 2793 1210 2852 et
1229 2788 1421 2853 insontibus.
1447 2786 1620 2871 Aliquanto
1639 2786 1757 2852 melius
1775 2786 1883 2853 locum

690 2895 737 2958 sic
760 2895 876 2977 accipit
898 2892 1085 2958 Furnosnx:
1112 2914 1196 2979 „quo
1220 2893 1303 2958 facto
1325 2895 1388 2978 ipsi
1410 2892 1541 2956 innectes
1563 2892 1746 2970 viderentur,
1770 2898 1883 2977 utpote

690 3002 748 3085 qui
781 3001 889 3084 ipsum
927 3019 1051 3084 qnoque
1090 2999 1278 3064 occidissent
1311 2997 1481 3076 Pisonem,
1520 3003 1552 3062 et
1582 2999 1733 3063 vivorum
1764 2997 1884 3085 probis·

689 3109 773 3170 simo
797 3104 1036 3190 clarissimoque
1057 3106 1181 3171 tradere
1203 3104 1410 3190 imperinm”.
1434 3103 1497 3169 Sed
1520 3105 1578 3168 hoc
1602 3106 1773 3190 quominus
1790 3104 1883 3170 illam

689 3214 989 3296 interpretationem
1013 3212 1185 3297 probemus
1209 3212 1332 3289 obstat,
1357 3211 1442 3296 qnod
1465 3232 1548 3275 nunc
1572 3210 1659 3295 quusi
1681 3210 1883 3296 iungendum

688 3324 738 3382 est
762 3339 836 3382 cum
860 3317 927 3382 solo
951 3317 1135 3395 insontibus,
1161 3339 1236 3382 cnm
1260 3325 1368 3382 tamen
1391 3319 1497 3403 magis
1521 3318 1620 3381 etlam
1640 3315 1680 3381 ad
1700 3315 1883 3380 claritudine

688 3426 832 3487 virtutum
863 3425 973 3488 detecto
1005 3427 1172 3509 pertineat.
1206 3424 1249 3487 Et
1273 3425 1403 3488 omnino
1427 3443 1502 3486 cum
1526 3421 1683 3487 adiectivo
1706 3422 1808 3486 insons
1830 3423 1884 3487 hic

687 3527 820 3593 Tacitus
838 3530 953 3605 utitur,
971 3527 1053 3593 illud
1066 3528 1256 3614 simpliciter
1268 3534 1363 3613 atque
1376 3532 1484 3611 aperte
1502 3528 1544 3605 τῷ
1561 3526 1693 3590 conscius
1711 3528 1881 3609 opponit:

687 3634 746 3700 alii
770 3641 846 3699 sunt
868 3640 972 3700 sontes
996 3638 1125 3714 (conscii
1148 3635 1389 3713 coniurationis)
1412 3632 1466 3697 alii
1491 3632 1622 3695 insontes
1641 3634 1882 3712 (coniurationis

686 3763 750 3805 non
775 3743 969 3826 participes).
1000 3742 1100 3805 Unice
1124 3761 1199 3807 vera
1222 3761 1298 3824 ergo
1323 3745 1489 3823 astatque
1512 3739 1589 3803 adeo
1613 3741 1790 3804 necessaria
1813 3740 1881 3803 Aoi-

687 3846 767 3912 dalii
802 3849 952 3912 correctio
986 3847 1100 3910 insecti
1135 3854 1164 3910 et
1197 3854 1268 3931 (pro
1303 3846 1499 3927 inuetitum:
1536 3847 1711 3931 imperium
1747 3843 1882 3909 Senecae

686 3952 832 4018 delatum
856 3972 949 4017 nemo
972 3974 1035 4017 non
1058 3950 1245 4017 mortalium
1266 3956 1348 4017 esset
1368 3952 1575 4037 probaturus:
1595 3954 1703 4014 insons
1722 3951 1807 4013 enim
1827 3947 1882 4015 ille

687 4065 756 4125 erat
776 4080 877 4144 neque
897 4061 1053 4146 sangnine
1072 4079 1233 4144 aspersus,
1250 4066 1412 4144 praeterea
1424 4056 1569 4125 claritate
1581 4059 1741 4123 virtutum
1754 4078 1882 4122 summo

687 4165 808 4250 dignus
831 4165 971 4250 fastigio.

721 4439 748 4501 l)
767 4436 963 4493 Praeteritionis,
981 4451 1041 4500 qnae
1057 4436 1224 4486 coniunctione
1240 4453 1295 4485 sans
1312 4439 1353 4495 lit,
1370 4436 1465 4485 nullum
1482 4444 1517 4485 est
1534 4436 1596 4500 apud
1613 4434 1722 4485 Tacitum
1737 4433 1881 4485 luculentius

684 4519 821 4583 exemplum
839 4534 910 4582 qnam
927 4518 991 4582 qnod
1010 4516 1079 4578 xm,
1097 4518 1128 4570 st
1147 4517 1248 4581 legitur:
1268 4517 1386 4567 .('orbnlo
1461 4518 1573 4582 dispertit
1589 4517 1664 4575 vires,
1683 4522 1709 4567 ut
1726 4515 1799 4581 legati
1815 4532 1882 4582 prse-
1955 4575 1958 4581 Ι

683 4602 788 4665 lectique
814 4602 919 4649 disersos
943 4600 1007 4649 locos
1030 4599 1121 4664 panter
1143 4599 1283 4648 invaderent
1306 4599 1350 4662 (sc.
1366 4599 1524 4662 Armeniam).
1544 4599 1620 4648 Simul
1638 4615 1717 4662 regern
1737 4599 1879 4649 Antiochum

683 4686 766 4733 monet
783 4683 904 4747 proximas
919 4679 964 4729 sibi
980 4681 1141 4745 praefecturas
1158 4684 1246 4746 petere.
1265 4682 1330 4729 Nam
1349 4680 1520 4729 Pharasmanes
1537 4681 1663 4730 interiecto
1677 4680 1727 4729 filio
1742 4678 1880 4729 Radamisto

682 4765 752 4829 qusai
767 4765 902 4829 proditore,
916 4779 964 4826 qno
980 4763 1050 4811 tidem
1066 4763 1091 4811 in
1105 4778 1147 4811 noa
1162 4765 1302 4820 testaretur,
1317 4764 1384 4810 vetus
1400 4762 1511 4811 adversus
1521 4762 1646 4811 Armenios
1655 4762 1736 4811 odinns
1746 4761 1880 4826 promptius

682 4845 831 4904 exercebst'',
855 4846 871 4894 i.
886 4862 905 4895 e.
931 4845 1119 4894 Pharasmanem
1143 4846 1270 4893 admonere
1289 4859 1348 4908 opus
1365 4859 1411 4893 non
1430 4846 1494 4893 erat:
1513 4849 1596 4910 sponte
1613 4845 1655 4894 ille
1672 4847 1696 4893 et
1714 4843 1817 4893 libenter
1833 4842 1881 4892 bel·

684 4930 736 4978 lnrn
756 4927 881 4977 Armeniae
898 4925 1020 4976 inferebat.
1076 4957 1084 4973 .
