5125 6150
1058 838 1328 886 rensaunxoauu.
1724 819 1787 885 301

594 1010 650 1093 qui
673 1011 740 1093 ipse
766 1026 891 1091 quoque
910 1003 1058 1068 libellum
1082 1003 1140 1079 „de
1160 1003 1295 1088 pulchra
1312 1006 1401 1088 picea
1419 1002 1533 1069 ldaea’'
1553 1005 1735 1088 composuit
1750 1039 1792 1051 -

592 1118 640 1179 113
664 1135 732 1177 30111
757 1112 935 1176 ordinatam
960 1131 1046 1186 0330,
1071 1115 1108 1174 31
1130 1132 1168 1174 ex
1192 1116 1300 1174 monte
1324 1108 1379 1174 Ida
1404 1110 1507 1174 trabes
1532 1110 1570 1174 ad
1594 1130 1793 1175 330331333-

594 1241 669 1285 uem
700 1218 877 1283 faciendam
910 1221 1151 1281 arcesserentur.
1177 1212 1289 1290 Certe,
1313 1209 1423 1279 auctor
1445 1213 1500 1280 ille
1524 1218 1580 1301 qui
1603 1219 1637 1279 in
1659 1213 1791 1279 landem

592 1329 678 1411 regis
700 1326 890 1409 Pergameni
911 1322 1084 1407 populique
1106 1320 1242 1385 Romani
1262 1323 1451 1406 conscripsit
1474 1323 1548 1401 ἱερὸν
1573 1321 1611 1386 de
1636 1327 1792 1406 133113003-

593 1437 662 1496 1313
693 1430 749 1495 deo
779 1431 871 1506 λόγον
902 1433 947 1494 sic
979 1427 1121 1492 fabulam
1153 1428 1345 1511 disposuisse
1374 1427 1513 1492 videtur.
1539 1428 1660 1494 Extant
1684 1431 1788 1506 enim,

594 1540 657 1602 nisi
681 1539 790 1601 omnia
813 1557 865 1600 me
888 1535 1022 1610 fallunt,
1051 1535 1148 1598 huius
1171 1536 1360 1598 narrationis
1383 1540 1470 1599 certe
1493 1534 1650 1619 quaedam
1672 1534 1790 1599 indicia

594 1647 628 1706 in
652 1646 692 1707 113
716 1663 795 1727 quae
818 1643 947 1707 confuse
968 1641 1140 1704 admodum
1160 1642 1194 1703 in
1215 1639 1318 1704 Fastis
1337 1640 1433 1704 refert
1453 1638 1598 1705 Ovidius.
1623 1641 1791 1726 11310031-

595 1770 691 1834 quam
725 1750 867 1812 narravit
898 1746 972 1811 deae
1003 1749 1135 1831 signum
1164 1748 1267 1809 invito
1295 1766 1394 1830 paene
1417 1745 1525 1810 Attalo
1548 1747 1646 1832 (quod
1670 1768 1732 1811 non
1756 1750 1790 1812 in

594 1857 863 1940 vituperationem
888 1855 974 1937 regis
998 1851 1053 1916 sed
1075 1854 1108 1915 in
1132 1850 1262 1915 laudem
1284 1854 1368 1937 signi
1376 1853 1583 1916 'sanctissimi
1602 1854 1732 1932 dicitur)
1752 1875 1791 1918 ex

594 1961 774 2046 Megalesio
797 1958 1009 2045 productum,
1034 1978 1069 2021 ac
1093 1978 1208 2022 11330111
1227 1978 1265 2021 ex
1286 1956 1388 2021 Idaeis
1406 1958 1572 2023 arboribus
1593 1958 1791 2024 aedificatam

594 2087 680 2143 esse,
712 2069 774 2147 iter
801 2065 876 2129 deae
900 2066 1063 2128 marinum
1087 2064 1247 2129 describit.
1272 2060 1373 2128 Cuius
1396 2066 1520 2129 itineris
1544 2066 1696 2152 ambages
1721 2072 1793 2151 post

595 2173 772 2237 adventum
803 2170 842 2235 ad
865 2170 1005 2234 Lesbum
1030 2175 1174 2254 peractae
1197 2190 1260 2233 non
1283 2168 1403 2233 habent
1426 2170 1511 2255 quod
1535 2174 1693 2237 miremur
1701 2193 1709 2249 ;
1735 2193 1792 2257 per

594 2298 683 2342 mare
707 2279 794 2340 enim
817 2276 954 2340 Icarium
979 2281 1089 2339 030013
1112 2275 1170 2338 dea
1194 2272 1321 2340 Oratam
1347 2273 1431 2352 adit,
1457 2281 1528 2340 tnm
1553 2276 1697 2341 Siciliam
1722 2277 1792 2343 Sar-

596 2385 799 2466 diniamque,
832 2402 868 2446 ea
898 2383 1086 2466 praesertim
1117 2378 1187 2445 loca
1219 2382 1325 2444 313033
1356 2401 1436 2464 0330
1467 2383 1535 2446 3130
1559 2382 1676 2448 Μ31313
1700 2382 1790 2448 cultu

596 2486 757 2575 praeclara
788 2489 855 2552 3130
886 2494 1015 2571 0300103
1044 2488 1185 2562 Aeneae,
1210 2487 1302 2549 cuius
1324 2488 1473 2550 imitatur
1495 2488 1567 2563 iter,
1592 2493 1666 2552 3013
1689 2495 1789 2553 erant.

595 2595 714 2674 Quodsi
745 2592 841 2658 altius
871 2596 1007 2678 petitam
1031 2592 1112 2656 hanc
1135 2590 1381 2676 explicationem
1405 2597 1509 2677 putes,
1533 2599 1642 2659 temen
1665 2615 1791 2660 necesse

596 2708 644 2766 est
680 2700 849 2776 admittas,
888 2720 962 2763 cum
998 2697 1106 2762 ordine
1141 2695 1287 2763 locorum
1324 2719 1387 2762 non
1423 2719 1567 2785 pugnare
1602 2698 1677 2765 deae
1711 2704 1790 2779 iter,

595 2808 745 2891 quamvis
768 2804 913 2890 longiore
937 2806 1074 2868 circuitu
1097 2808 1271 2888 peractum.
1297 2802 1358 2868 Sed
1378 2803 1416 2869 de
1435 2806 1477 2868 iis
1497 2825 1578 2890 quae
1598 2806 1791 2890 praecedunt

593 2912 628 2976 id
660 2911 722 2975 dici
754 2932 816 2975 non
843 2912 971 2994 poterit.
1002 2909 1082 2973 Ecce
1105 2911 1139 2971 in
1161 2908 1217 2973 Ida
1241 2909 1418 2974 caeduntur
1439 2911 1582 2988 arbores,
1606 2911 1792 2977 aedificatur

595 3021 687 3083 navis
720 3038 808 3082 sacra
838 3016 876 3080 ad
907 3019 1010 3102 ipsas,
1042 3017 1161 3101 opinor,
1193 3018 1313 3081 11103113
1344 3016 1479 3095 radices,
1503 3019 1569 3082 iam
1595 3017 1791 3095 „caelestum

594 3132 732 3188 matrem
757 3143 892 3188 concava
914 3125 1031 3207 puppis
1055 3122 1182 3186 habet”.
1207 3122 1423 3188 Proficiscitur
1448 3162 1490 3171 —
1515 3122 1676 3209 quonam?

686 3226 751 3294 277
775 3228 838 3292 Illa
861 3231 911 3291 331
936 3249 992 3312 003
1015 3247 1112 3311 30333
1136 3228 1237 3292 fertur
1261 3232 1426 3293 tutissima
1449 3231 1535 3307 nati,

822 3334 981 3419 longaque
1004 3332 1160 3398 Phrixeae
1184 3341 1298 3419 stagna
1321 3336 1437 3399 3030313
1462 3335 1546 3412 adit,

777 3439 1019 3523 Rhoeteumque
1044 3459 1140 3524 rapax
1164 3439 1323 3525 Sigeaque
1345 3438 1441 3504 litora
1465 3443 1579 3505 transit

823 3552 855 3609 01
878 3544 1042 3610 Tenedum
1067 3552 1099 3609 et
1122 3552 1246 3610 3010303
1270 3546 1414 3611 Eetionis
1436 3566 1521 3630 0003.

780 3648 935 3735 Cyclades
958 3652 1132 3735 excipiunt.

598 3758 717 3821 Miram
749 3755 906 3821 mehercle
937 3764 1043 3821 narrat
1067 3754 1375 3841 peregrinationem!
1399 3758 1484 3823 Nam
1507 3779 1587 3843 qnae
1610 3762 1702 3826 navis
1726 3763 1790 3845 pri-

596 3885 689 3928 mum
714 3862 961 3946 Hellespontum
987 3868 1058 3925 tum
1083 3862 1262 3926 Rhoeteum
1286 3862 1484 3950 Sigeumque
1508 3867 1631 3949 tangit,
1656 3887 1695 3929 ex
1717 3865 1792 3930 Pro

596 3969 727 4055 pontida
752 3969 816 4032 fere
840 3968 989 4032 adveniat
1012 3988 1138 4031 necesse
1161 3972 1219 4031 est.
1244 3967 1316 4031 Nisi
1334 3971 1437 4034 maris
1456 3973 1648 4035 constituere
1668 3991 1790 4035 sacram

595 4097 714 4140 navem
749 4095 788 4139 ex
822 4074 879 4138 Ida
913 4078 1038 4150 monte,
1070 4076 1176 4137 nescio
1206 4093 1270 4158 033
1302 4095 1413 4153 cansa,
1446 4075 1612 4141 devectam
1644 4097 1709 4141 esse
1734 4098 1790 4161 003

595 4181 715 4245 1131303
737 4182 916 4263 Aesepum,
938 4177 1172 4243 Granicumvel
1194 4178 1315 4245 Verum
1336 4182 1369 4245 id
1389 4184 1489 4246 conici
1506 4182 1675 4266 prohibent
1693 4184 1791 4248 verba

595 4293 724 4371 poetae;
758 4306 814 4370 per
845 4292 951 4364 310030
983 4288 1067 4349 enim
1093 4285 1172 4347 Nati
1194 4288 1215 4349 i.
1229 4307 1256 4350 e.
1281 4308 1338 4371 per
1361 4287 1503 4371 Neptuni
1526 4286 1628 4352 undas
1651 4291 1790 4353 marinas

594 4392 631 4455 ad
655 4389 902 4475 Hellespontum
923 4394 1078 4474 00330311.
1104 4393 1213 4477 Auget
1232 4392 1450 4457 confusionem
1470 4413 1581 4458 303333
1600 4393 1677 4461 280.
1705 4394 1788 4459 Nam

595 4520 634 4563 ex
670 4496 796 4561 Tenedo
831 4498 923 4560 113313
958 4496 1030 4573 1113,
1065 4517 1195 4561 03333111
1231 4502 1341 4562 tenens
1379 4498 1514 4562 Romam
1554 4521 1684 4578 versus,
1726 4523 1788 4565 non

595 4603 700 4667 altum
732 4605 830 4687 petit,
863 4625 924 4667 non
956 4602 1097 4667 Lesbum
1125 4603 1305 4680 advehitur,
1329 4604 1383 4668 sed
1406 4604 1502 4670 litora
1525 4605 1656 4671 Troadis
1676 4606 1788 4693 legens

594 4708 690 4793 longe
715 4708 831 4773 recedit
856 4711 887 4772 in
912 4730 979 4773 eam
1006 4715 1131 4792 partem
1155 4729 1234 4793 quae
1259 4708 1370 4773 Italiae
1393 4715 1549 4777 contraria
1571 4717 1636 4789 est,
1661 4712 1789 4780 Theben

594 4822 632 4878 ut
663 4813 770 4878 visat?
803 4815 890 4879 Haec
923 4817 1018 4877 nimis
1050 4816 1179 4879 confusa
1204 4823 1277 4879 sunt
1302 4837 1399 4901 quam
1424 4824 1460 4881 ut
1484 4817 1544 4882 soli
1567 4817 1790 4906 neglegentiae

593 4927 705 5005 000130
736 4921 889 4997 Romani,
921 4922 955 4983 in
986 4921 1209 5007 geographicis
1239 4921 1326 4987 haud
1357 4922 1457 4988 semel
1488 4927 1664 5009 peccantis,
1689 4928 1788 4993 tribui
