<?xml version="1.0" encoding="UTF-8"?>
<!DOCTYPE html PUBLIC "-//W3C//DTD XHTML 1.0 Transitional//EN"
    "http://www.w3.org/TR/xhtml1/DTD/xhtml1-transitional.dtd">
<html xmlns="http://www.w3.org/1999/xhtml" xml:lang="en" lang="en">
 <head>
  <title>
</title>
<meta http-equiv="Content-Type" content="text/html;charset=utf-8" />
  <meta name='ocr-system' content='tesseract 3.04.00' />
  <meta name='ocr-capabilities' content='ocr_page ocr_carea ocr_par ocr_line ocrx_word'/>
</head>
<body>
  <div class='ocr_page' id='page_1' title='image "./mnemosyne04verdgoog_0662.png"; bbox 0 0 5125 6150; ppageno 0'>
   <div class='ocr_carea' id='block_1_1' title="bbox 1015 1312 1722 1585">
    <p class='ocr_par' dir='ltr' id='par_1_1' title="bbox 1015 1312 1722 1585">
     <span class='ocr_line' id='line_1_1' title="bbox 1015 1312 1722 1585; baseline 0.006 -107"><span class='ocrx_word' id='word_1_1' title='bbox 1015 1339 1401 1481; x_wconf 76' lang='lat' dir='ltr'>uonnaicl.</span> <span class='ocrx_word' id='word_1_2' title='bbox 1514 1312 1722 1585; x_wconf 52' lang='lat' dir='ltr'>ps</span> 
     </span>
    </p>
   </div>
   <div class='ocr_carea' id='block_1_2' title="bbox 1148 1625 1271 1667">
    <p class='ocr_par' dir='ltr' id='par_1_2' title="bbox 1148 1625 1271 1667">
     <span class='ocr_line' id='line_1_2' title="bbox 1148 1625 1271 1667; baseline -0.008 0"><span class='ocrx_word' id='word_1_3' title='bbox 1148 1625 1271 1667; x_wconf 68' lang='lat' dir='ltr'>sempsit</span> 
     </span>
    </p>
   </div>
   <div class='ocr_carea' id='block_1_3' title="bbox 858 1805 1557 2041">
    <p class='ocr_par' dir='ltr' id='par_1_3' title="bbox 858 1805 1557 2041">
     <span class='ocr_line' id='line_1_3' title="bbox 971 1805 1439 1874; baseline -0.002 -1"><span class='ocrx_word' id='word_1_4' title='bbox 971 1808 999 1874; x_wconf 87' lang='lat' dir='ltr'>J.</span> <span class='ocrx_word' id='word_1_5' title='bbox 1024 1805 1113 1872; x_wconf 79' lang='lat' dir='ltr'>VAN</span> <span class='ocrx_word' id='word_1_6' title='bbox 1135 1806 1346 1872; x_wconf 76' lang='lat' dir='ltr'>LEEUWEN</span> <span class='ocrx_word' id='word_1_7' title='bbox 1369 1806 1398 1873; x_wconf 85' lang='lat' dir='ltr'>d.</span> <span class='ocrx_word' id='word_1_8' title='bbox 1411 1826 1439 1872; x_wconf 64' lang='grc' dir='ltr'>π.</span> 
     </span>
     <span class='ocr_line' id='line_1_4' title="bbox 858 1956 1557 2041; baseline -0.003 -18"><span class='ocrx_word' id='word_1_9' title='bbox 858 1960 1092 2039; x_wconf 60' lang='lat' dir='ltr'>(Continentur</span> <span class='ocrx_word' id='word_1_10' title='bbox 1113 1983 1129 2024; x_wconf 87' lang='lat' dir='ltr'>e</span> <span class='ocrx_word' id='word_1_11' title='bbox 1158 1961 1221 2025; x_wconf 78' lang='lat' dir='ltr'>Vol.</span> <span class='ocrx_word' id='word_1_12' title='bbox 1246 1960 1357 2024; x_wconf 91' lang='lat' dir='ltr'><em>XXIX</em></span> <span class='ocrx_word' id='word_1_13' title='bbox 1370 1982 1443 2041; x_wconf 71' lang='lat' dir='ltr'>pop.</span> <span class='ocrx_word' id='word_1_14' title='bbox 1469 1956 1557 2033; x_wconf 83' lang='grc'>243).</span> 
     </span>
    </p>
   </div>
   <div class='ocr_carea' id='block_1_4' title="bbox 1110 2264 1304 2300">
    <p class='ocr_par' dir='ltr' id='par_1_4' title="bbox 1110 2264 1304 2300">
     <span class='ocr_line' id='line_1_5' title="bbox 1110 2264 1304 2300; baseline 0 0"><span class='ocrx_word' id='word_1_15' title='bbox 1110 2264 1304 2300; x_wconf 54' lang='lat' dir='ltr'><em>w</em></span> 
     </span>
    </p>
   </div>
   <div class='ocr_carea' id='block_1_5' title="bbox 1150 2519 1252 2582">
    <p class='ocr_par' dir='ltr' id='par_1_5' title="bbox 1150 2519 1252 2582">
     <span class='ocr_line' id='line_1_6' title="bbox 1150 2519 1252 2582; baseline 0.01 -1"><span class='ocrx_word' id='word_1_16' title='bbox 1150 2519 1252 2582; x_wconf 85' lang='lat' dir='ltr'><em>XXII.</em></span> 
     </span>
    </p>
   </div>
   <div class='ocr_carea' id='block_1_6' title="bbox 829 2735 1582 2785">
    <p class='ocr_par' dir='ltr' id='par_1_6' title="bbox 829 2735 1582 2785">
     <span class='ocr_line' id='line_1_7' title="bbox 829 2735 1582 2785; baseline -0.005 0"><span class='ocrx_word' id='word_1_17' title='bbox 829 2738 870 2784; x_wconf 80' lang='lat' dir='ltr'>llll</span> <span class='ocrx_word' id='word_1_18' title='bbox 893 2736 1069 2785; x_wconf 73' lang='lat' dir='ltr'>amancium</span> <span class='ocrx_word' id='word_1_19' title='bbox 1092 2738 1164 2780; x_wconf 78' lang='grc' dir='ltr'>ΠΕΡΙ</span> <span class='ocrx_word' id='word_1_20' title='bbox 1185 2736 1334 2780; x_wconf 65' lang='lat' dir='ltr'>tummim</span> <span class='ocrx_word' id='word_1_21' title='bbox 1358 2735 1582 2783; x_wconf 65' lang='lat' dir='ltr'>ammona.</span> 
     </span>
    </p>
   </div>
   <div class='ocr_carea' id='block_1_7' title="bbox 1110 2911 1795 3144">
    <p class='ocr_par' dir='ltr' id='par_1_7' title="bbox 1110 2911 1795 3144">
     <span class='ocr_line' id='line_1_8' title="bbox 1143 2911 1793 2975; baseline 0.008 -16"><span class='ocrx_word' id='word_1_22' title='bbox 1143 2911 1241 2960; x_wconf 71' lang='lat' dir='ltr'>Homeri</span> <span class='ocrx_word' id='word_1_23' title='bbox 1263 2911 1325 2959; x_wconf 78' lang='lat' dir='ltr'>Ilias</span> <span class='ocrx_word' id='word_1_24' title='bbox 1348 2928 1399 2961; x_wconf 78' lang='lat' dir='ltr'>cam</span> <span class='ocrx_word' id='word_1_25' title='bbox 1422 2911 1526 2962; x_wconf 73' lang='lat' dir='ltr'>scholiis.</span> <span class='ocrx_word' id='word_1_26' title='bbox 1542 2911 1622 2962; x_wconf 80' lang='lat' dir='ltr'>Codex</span> <span class='ocrx_word' id='word_1_27' title='bbox 1640 2911 1744 2964; x_wconf 85' lang='lat' dir='ltr'>Venetus</span> <span class='ocrx_word' id='word_1_28' title='bbox 1762 2918 1793 2975; x_wconf 85' lang='grc' dir='ltr'>Δ,</span> 
     </span>
     <span class='ocr_line' id='line_1_9' title="bbox 1112 2993 1795 3062; baseline 0.006 -20"><span class='ocrx_word' id='word_1_29' title='bbox 1112 2996 1161 3042; x_wconf 77' lang='lat'>454</span> <span class='ocrx_word' id='word_1_30' title='bbox 1179 2993 1329 3058; x_wconf 66' lang='lat' dir='ltr'>phototppioe</span> <span class='ocrx_word' id='word_1_31' title='bbox 1345 2996 1431 3045; x_wconf 75' lang='lat' dir='ltr'>editae.</span> <span class='ocrx_word' id='word_1_32' title='bbox 1453 2996 1583 3059; x_wconf 72' lang='lat' dir='ltr'>Praefatae</span> <span class='ocrx_word' id='word_1_33' title='bbox 1599 3000 1635 3044; x_wconf 75' lang='lat' dir='ltr'>est</span> <span class='ocrx_word' id='word_1_34' title='bbox 1652 2997 1684 3047; x_wconf 84' lang='lat' dir='ltr'>D.</span> <span class='ocrx_word' id='word_1_35' title='bbox 1703 2998 1795 3062; x_wconf 75' lang='lat' dir='ltr'>Conpa·</span> 
     </span>
     <span class='ocr_line' id='line_1_10' title="bbox 1110 3077 1792 3144; baseline 0.007 -19"><span class='ocrx_word' id='word_1_36' title='bbox 1110 3078 1175 3128; x_wconf 75' lang='lat' dir='ltr'>retii.</span> <span class='ocrx_word' id='word_1_37' title='bbox 1185 3104 1218 3115; x_wconf 97' lang='lat'>-</span> <span class='ocrx_word' id='word_1_38' title='bbox 1227 3077 1502 3141; x_wconf 56' lang='lat' dir='ltr'>metaumaucensis,</span> <span class='ocrx_word' id='word_1_39' title='bbox 1517 3080 1545 3129; x_wconf 80' lang='lat' dir='ltr'>A.</span> <span class='ocrx_word' id='word_1_40' title='bbox 1560 3080 1592 3129; x_wconf 73' lang='lat' dir='ltr'>W.</span> <span class='ocrx_word' id='word_1_41' title='bbox 1601 3079 1705 3144; x_wconf 62' lang='lat' dir='ltr'>Sit&#39;ffitff·</span> <span class='ocrx_word' id='word_1_42' title='bbox 1720 3081 1792 3132; x_wconf 72' lang='lat'>1901.</span> 
     </span>
    </p>
   </div>
   <div class='ocr_carea' id='block_1_8' title="bbox 615 3273 1796 4740">
    <p class='ocr_par' dir='ltr' id='par_1_8' title="bbox 616 3273 1796 4421">
     <span class='ocr_line' id='line_1_11' title="bbox 662 3273 1794 3358; baseline 0.001 -17"><span class='ocrx_word' id='word_1_43' title='bbox 662 3275 918 3341; x_wconf 86' lang='lat' dir='ltr'>Admirabuudus</span> <span class='ocrx_word' id='word_1_44' title='bbox 949 3295 1049 3358; x_wconf 83' lang='lat' dir='ltr'>nuper</span> <span class='ocrx_word' id='word_1_45' title='bbox 1081 3278 1113 3338; x_wconf 90' lang='lat' dir='ltr'>et</span> <span class='ocrx_word' id='word_1_46' title='bbox 1135 3273 1376 3339; x_wconf 81' lang='lat' dir='ltr'>venerabundus</span> <span class='ocrx_word' id='word_1_47' title='bbox 1397 3273 1496 3340; x_wconf 91' lang='lat' dir='ltr'>oculis</span> <span class='ocrx_word' id='word_1_48' title='bbox 1520 3274 1695 3342; x_wconf 77' lang='lat' dir='ltr'><strong>lustrabam</strong></span> <span class='ocrx_word' id='word_1_49' title='bbox 1717 3280 1794 3342; x_wconf 89' lang='lat' dir='ltr'>ima·</span> 
     </span>
     <span class='ocr_line' id='line_1_12' title="bbox 616 3378 1794 3470; baseline 0.001 -23"><span class='ocrx_word' id='word_1_50' title='bbox 616 3387 725 3470; x_wconf 82' lang='lat' dir='ltr'>ginem</span> <span class='ocrx_word' id='word_1_51' title='bbox 745 3382 955 3468; x_wconf 88' lang='lat' dir='ltr'>phototypam</span> <span class='ocrx_word' id='word_1_52' title='bbox 979 3380 1093 3444; x_wconf 89' lang='lat' dir='ltr'>codicis</span> <span class='ocrx_word' id='word_1_53' title='bbox 1113 3382 1141 3443; x_wconf 83' lang='lat' dir='ltr'>A</span> <span class='ocrx_word' id='word_1_54' title='bbox 1161 3378 1287 3457; x_wconf 83' lang='lat' dir='ltr'><strong>Iliadis,</strong></span> <span class='ocrx_word' id='word_1_55' title='bbox 1308 3401 1387 3465; x_wconf 88' lang='lat' dir='ltr'>quae</span> <span class='ocrx_word' id='word_1_56' title='bbox 1406 3387 1534 3447; x_wconf 89' lang='lat' dir='ltr'>strenua</span> <span class='ocrx_word' id='word_1_57' title='bbox 1553 3402 1626 3447; x_wconf 90' lang='lat' dir='ltr'>cura</span> <span class='ocrx_word' id='word_1_58' title='bbox 1645 3380 1794 3468; x_wconf 80' lang='lat' dir='ltr'>Sythoffii</span> 
     </span>
     <span class='ocr_line' id='line_1_13' title="bbox 616 3485 1793 3574; baseline -0.001 -19"><span class='ocrx_word' id='word_1_59' title='bbox 616 3493 717 3554; x_wconf 79' lang='lat' dir='ltr'>nostri</span> <span class='ocrx_word' id='word_1_60' title='bbox 750 3510 824 3553; x_wconf 90' lang='lat' dir='ltr'>cum</span> <span class='ocrx_word' id='word_1_61' title='bbox 858 3488 981 3572; x_wconf 76' lang='lat' dir='ltr'>ingenti</span> <span class='ocrx_word' id='word_1_62' title='bbox 1016 3486 1170 3550; x_wconf 89' lang='lat' dir='ltr'>bonarum</span> <span class='ocrx_word' id='word_1_63' title='bbox 1205 3485 1386 3550; x_wconf 86' lang='lat' dir='ltr'>litterarum</span> <span class='ocrx_word' id='word_1_64' title='bbox 1421 3486 1636 3553; x_wconf 84' lang='lat' dir='ltr'>emolumento</span> <span class='ocrx_word' id='word_1_65' title='bbox 1671 3488 1793 3574; x_wconf 80' lang='lat' dir='ltr'>publici</span> 
     </span>
     <span class='ocr_line' id='line_1_14' title="bbox 617 3590 1793 3679; baseline 0.001 -19"><span class='ocrx_word' id='word_1_66' title='bbox 617 3598 700 3660; x_wconf 87' lang='lat' dir='ltr'>facta</span> <span class='ocrx_word' id='word_1_67' title='bbox 729 3601 776 3659; x_wconf 91' lang='lat' dir='ltr'>est</span> <span class='ocrx_word' id='word_1_68' title='bbox 798 3596 886 3656; x_wconf 88' lang='lat' dir='ltr'>iuris.</span> <span class='ocrx_word' id='word_1_69' title='bbox 918 3593 1002 3657; x_wconf 92' lang='lat' dir='ltr'>Nam</span> <span class='ocrx_word' id='word_1_70' title='bbox 1025 3593 1127 3656; x_wconf 84' lang='lat' dir='ltr'>cuivis</span> <span class='ocrx_word' id='word_1_71' title='bbox 1149 3594 1216 3656; x_wconf 92' lang='lat' dir='ltr'>iam</span> <span class='ocrx_word' id='word_1_72' title='bbox 1239 3590 1455 3657; x_wconf 75' lang='lat' dir='ltr'>Bibliothecae</span> <span class='ocrx_word' id='word_1_73' title='bbox 1477 3590 1694 3679; x_wconf 81' lang='lat' dir='ltr'>Philologicae</span> <span class='ocrx_word' id='word_1_74' title='bbox 1717 3593 1793 3661; x_wconf 90' lang='lat' dir='ltr'>licet</span> 
     </span>
     <span class='ocr_line' id='line_1_15' title="bbox 618 3696 1794 3788; baseline -0.002 -21"><span class='ocrx_word' id='word_1_75' title='bbox 618 3702 743 3767; x_wconf 91' lang='lat' dir='ltr'>modico</span> <span class='ocrx_word' id='word_1_76' title='bbox 776 3705 885 3764; x_wconf 86' lang='lat' dir='ltr'>sumtu</span> <span class='ocrx_word' id='word_1_77' title='bbox 917 3702 950 3762; x_wconf 93' lang='lat' dir='ltr'>in</span> <span class='ocrx_word' id='word_1_78' title='bbox 982 3696 1184 3763; x_wconf 91' lang='lat' dir='ltr'>commodum</span> <span class='ocrx_word' id='word_1_79' title='bbox 1214 3700 1391 3763; x_wconf 82' lang='lat' dir='ltr'>visentium</span> <span class='ocrx_word' id='word_1_80' title='bbox 1414 3719 1523 3783; x_wconf 84' lang='lat' dir='ltr'>parare</span> <span class='ocrx_word' id='word_1_81' title='bbox 1545 3700 1708 3788; x_wconf 82' lang='lat' dir='ltr'>exemplar</span> <span class='ocrx_word' id='word_1_82' title='bbox 1731 3703 1794 3786; x_wconf 94' lang='lat' dir='ltr'>ipsi</span> 
     </span>
     <span class='ocr_line' id='line_1_16' title="bbox 618 3804 1796 3892; baseline -0.002 -19"><span class='ocrx_word' id='word_1_83' title='bbox 618 3808 716 3873; x_wconf 87' lang='lat' dir='ltr'>codici</span> <span class='ocrx_word' id='word_1_84' title='bbox 748 3813 815 3871; x_wconf 83' lang='lat' dir='ltr'>tam</span> <span class='ocrx_word' id='word_1_85' title='bbox 847 3804 950 3870; x_wconf 90' lang='lat' dir='ltr'>simile</span> <span class='ocrx_word' id='word_1_86' title='bbox 981 3825 1077 3888; x_wconf 88' lang='lat' dir='ltr'>quam</span> <span class='ocrx_word' id='word_1_87' title='bbox 1108 3825 1205 3869; x_wconf 83' lang='lat' dir='ltr'>ovum</span> <span class='ocrx_word' id='word_1_88' title='bbox 1234 3820 1282 3868; x_wconf 82' lang='lat' dir='ltr'>esc</span> <span class='ocrx_word' id='word_1_89' title='bbox 1306 3825 1376 3869; x_wconf 77' lang='lat' dir='ltr'>ovo.</span> <span class='ocrx_word' id='word_1_90' title='bbox 1406 3804 1492 3870; x_wconf 88' lang='lat' dir='ltr'>Mihi</span> <span class='ocrx_word' id='word_1_91' title='bbox 1514 3827 1651 3892; x_wconf 89' lang='lat' dir='ltr'>quoque,</span> <span class='ocrx_word' id='word_1_92' title='bbox 1675 3809 1726 3872; x_wconf 93' lang='lat' dir='ltr'>cui</span> <span class='ocrx_word' id='word_1_93' title='bbox 1749 3808 1796 3873; x_wconf 91' lang='lat' dir='ltr'>bi·</span> 
     </span>
     <span class='ocr_line' id='line_1_17' title="bbox 617 3910 1794 3998; baseline -0.002 -20"><span class='ocrx_word' id='word_1_94' title='bbox 617 3913 755 3998; x_wconf 91' lang='lat' dir='ltr'>bliopola</span> <span class='ocrx_word' id='word_1_95' title='bbox 785 3916 835 3976; x_wconf 87' lang='lat' dir='ltr'>vir</span> <span class='ocrx_word' id='word_1_96' title='bbox 865 3912 1106 3977; x_wconf 90' lang='lat' dir='ltr'>honestissimus</span> <span class='ocrx_word' id='word_1_97' title='bbox 1137 3916 1170 3975; x_wconf 90' lang='lat' dir='ltr'>et</span> <span class='ocrx_word' id='word_1_98' title='bbox 1201 3912 1415 3976; x_wconf 88' lang='lat' dir='ltr'>amicissimus</span> <span class='ocrx_word' id='word_1_99' title='bbox 1447 3910 1610 3997; x_wconf 82' lang='lat' dir='ltr'>exemplar</span> <span class='ocrx_word' id='word_1_100' title='bbox 1639 3910 1794 3997; x_wconf 80' lang='lat' dir='ltr'>splendidi</span> 
     </span>
     <span class='ocr_line' id='line_1_18' title="bbox 618 4016 1795 4104; baseline -0.002 -20"><span class='ocrx_word' id='word_1_101' title='bbox 618 4022 721 4104; x_wconf 86' lang='lat' dir='ltr'>operis</span> <span class='ocrx_word' id='word_1_102' title='bbox 744 4018 826 4082; x_wconf 94' lang='lat' dir='ltr'>dono</span> <span class='ocrx_word' id='word_1_103' title='bbox 850 4017 954 4093; x_wconf 88' lang='lat' dir='ltr'>dedit,</span> <span class='ocrx_word' id='word_1_104' title='bbox 976 4054 1015 4064; x_wconf 87' lang='lat'>-</span> <span class='ocrx_word' id='word_1_105' title='bbox 1038 4016 1166 4093; x_wconf 70' lang='grc' dir='ltr'>μεγάλη</span> <span class='ocrx_word' id='word_1_106' title='bbox 1189 4016 1281 4097; x_wconf 74' lang='grc' dir='ltr'><strong><em>χάρις</em></strong></span> <span class='ocrx_word' id='word_1_107' title='bbox 1303 4017 1411 4097; x_wconf 72' lang='grc' dir='ltr'><em>αὐτῷ]</em></span> <span class='ocrx_word' id='word_1_108' title='bbox 1432 4055 1472 4066; x_wconf 95' lang='grc'><strong>-</strong></span> <span class='ocrx_word' id='word_1_109' title='bbox 1494 4021 1606 4104; x_wconf 89' lang='lat' dir='ltr'>quavis</span> <span class='ocrx_word' id='word_1_110' title='bbox 1625 4018 1701 4082; x_wconf 90' lang='lat' dir='ltr'>hora</span> <span class='ocrx_word' id='word_1_111' title='bbox 1720 4017 1795 4082; x_wconf 83' lang='lat' dir='ltr'>licet</span> 
     </span>
     <span class='ocr_line' id='line_1_19' title="bbox 616 4122 1793 4209; baseline 0 -20"><span class='ocrx_word' id='word_1_112' title='bbox 616 4123 712 4189; x_wconf 93' lang='lat' dir='ltr'>illum</span> <span class='ocrx_word' id='word_1_113' title='bbox 738 4125 922 4189; x_wconf 88' lang='lat' dir='ltr'>thesaurum</span> <span class='ocrx_word' id='word_1_114' title='bbox 946 4129 1002 4187; x_wconf 85' lang='lat' dir='ltr'>aut</span> <span class='ocrx_word' id='word_1_115' title='bbox 1025 4122 1084 4187; x_wconf 83' lang='lat' dir='ltr'>soli</span> <span class='ocrx_word' id='word_1_116' title='bbox 1107 4122 1193 4187; x_wconf 90' lang='lat' dir='ltr'>adire</span> <span class='ocrx_word' id='word_1_117' title='bbox 1217 4129 1273 4187; x_wconf 85' lang='lat' dir='ltr'>aut</span> <span class='ocrx_word' id='word_1_118' title='bbox 1296 4144 1370 4188; x_wconf 92' lang='lat' dir='ltr'>cum</span> <span class='ocrx_word' id='word_1_119' title='bbox 1396 4123 1561 4209; x_wconf 83' lang='lat' dir='ltr'>discipulis</span> <span class='ocrx_word' id='word_1_120' title='bbox 1587 4126 1793 4209; x_wconf 83' lang='lat' dir='ltr'>perscrutari,</span> 
     </span>
     <span class='ocr_line' id='line_1_20' title="bbox 617 4229 1794 4315; baseline 0 -20"><span class='ocrx_word' id='word_1_121' title='bbox 617 4230 700 4295; x_wconf 92' lang='lat' dir='ltr'>unde</span> <span class='ocrx_word' id='word_1_122' title='bbox 723 4233 826 4314; x_wconf 85' lang='lat' dir='ltr'>ipsam</span> <span class='ocrx_word' id='word_1_123' title='bbox 852 4232 1091 4313; x_wconf 84' lang='lat' dir='ltr'>„quaestionem</span> <span class='ocrx_word' id='word_1_124' title='bbox 1115 4229 1341 4295; x_wconf 84' lang='lat' dir='ltr'>Homericam&#39;&#39;</span> <span class='ocrx_word' id='word_1_125' title='bbox 1366 4252 1428 4295; x_wconf 92' lang='lat' dir='ltr'>uno</span> <span class='ocrx_word' id='word_1_126' title='bbox 1451 4229 1574 4295; x_wconf 85' lang='lat' dir='ltr'>saeculo</span> <span class='ocrx_word' id='word_1_127' title='bbox 1594 4231 1708 4295; x_wconf 83' lang='lat' dir='ltr'>abhinc</span> <span class='ocrx_word' id='word_1_128' title='bbox 1727 4251 1794 4315; x_wconf 81' lang='lat' dir='ltr'>pro</span> 
     </span>
     <span class='ocr_line' id='line_1_21' title="bbox 617 4334 1328 4421; baseline 0.003 -21"><span class='ocrx_word' id='word_1_129' title='bbox 617 4339 752 4402; x_wconf 85' lang='lat' dir='ltr'>crevisse</span> <span class='ocrx_word' id='word_1_130' title='bbox 775 4334 859 4399; x_wconf 90' lang='lat' dir='ltr'>haud</span> <span class='ocrx_word' id='word_1_131' title='bbox 883 4337 1000 4399; x_wconf 87' lang='lat' dir='ltr'>iniuria</span> <span class='ocrx_word' id='word_1_132' title='bbox 1023 4335 1138 4400; x_wconf 70' lang='lat' dir='ltr'>dherit</span> <span class='ocrx_word' id='word_1_133' title='bbox 1161 4338 1328 4421; x_wconf 87' lang='lat' dir='ltr'>quispiam.</span> 
     </span>
    </p>

    <p class='ocr_par' dir='ltr' id='par_1_9' title="bbox 615 4440 1792 4740">
     <span class='ocr_line' id='line_1_22' title="bbox 664 4440 1791 4527; baseline 0.001 -21"><span class='ocrx_word' id='word_1_134' title='bbox 664 4442 761 4506; x_wconf 85' lang='lat' dir='ltr'>Multi</span> <span class='ocrx_word' id='word_1_135' title='bbox 784 4448 892 4506; x_wconf 88' lang='lat' dir='ltr'>autem</span> <span class='ocrx_word' id='word_1_136' title='bbox 916 4440 1035 4506; x_wconf 85' lang='lat' dir='ltr'>multos</span> <span class='ocrx_word' id='word_1_137' title='bbox 1059 4463 1179 4508; x_wconf 83' lang='lat' dir='ltr'>errores</span> <span class='ocrx_word' id='word_1_138' title='bbox 1203 4445 1278 4527; x_wconf 92' lang='lat' dir='ltr'>quin</span> <span class='ocrx_word' id='word_1_139' title='bbox 1302 4443 1362 4507; x_wconf 92' lang='lat' dir='ltr'>hoc</span> <span class='ocrx_word' id='word_1_140' title='bbox 1381 4444 1432 4507; x_wconf 92' lang='lat' dir='ltr'>usi</span> <span class='ocrx_word' id='word_1_141' title='bbox 1449 4444 1659 4507; x_wconf 88' lang='lat' dir='ltr'>instrumento</span> <span class='ocrx_word' id='word_1_142' title='bbox 1684 4442 1791 4526; x_wconf 83' lang='lat' dir='ltr'>depre-</span> 
     </span>
     <span class='ocr_line' id='line_1_23' title="bbox 615 4547 1790 4634; baseline -0.001 -21"><span class='ocrx_word' id='word_1_143' title='bbox 615 4550 746 4614; x_wconf 86' lang='lat' dir='ltr'>hensuri</span> <span class='ocrx_word' id='word_1_144' title='bbox 768 4550 832 4612; x_wconf 89' lang='lat' dir='ltr'>sint</span> <span class='ocrx_word' id='word_1_145' title='bbox 856 4547 1013 4634; x_wconf 81' lang='lat' dir='ltr'>philologi</span> <span class='ocrx_word' id='word_1_146' title='bbox 1036 4547 1142 4613; x_wconf 90' lang='lat' dir='ltr'>nullus</span> <span class='ocrx_word' id='word_1_147' title='bbox 1162 4548 1289 4626; x_wconf 91' lang='lat' dir='ltr'>dubito;</span> <span class='ocrx_word' id='word_1_148' title='bbox 1313 4570 1388 4614; x_wconf 89' lang='lat' dir='ltr'>nam</span> <span class='ocrx_word' id='word_1_149' title='bbox 1409 4550 1442 4612; x_wconf 89' lang='lat' dir='ltr'>in</span> <span class='ocrx_word' id='word_1_150' title='bbox 1468 4555 1532 4613; x_wconf 89' lang='lat' dir='ltr'>tam</span> <span class='ocrx_word' id='word_1_151' title='bbox 1556 4547 1663 4633; x_wconf 92' lang='lat' dir='ltr'>amplo</span> <span class='ocrx_word' id='word_1_152' title='bbox 1683 4567 1790 4632; x_wconf 88' lang='lat' dir='ltr'>opere,</span> 
     </span>
     <span class='ocr_line' id='line_1_24' title="bbox 615 4652 1792 4740; baseline -0.002 -21"><span class='ocrx_word' id='word_1_153' title='bbox 615 4655 699 4740; x_wconf 93' lang='lat' dir='ltr'>quod</span> <span class='ocrx_word' id='word_1_154' title='bbox 730 4655 881 4719; x_wconf 88' lang='lat' dir='ltr'>hactenus</span> <span class='ocrx_word' id='word_1_155' title='bbox 911 4657 1036 4718; x_wconf 90' lang='lat' dir='ltr'>nonnisi</span> <span class='ocrx_word' id='word_1_156' title='bbox 1059 4652 1198 4719; x_wconf 90' lang='lat' dir='ltr'>Venetiis</span> <span class='ocrx_word' id='word_1_157' title='bbox 1221 4653 1343 4720; x_wconf 92' lang='lat' dir='ltr'>consuli</span> <span class='ocrx_word' id='word_1_158' title='bbox 1365 4656 1471 4739; x_wconf 91' lang='lat' dir='ltr'>potuit</span> <span class='ocrx_word' id='word_1_159' title='bbox 1490 4674 1546 4739; x_wconf 85' lang='lat' dir='ltr'>per</span> <span class='ocrx_word' id='word_1_160' title='bbox 1568 4654 1792 4739; x_wconf 76' lang='lat' dir='ltr'>peregrinatio-</span> 
     </span>
    </p>
   </div>
   <div class='ocr_carea' id='block_1_9' title="bbox 616 4759 1792 4954">
    <p class='ocr_par' dir='ltr' id='par_1_10' title="bbox 616 4759 1792 4954">
     <span class='ocr_line' id='line_1_25' title="bbox 617 4759 1792 4846; baseline -0.002 -20"><span class='ocrx_word' id='word_1_161' title='bbox 617 4783 697 4826; x_wconf 93' lang='lat' dir='ltr'>num</span> <span class='ocrx_word' id='word_1_162' title='bbox 720 4768 863 4845; x_wconf 87' lang='lat' dir='ltr'>tempora</span> <span class='ocrx_word' id='word_1_163' title='bbox 884 4762 980 4823; x_wconf 92' lang='lat' dir='ltr'>nimis</span> <span class='ocrx_word' id='word_1_164' title='bbox 1004 4781 1127 4844; x_wconf 90' lang='lat' dir='ltr'>semper</span> <span class='ocrx_word' id='word_1_165' title='bbox 1149 4760 1272 4835; x_wconf 89' lang='lat' dir='ltr'>brevia,</span> <span class='ocrx_word' id='word_1_166' title='bbox 1296 4759 1364 4824; x_wconf 84' lang='lat' dir='ltr'>fieri</span> <span class='ocrx_word' id='word_1_167' title='bbox 1387 4779 1449 4824; x_wconf 92' lang='lat' dir='ltr'>non</span> <span class='ocrx_word' id='word_1_168' title='bbox 1472 4762 1578 4846; x_wconf 90' lang='lat' dir='ltr'>potuit</span> <span class='ocrx_word' id='word_1_169' title='bbox 1599 4761 1792 4845; x_wconf 85' lang='lat' dir='ltr'>quinetiam</span> 
     </span>
     <span class='ocr_line' id='line_1_26' title="bbox 616 4862 1790 4954; baseline 0.002 -22"><span class='ocrx_word' id='word_1_170' title='bbox 616 4875 687 4954; x_wconf 93' lang='lat' dir='ltr'>post</span> <span class='ocrx_word' id='word_1_171' title='bbox 707 4866 871 4932; x_wconf 88' lang='lat' dir='ltr'>Villoisoni</span> <span class='ocrx_word' id='word_1_172' title='bbox 891 4865 1028 4930; x_wconf 89' lang='lat' dir='ltr'>Behkeri</span> <span class='ocrx_word' id='word_1_173' title='bbox 1047 4862 1158 4931; x_wconf 81' lang='lat' dir='ltr'>(lebeti</span> <span class='ocrx_word' id='word_1_174' title='bbox 1176 4865 1335 4931; x_wconf 86' lang='lat' dir='ltr'>LaRochii</span> <span class='ocrx_word' id='word_1_175' title='bbox 1347 4864 1672 4931; x_wconf 80' lang='lat' dir='ltr'>Ludwichiialiorum</span> <span class='ocrx_word' id='word_1_176' title='bbox 1684 4864 1790 4934; x_wconf 77' lang='lat' dir='ltr'>studio</span> 
     </span>
    </p>
   </div>
   <div class='ocr_carea' id='block_1_10' title="bbox 0 0 2568 6150">
    <p class='ocr_par' dir='ltr' id='par_1_11' title="bbox 0 0 2568 6150">
     <span class='ocr_line' id='line_1_27' title="bbox 0 0 2568 6150; baseline 0 0"><span class='ocrx_word' id='word_1_177' title='bbox 0 0 2568 6150; x_wconf 95' lang='lat' dir='ltr'> </span> 
     </span>
    </p>
   </div>
  </div>
 </body>
</html>
