5125 6150
962 834 1130 883 nronrsros
1152 833 1473 882 mmosanassnuers.
1746 816 1809 882 261

623 1003 820 1065 notissimus.
858 1000 1005 1066 Editores
1039 1008 1145 1066 tamen
1176 1014 1380 1066 correxerunt
1410 999 1530 1065 scilicet
1560 1001 1788 1075 ἐκκεκαυμένος
1797 1002 1811 1062 ό

622 1108 700 1172 Esse
730 1109 828 1171 miror
859 1110 914 1192 qui
944 1128 981 1173 eo
1004 1110 1137 1192 peritiae
1161 1108 1263 1193 gradu
1287 1105 1424 1173 Graecos
1447 1109 1614 1192 scriptores
1637 1109 1812 1191 suscipiant

623 1213 724 1279 edere.
759 1211 941 1278 Admonere
971 1221 1077 1279 tamen
1109 1235 1160 1278 eos
1190 1220 1338 1300 potuerat
1365 1212 1448 1299 quod
1479 1215 1627 1279 continuo
1650 1216 1809 1298 sequitur:

623 1320 810 1384 ἀπέκτειναν
832 1321 874 1399 τῷ
897 1319 1021 1385 πελέκει
1045 1322 1104 1392 τοὶς
1128 1323 1274 1398 κεφαλὰς
1299 1319 1523 1391 ἄτοκοτόντας.

671 1523 734 1588 XX
763 1546 794 1609 p.
820 1523 969 1589 264.17;
1001 1527 1052 1588 τόν
1084 1524 1302 1601 ἐξελθόντα
1335 1526 1447 1602 χρυσὸν
1471 1525 1504 1588 ἐκ
1526 1528 1579 1619 τοῦ
1604 1525 1681 1602 ἱεροῦ
1705 1525 1809 1589 ναυσὶν

625 1629 786 1703 ἐνθέμενος.
810 1629 878 1694 Viri
902 1631 988 1695 docti
1011 1633 1100 1695 varia
1123 1635 1304 1707 tentarunt,
1325 1630 1379 1694 sed
1398 1650 1506 1695 omnes
1524 1628 1704 1696 infeliciter.
1728 1630 1810 1711 Quid

623 1739 651 1801 si
674 1737 753 1801 latet
776 1736 1034 1811 ονλνθόνταό

668 1941 732 2006 XX
750 1964 781 2025 p.
800 1941 876 2007 269.
889 1940 951 2006 27:
972 1940 1021 2005 tri
1042 1948 1104 2012 τοῖς
1125 1939 1218 2021 όρεοιν
1237 1938 1394 2019 ἄγραυλοι
1414 1941 1465 2003 καὶ
1486 1941 1581 2005 τλεό
1590 1964 1656 2004 ονα
1677 1943 1728 2006 τόν
1741 1941 1808 2017 βόον

625 2046 720 2129 εἶχεν.
744 2048 831 2113 Haeo
854 2058 902 2113 est
926 2050 1127 2114 Ambrosiani
1151 2047 1406 2127 codiculum,
1427 2054 1603 2113 correctum
1623 2049 1809 2124 fuitaelcaa
1893 2074 1895 2080 ·

623 2156 719 2241 idque
744 2155 960 2240 Kiesslingins
980 2158 1116 2239 recepit,
1136 2158 1192 2240 qui
1211 2157 1310 2220 etiam
1330 2157 1487 2241 cogitavit
1507 2154 1561 2219 de:
1583 2154 1676 2233 λιτόν,
1697 2154 1809 2220 deinde

623 2262 845 2348 ampliandum
886 2263 1019 2327 censuit.
1062 2261 1107 2326 Ut
1145 2262 1179 2325 in
1221 2261 1386 2346 desperata
1425 2282 1475 2337 re,
1516 2260 1669 2347 refingere
1708 2264 1810 2346 possis

624 2369 841 2449 ὑταόόριον.

1067 2712 1155 2759 auur.
1180 2711 1289 2759 sonos.
1317 2693 1367 2759 10.

670 2865 875 2929 Athenienses
898 2883 1027 2927 causam
1049 2859 1258 2927 Salaminiam
1281 2861 1445 2947 Spartanis
1469 2861 1703 2927 diiudicandum
1726 2884 1810 2928 com·

623 2975 776 3035 mittunt:
802 2970 827 3034 oi
849 2970 905 3044 μὲν
928 2962 975 3033 οὖν
997 2968 1104 3032 πολλοὶ
1125 2968 1166 3048 τῷ
1186 2967 1301 3033 Σόλωνι
1321 2970 1587 3045 συναγωνίσασθαι
1608 2970 1732 3047 λέγουσι
1753 2972 1808 3043 τὴν

625 3063 762 3154 Ὀμήρου
794 3074 901 3152 θόξαν·
935 3076 1119 3152 ἐμβαλόντα
1151 3073 1213 3151 γὰρ
1246 3074 1339 3139 αὐτόν
1363 3073 1450 3152 ἔτος,
1475 3079 1620 3161 sequitur
1641 3079 1809 3143 notissima

621 3181 869 3249 narratiuncula.
894 3182 956 3247 Hic
975 3184 1030 3257 rba
1053 3182 1185 3259 ὀμιὶροο
1210 3182 1300 3258 δόξαν
1327 3182 1402 3267 quid
1426 3182 1606 3268 significare
1625 3186 1726 3268 possit
1746 3205 1808 3248 non

623 3292 726 3358 video.
759 3290 910 3375 Sequitur
941 3290 1017 3354 hoo:
1051 3289 1259 3354 Athenienses
1291 3295 1400 3354 contra
1430 3289 1489 3354 hoc
1512 3298 1701 3375 argumento
1724 3290 1808 3375 apud

606 3399 741 3478 iudices
767 3419 862 3461 usum
886 3417 952 3461 esse
972 3393 1119 3461 Solonem
1140 3395 1316 3460 affirmant:
1339 3395 1531 3471 „Philaeum
1550 3402 1582 3460 et
1600 3396 1807 3482 Eurysaoem,

622 3504 704 3568 filios
725 3505 847 3579 Aiacis,
868 3505 953 3567 cives
973 3502 1180 3565 Athenienses
1202 3502 1301 3565 factos
1320 3503 1353 3564 in
1375 3502 1481 3566 Attica
1500 3501 1693 3578 consedisse,
1712 3502 1809 3568 Brau-
1883 3535 1886 3540 ⁴

621 3631 698 3676 rone
722 3608 877 3687 alterum,
902 3608 1039 3673 alterum
1062 3606 1208 3673 Melite”.
1238 3608 1336 3672 Addit
1358 3610 1426 3693 ipse
1449 3608 1658 3674 Plutarchus:
1684 3608 1735 3674 acl
1761 3609 1809 3683 δῆ-

621 3742 678 3794 μον
709 3718 862 3793 ἐπώνυμον
886 3716 1012 3780 Φιλαίου
1035 3721 1107 3779 τῶν
1133 3713 1282 3779 Φιλαϊδῶν
1306 3712 1428 3793 ἔχοντα
1448 3714 1551 3781 Immo
1575 3714 1644 3780 adv:
1671 3717 1808 3794 „habeut

622 3826 724 3888 etiam
757 3823 963 3887 Athenienses
993 3822 1130 3899 tribum,
1164 3840 1244 3905 quae
1277 3821 1316 3885 de
1339 3820 1464 3886 Philaei
1486 3824 1615 3888 nomine
1638 3823 1722 3887 dicta
1742 3831 1806 3888 est:

623 3942 671 3994 est
692 3927 1118 3994 eaPhilaida1·umtribus’'.
1142 3926 1249 3991 Etiam
1269 3948 1286 3991 e
1307 3926 1479 4011 sepeliendi
1497 3931 1619 3993 ratione
1643 3950 1810 4014 argumen-

620 4045 693 4101 tum
724 4038 852 4120 petiisse
883 4033 1032 4099 Solonem
1057 4034 1264 4098 Athenienses
1288 4033 1464 4112 declarant,
1488 4057 1550 4120 quo
1576 4036 1808 4101 demonstraret

623 4143 701 4209 olim
725 4142 968 4206 Atheniensium
991 4162 1054 4205 non
1078 4140 1319 4226 Megarensium
1339 4139 1534 4206 Salaminem
1553 4142 1660 4207 fuisse.
1685 4144 1728 4207 At
1747 4144 1808 4208 hoc

620 4255 850 4334 argumentum
874 4249 1011 4313 refutare
1035 4253 1167 4312 conatur
1184 4246 1306 4313 Heroas
1326 4247 1524 4335 Megarensis
1545 4256 1577 4313 et
1596 4247 1658 4314 alia
1678 4249 1808 4316 afferens

621 4365 653 4421 et
684 4357 916 4441 gravissimum
940 4355 999 4419 hoo
1023 4354 1100 4431 μθαι
1124 4348 1254 4418 ἕκαστον
1277 4355 1442 4427 Ἀθηναίων
1466 4352 1550 4434 ἔχειν
1573 4355 1673 4433 θήκην,
1698 4365 1809 4433 Μεγα-

622 4462 693 4542 ρέων
722 4463 752 4526 δὲ
785 4463 836 4525 καὶ
869 4468 947 4540 τρεῖς
980 4463 1031 4524 καὶ
1065 4460 1217 4539 τέσσαρας
1249 4461 1278 4524 ε’ν
1303 4468 1362 4543 μιᾷ
1387 4462 1513 4525 νεῖσθαι.
1538 4460 1638 4541 Quid,
1662 4463 1806 4538 obsecre,

622 4570 681 4634 hoc
710 4570 750 4634 ad
780 4591 847 4633 ram
880 4571 1016 4654 pertinet
1047 4568 1129 4653 quod
1158 4571 1192 4632 in
1215 4566 1395 4654 sepeliendo
1418 4569 1608 4647 Μορονοοιοοο
1631 4570 1809 4654 discrepant

622 4678 661 4742 ab
685 4672 953 4741 Atheniensibus?
977 4675 1024 4740 De
1048 4674 1197 4738 Salamine
1220 4681 1256 4739 ut
1280 4677 1391 4759 opinor
1413 4678 1533 4761 agitur,
1557 4683 1590 4741 et
1611 4675 1669 4741 illa
1690 4676 1806 4754 insula,

619 4805 683 4848 non
703 4783 835 4870 Megara
855 4784 944 4860 urbs,
965 4784 1129 4867 quaeritur
1153 4788 1263 4844 utrum
1288 4781 1530 4847 Atheniensium
1551 4780 1628 4848 olim
1650 4782 1747 4848 fuerit
1767 4805 1804 4849 au

623 4913 695 4956 non.
718 4890 803 4976 Ergo
823 4911 879 4975 pro
900 4888 1069 4966 Μεγαρέων
1088 4888 1224 4953 rescribe
1244 4888 1453 4963 testacearios.
1618 4888 1647 4955 J.
1666 4889 1696 4957 J.
1717 4889 1759 4955 H.
