5125 6150
682 796 726 861 98
1208 810 1350 858 rnorrns.

683 1000 761 1044 vero
793 1001 855 1044 non
886 977 1090 1043 mediocriter
1113 977 1185 1040 inde
1209 978 1321 1040 crescit
1344 974 1475 1050 fiducia;
1500 977 1546 1039 sic
1570 977 1656 1040 enim
1680 976 1808 1040 credere
1831 978 1874 1040 in·

684 1087 766 1171 cipio
789 1107 851 1150 non
875 1085 967 1170 plane
991 1085 1110 1147 frustra
1133 1103 1185 1147 me
1209 1084 1349 1166 antiquis
1371 1081 1446 1146 dare
1469 1102 1598 1167 operam
1621 1083 1840 1166 scriptoribus.

727 1191 777 1255 Ad
797 1191 945 1255 Tacitum
966 1191 1049 1276 quod
1070 1191 1224 1274 pertinet,
1243 1188 1382 1252 ineunda
1400 1187 1459 1252 illa
1471 1195 1503 1253 et
1513 1188 1687 1253 honorifica
1698 1190 1875 1267 συνέμπο-

683 1320 728 1365 css
761 1318 814 1361 me
845 1296 978 1380 impulit
1008 1303 1046 1359 ut
1069 1298 1299 1380 investigarem
1322 1300 1464 1359 essentne
1488 1302 1651 1379 praeterea
1673 1298 1707 1359 in
1730 1295 1876 1361 lucubra-

684 1403 825 1466 tionibus
856 1405 936 1465 meis
966 1400 1104 1464 Taciteis
1135 1398 1288 1464 nonnulla
1319 1420 1399 1485 quae
1422 1403 1488 1464 iam
1512 1403 1653 1464 nuncin
1677 1401 1786 1465 medio
1810 1422 1875 1487 pro

683 1507 829 1592 ponenda
860 1507 1061 1581 viderentur,
1094 1506 1189 1591 idque
1222 1513 1293 1569 tum
1325 1508 1513 1590 praesertim
1545 1506 1646 1570 iacere
1679 1507 1824 1584 decrevi,
1848 1510 1873 1571 si

685 1613 841 1698 quaedam
864 1614 911 1677 ibi
934 1615 1113 1678 invenirem
1138 1633 1217 1696 quae
1239 1618 1294 1675 aut
1318 1611 1587 1677 Woelfflinianum
1610 1615 1785 1677 inventum
1809 1634 1873 1678 con·

684 1719 864 1794 firmarent,
898 1726 954 1784 ant
985 1718 1185 1783 illustrarent
1215 1723 1271 1782 aut
1302 1717 1437 1803 denique
1468 1740 1541 1782 cum
1573 1741 1609 1783 eo
1641 1717 1751 1803 aliquo
1781 1719 1872 1785 modo

682 1825 894 1891 cohaererent.
919 1826 984 1890 Nec
1009 1824 1063 1888 diu
1088 1826 1247 1908 quaesivi:
1272 1845 1347 1887 mox
1372 1827 1457 1888 enim
1481 1823 1634 1889 nonnulla
1656 1845 1871 1909 excerpseram

686 1952 766 2016 qnae
790 1932 948 1995 eiusmodi
971 1931 1166 2007 viderentur,
1191 1937 1286 2015 atque
1310 1969 1352 1978 —
1378 1930 1410 1994 id
1433 1930 1517 2015 quod
1540 1930 1644 2015 pluris
1667 1933 1770 1996 etiam
1793 1931 1870 1995 mibi

683 2044 750 2102 erat
772 2075 813 2085 -
837 2040 884 2101 ita
907 2043 1035 2121 possent
1057 2040 1205 2121 componi
1230 2043 1266 2100 ut
1287 2059 1349 2101 non
1370 2036 1499 2120 quidem
1520 2036 1704 2101 absolutum
1725 2041 1870 2101 existeret

685 2164 764 2227 opus
798 2179 839 2191 -
870 2141 952 2206 illud
982 2148 1091 2206 autem
1123 2145 1195 2226 quis
1225 2143 1283 2207 hac
1315 2148 1418 2207 aetate
1449 2145 1549 2227 possit
1573 2140 1719 2227 sperare‘l
1744 2182 1788 2191 -
1821 2141 1870 2207 scd

686 2255 796 2312 tamen
820 2247 941 2331 aliquid
965 2248 1067 2330 qnod,
1092 2247 1311 2333 qualecunque
1335 2255 1434 2326 esset,
1458 2255 1565 2313 tarnen
1584 2252 1618 2311 in
1637 2270 1670 2313 se
1690 2254 1776 2313 esset
1795 2256 1870 2313 teres

687 2362 783 2437 atque
814 2353 999 2417 rotundum.
1031 2354 1198 2432 Quomodo
1229 2354 1310 2417 mihi
1344 2375 1380 2418 ea
1404 2375 1453 2418 res
1481 2356 1611 2418 cesserit
1634 2356 1759 2439 peritus
1783 2359 1871 2439 atque

686 2478 806 2543 aequus
829 2458 936 2523 videat
960 2480 1077 2524 censor.

1252 2821 1308 2887 Ill.

733 3003 867 3067 Initium
893 3003 1006 3067 faciam
1032 3024 1050 3067 a
1073 3003 1196 3069 duobus
1219 3003 1315 3081 locis,
1341 3007 1396 3088 qui
1420 3003 1504 3068 haud
1529 3004 1625 3069 dubie
1649 3025 1746 3089 quam
1771 3006 1873 3069 aretis

685 3113 766 3175 aime
786 3111 952 3175 cohaerent
972 3132 1045 3174 cum
1065 3114 1221 3175 sententia
1233 3133 1250 3174 a
1264 3110 1456 3175 Woelfflinio
1468 3116 1535 3175 tam
1548 3110 1727 3175 luculenter
1738 3111 1871 3176 defensa.

686 3217 862 3300 Utrobique
894 3219 979 3281 enim
1013 3216 1050 3280 de
1081 3238 1114 3281 se
1146 3217 1355 3280 historiarum
1386 3220 1537 3302 scriptore
1560 3216 1706 3302 quuitur
1728 3215 1873 3292 Tacitus,

687 3328 797 3406 estque
818 3321 898 3386 alter
916 3321 1074 3385 eiusmodi
1094 3328 1132 3385 ut
1150 3361 1191 3371 —-
1211 3322 1385 3386 dummodo
1405 3325 1569 3406 integrum
1590 3343 1664 3386 eum
1678 3321 1875 3386 vindicemus

688 3428 726 3491 ab
758 3426 867 3489 inutili
900 3427 1035 3511 quodam
1070 3427 1255 3491 emendandi
1278 3431 1444 3491 conamine
1468 3464 1510 3476 -
1535 3429 1664 3514 egregie
1687 3449 1744 3491 nos
1770 3429 1875 3492 doceat

687 3530 834 3595 Tacitum
866 3554 926 3596 non
960 3536 1067 3596 minus
1096 3533 1175 3597 bene
1199 3554 1295 3617 qnam
1320 3532 1466 3616 aequales
1490 3538 1614 3596 nostros
1636 3536 1772 3596 sensisse
1796 3532 1877 3617 quod

686 3645 768 3700 esset
800 3637 873 3699 boni
905 3638 1046 3701 historici
1079 3638 1219 3702 officium
1236 3640 1268 3715 ¹),
1301 3637 1401 3702 altero
1434 3646 1534 3702 semet
1564 3640 1672 3722 ipsnrn
1701 3638 1825 3703 indicat
1846 3644 1876 3702 et

688 3743 806 3805 vitium
839 3742 997 3823 quoddam
1021 3743 1189 3827 profitetur
1212 3744 1295 3827 qnod
1320 3743 1462 3829 legentes
1486 3743 1660 3807 identidem
1684 3745 1717 3806 in
1741 3749 1876 3828 utroque

686 3867 779 3931 opere
799 3849 919 3910 maiore
942 3885 983 3895 -
1004 3849 1057 3913 sed
1078 3852 1203 3933 saepius
1226 3852 1384 3913 tamenin
1405 3848 1582 3913 Annalibus
1604 3886 1645 3897 -—
1660 3852 1875 3934 agnoscimus.

732 3953 769 4015 Α.
807 3953 887 4015 Anu.
912 3951 1001 4028 XIII,
1027 3954 1079 4017 20.
1105 3955 1278 4038 Postquam
1304 3958 1445 4019 narravit
1468 3955 1644 4030 Neronem,
1670 3954 1877 4020 vehementer

687 4059 876 4123 exterritum
902 4059 995 4122 rebus
1020 4060 1183 4142 quaesibi
1209 4060 1373 4124 demetra
1397 4068 1429 4124 et
1453 4058 1600 4123 Rubellio
1624 4080 1642 4122 a
1665 4059 1781 4124 Paride
1800 4083 1878 4124 nun·

686 4167 853 4240 tierentur,
885 4186 947 4228 non
980 4164 1087 4229 solum
1118 4166 1156 4229 de
1178 4165 1244 4230 illis
1268 4166 1434 4251 perdendis
1458 4168 1614 4250 cogitasse
1638 4165 1692 4228 sed
1717 4168 1818 4230 etiam
1842 4167 1880 4232 de

688 4271 789 4336 Burro
820 4271 1016 4355 praefectura
1049 4271 1262 4348 demovendo,
1294 4281 1331 4337 ut
1362 4276 1417 4356 qni
1438 4274 1550 4336 matris
1575 4279 1657 4335 esset
1680 4275 1788 4357 gratia
1812 4296 1882 4358 pro

686 4383 816 4453 vectus,
840 4380 886 4441 sic
909 4380 1032 4463 pergit:

732 4483 850 4547 Fabius
874 4482 1025 4547 Rusticus
1049 4492 1227 4549 auctorest
1247 4488 1467 4569 scriptosesse
1488 4484 1527 4547 ad
1546 4482 1713 4550 Caecinam
1734 4483 1882 4550 Tuscum

690 4588 867 4664 codicillos,
900 4590 1049 4653 mandata
1080 4593 1110 4654 ei
1141 4593 1372 4673 praetoriarum
1404 4590 1586 4654 cohortium
1616 4610 1708 4665 cura,
1741 4593 1798 4655 sed
1823 4614 1883 4677 ope

722 4832 748 4891 1)
767 4833 800 4878 lie
818 4831 927 4880 omnIbns
945 4832 1050 4895 antiquIe
1066 4830 1180 4880 historiae
1196 4829 1352 4895 scriptoribus
1369 4830 1448 4878 valere
1465 4830 1527 4879 idem
1546 4845 1620 4893 usqne
1637 4845 1780 4894 quemqnam
1796 4848 1882 4883 corum

685 4928 766 4961 errare
783 4915 880 4962 celuim
896 4915 985 4978 optime
1004 4915 1150 4961 demonstrat
1169 4913 1272 4961 Boissier
1290 4912 1326 4961 ll.
