5125 6150
1133 841 1247 891 rmnrr
1269 837 1443 889 rerumne.
1638 880 1641 886 .
1804 814 1869 882 383

686 1011 862 1096 posteriore
895 1012 1084 1085 annecteret,
1117 1005 1201 1092 quod
1234 1011 1342 1071 tamen
1371 1007 1500 1070 irritum
1532 1004 1655 1070 cecidit.
1687 1001 1876 1088 Milphionis

687 1117 788 1181 verba
818 1121 949 1197 respecto
962 1114 1094 1177 —aieot
1125 1116 1232 1198 inepta
1263 1117 1356 1188 sunt,
1390 1131 1464 1176 cum
1494 1113 1581 1198 prior
1612 1110 1742 1188 techna,
1767 1106 1874 1173 dolosa

685 1222 816 1288 fallacia
839 1241 895 1307 per
917 1220 1101 1296 advocatos,
1134 1221 1200 1282 iam
1222 1216 1367 1283 absoluta
1389 1219 1432 1282 eit
1455 1238 1614 1303 suumque
1638 1216 1786 1281 habuerit
1808 1234 1876 1279 suo

684 1349 830 1406 cessum,
855 1325 955 1391 altera
977 1332 1086 1391 autem
1105 1323 1247 1390 nondum
1266 1326 1418 1389 instituta
1437 1326 1497 1401 sit,
1519 1323 1573 1389 sed
1591 1324 1723 1408 incipiet
1743 1320 1874 1386 demum

684 1457 706 1501 a
738 1434 844 1500 verbis
873 1432 1056 1520 Syncerasti
1085 1452 1118 1496 r.
1143 1430 1209 1496 892
1228 1451 1306 1516 sqq„
1338 1450 1439 1516 neque
1470 1450 1546 1495 vero
1577 1428 1690 1494 techna
1719 1432 1782 1505 est,
1797 1486 1799 1492 .
1812 1447 1873 1513 qua

682 1542 760 1608 leno
790 1542 935 1625 tangitur
962 1542 997 1603 in
1021 1537 1121 1603 altera
1144 1535 1269 1602 fabulae
1291 1541 1399 1622 parte,
1425 1535 1479 1600 sed
1502 1556 1592 1601 casus
1615 1555 1634 1600 a
1658 1534 1799 1600 Fortuna
1821 1532 1873 1597 oh

685 1648 774 1713 latus
797 1652 842 1726 (v.
864 1644 952 1725 973),
977 1645 1134 1710 adventus
1157 1642 1334 1708 Hannonis.
1358 1641 1466 1707 Etiam
1489 1645 1594 1729 magis
1615 1639 1766 1718 absurda,
1791 1658 1871 1724 quae

684 1758 880 1840 sequuntur:
914 1752 1020 1817 Stadco
1050 1752 1127 1813 tanc
1158 1750 1288 1812 lenonem
1311 1750 1448 1831 perdere,
1484 1770 1558 1814 cum
1589 1750 1674 1834 prior
1703 1745 1774 1812 leno
1804 1748 1870 1811 iam

684 1861 834 1947 perierit,
859 1859 897 1922 de
921 1857 1020 1923 altero
1042 1856 1202 1922 nihildum
1225 1858 1448 1942 acceperimus.

978 2071 980 2074 ¹
1043 2092 1150 2155 Acrus
1174 2089 1200 2154 V
1225 2107 1346 2155 scursa
1371 2090 1401 2167 5,
1427 2089 1457 2168 6,
1483 2090 1513 2156 7.

734 2296 781 2361 lla
803 2317 882 2381 quae
905 2295 1058 2382 leguntur
1080 2299 1165 2360 inter
1188 2294 1231 2359 IV
1258 2295 1274 2359 1
1300 2301 1332 2360 et
1356 2292 1382 2356 V
1406 2292 1425 2358 5
1449 2315 1542 2359 nemo
1565 2292 1690 2359 dubitat
1713 2294 1790 2377 quin
1812 2290 1872 2355 hoc

687 2407 757 2490 ipso
788 2403 897 2468 ordine
928 2403 1046 2468 fuerint·
1075 2405 1109 2465 in
1132 2402 1344 2481 Καρχηδονίῳ,
1367 2403 1428 2465 nisi
1451 2400 1535 2487 quod
1557 2404 1682 2486 postea,
1707 2402 1741 2463 in
1765 2398 1871 2482 dispu-

688 2511 809 2574 tatione
830 2508 867 2573 de
890 2507 1034 2594 prologo,
1059 2507 1240 2572 videbimus
1263 2529 1280 2573 e
1304 2505 1424 2574 Graeco
1447 2505 1592 2595 exemplo
1614 2507 1667 2571 hic
1689 2505 1758 2570 illic
1781 2525 1872 2589 quae·

688 2617 763 2682 dam
787 2617 903 2681 omissa
926 2636 992 2681 esse
1015 2635 1033 2678 a
1057 2613 1182 2679 Plauto.

726 2722 782 2787 ·De
805 2724 973 2808 postremis
993 2723 1094 2785 scenis
1113 2721 1214 2784 tribue
1232 2719 1350 2806 duplex
1370 2723 1511 2806 quaestio
1531 2725 1596 2797 est,
1617 2716 1871 2805 quandoquidem

691 2835 723 2895 et
754 2829 986 2893 contaminatae
1017 2832 1092 2891 sunt
1123 2832 1154 2891 et
1184 2830 1381 2891 retractatae.
1417 2825 1464 2891 De
1493 2829 1714 2892 retractatione
1743 2844 1871 2911 prorsus

692 2939 813 2999 constat
836 2941 964 3020 propter
986 2932 1147 3018 duplicem
1169 2930 1294 2997 fabulae
1317 2934 1458 3010 exitum,
1485 2931 1572 2999 1370
1590 2953 1635 3018 sq.
1660 2937 1692 2998 et
1718 2930 1814 3008 1422,
1840 2936 1872 2995 et

690 3046 817 3128 propter
842 3040 1002 3106 assiduam
1028 3060 1136 3104 rerum
1163 3043 1195 3104 et
1222 3038 1380 3105 dictorum
1409 3042 1644 3127 repetitionem,
1677 3038 1732 3105 sed
1758 3057 1872 3125 anceps

688 3148 805 3214 decisio
837 3153 901 3225 est,
934 3168 1015 3232 quae
1037 3152 1142 3232 partes
1164 3147 1357 3212 revocandae
1381 3149 1446 3212 sint
1468 3146 1507 3213 ad
1530 3147 1702 3226 Plautum,
1728 3167 1807 3233 quae
1831 3143 1871 3209 ad

686 3256 947 3320 retractationem
976 3251 1238 3338 postplautinam.
1277 3253 1314 3318 In
1345 3253 1481 3319 editione
1512 3260 1694 3341 stereotypa
1723 3274 1751 3319 a.
1784 3249 1871 3317 1896

686 3381 746 3448 pro
779 3362 913 3425 noviciis
943 3358 1151 3424 secluduntur
1179 3380 1253 3423 cum
1284 3358 1568 3426 Brachmanno
1594 3358 1815 3426 1353-1358
1840 3364 1872 3423 et

685 3487 764 3532 cum
804 3465 1041 3533 Camerario
1082 3471 1149 3531 tota
1187 3485 1278 3530 scena
1312 3464 1341 3543 7,
1379 3465 1611 3532 1372-1422.
1645 3466 1731 3533 Mihi
1763 3473 1871 3532 tamen

684 3576 794 3639 textui
828 3572 977 3638 Plautino
1009 3572 1197 3658 prudentius
1230 3572 1426 3639 consuluisse
1459 3573 1610 3639 ridentur
1642 3575 1870 3660 Ussingiue,

686 3680 896 3766 Langenus
920 3687 952 3744 et
974 3678 1052 3744 lieo
1073 3681 1107 3743 in
1130 3679 1190 3755 ed,
1221 3700 1358 3764 quorum
1383 3682 1505 3766 opinio,
1530 3701 1725 3767 quamquam
1748 3683 1782 3744 in
1805 3681 1873 3767 qui·

687 3785 825 3851 busdam
856 3785 1064 3863 dissentiunt,
1097 3786 1160 3851 fere
1191 3785 1313 3850 inclusa
1343 3792 1391 3851 est
1420 3786 1470 3851 his
1500 3787 1607 3853 verbis
1629 3787 1815 3875 Langeni
1837 3793 1871 3855 in

687 3890 781 3958 Stud.
806 3891 911 3956 Plaut.
935 3914 966 3977 p.
991 3890 1074 3956 344:
1101 3891 1187 3968 „Mir
1211 3892 1335 3956 scheint
1358 3913 1391 3957 es
1413 3895 1475 3957 mit
1497 3893 1616 3980 Ussing
1634 3896 1724 3960 nicht
1742 3895 1873 3962 zweifel-

691 3999 798 4076 „hatt,
823 3998 893 4062 dass
916 4018 949 4062 es
972 3997 1040 4062 sich
1063 3998 1151 4063 nicht
1175 3998 1287 4063 darum
1310 3998 1447 4064 handeln
1470 4000 1554 4064 kann
1577 4002 1736 4067 entweder
1758 4003 1873 4087 (1315)

689 4103 950 4183 „1322-1371,
974 4104 1050 4169 oder
1075 4101 1161 4169 1372
1184 4104 1232 4168 bis
1255 4126 1329 4169 zum
1352 4104 1500 4171 Schlusse
1523 4113 1598 4185 (von
1622 4108 1782 4175 einzelnen
1806 4116 1875 4197 spir

690 4217 800 4288 „teren
827 4208 980 4274 husitzen
1000 4210 1191 4295 abgesehen)
1209 4209 1231 4290 ¹)
1258 4210 1311 4276 fiir
1330 4212 1385 4276 das
1409 4212 1661 4300 Urspriingliche
1686 4234 1724 4279 zu
1747 4216 1874 4282 halten:

691 4314 832 4394 ,‚sowohl
860 4316 915 4380 der
935 4321 1016 4381 erste
1039 4319 1098 4382 wie
1122 4316 1177 4381 der
1200 4319 1310 4382 aweite
1335 4316 1482 4396 Schluss,
1507 4322 1568 4385 wie
1591 4322 1637 4385 sie
1660 4342 1720 4386 uns
1738 4326 1817 4408 jetrt
1838 4326 1874 4387 in

691 4423 771 4501 „den
802 4421 1050 4488 Handschrilten
1081 4425 1114 4486 in
1146 4443 1359 4488 verworrener
1390 4422 1516 4490 Gestalt
1546 4425 1726 4513 rorliegen,
1751 4427 1874 4494 enthitlt

690 4529 784 4607 „echt
823 4526 1057 4595 Plautinisches
1096 4528 1162 4594 und
1196 4529 1427 4616 Aenderungcn
1469 4531 1524 4597 der
1557 4533 1871 4619 nachplautinischen

689 4634 943 4720 „Bearbeitnng:
967 4635 1046 4701 dazu
1070 4636 1221 4701 hommen
1244 4637 1325 4702 noch
1345 4636 1483 4703 einzelne
1502 4643 1625 4724 spitere
1644 4639 1775 4707 Zusttze
1796 4641 1871 4708 oder

690 4738 1016 4827 „interpolationen''.

695 4896 888 4907 ——n—

726 4975 752 5039 1)
769 4974 828 5022 Leo
844 4973 869 5021 in
886 4973 983 5037 Queat.
1000 4971 1079 5021 Plaut.
1096 4988 1120 5037 p.
1138 4973 1186 5021 158
1204 4972 1285 5021 adnot.
1302 4972 1391 5035 cogitat
1408 4972 1436 5021 de
1453 4972 1542 5022 duabus
1558 4975 1772 5028 retractationibus
