5125 6150
1194 820 1388 871 naeonrnne.
1837 807 1879 874 87

685 994 736 1055 ita
768 994 846 1054 sunt
877 990 1068 1065 instructae,
1099 994 1136 1052 ut
1165 986 1269 1053 ordini
1292 986 1450 1075 glyconeo
1473 991 1536 1074 ipsi
1559 990 1776 1078 adiungantur
1797 1013 1881 1057 unna

686 1103 746 1162 ant
772 1093 955 1180 complures
980 1094 1118 1160 trochaei
1141 1099 1198 1158 aut
1222 1093 1348 1159 ordines
1371 1094 1532 1161 trochaici.

735 1203 776 1268 In
798 1202 949 1286 strophae
971 1203 1073 1285 ipsius
1095 1199 1322 1266 distributione
1346 1200 1544 1267 Schmidtins
1567 1223 1586 1268 a
1608 1224 1700 1289 scopo
1723 1204 1881 1270 aberrasse

687 1310 774 1374 mihi
808 1330 871 1374 non
905 1307 1049 1384 videtum
1085 1306 1280 1372 adiumentis
1311 1328 1392 1393 quae
1423 1308 1553 1374 aderant
1582 1331 1655 1375 cum
1687 1331 1762 1377 cura
1785 1319 1880 1396 atque

688 1415 863 1502 diligentia
894 1417 928 1478 in
962 1434 1058 1478 usum
1090 1416 1210 1478 vocatis
1239 1417 1476 1498 anapaesticnm
1507 1423 1649 1502 systema
1680 1417 1781 1502 quoad
1811 1420 1880 1483 eius

689 1521 761 1586 fieri
793 1526 918 1606 poterat
945 1522 1113 1586 rest'tnere
1136 1532 1269 1584 conatus
1292 1526 1357 1597 est,
1381 1524 1444 1585 nisi
1466 1522 1547 1586 forte
1570 1525 1750 1588 coniectura
1772 1523 1880 1597 ἔννσίο

688 1626 949 1712 reprehendenda
979 1634 1045 1701 eet,
1076 1646 1156 1710 quae
1180 1625 1262 1689 mihi
1285 1624 1378 1691 valde
1401 1630 1542 1711 prosaica
1564 1648 1600 1693 ac
1623 1631 1730 1694 ieiuna
1752 1629 1880 1695 videtur

688 1754 769 1798 esee.
794 1730 1001 1797 Desideratur
1022 1732 1112 1796 verbi
1135 1731 1254 1808 forma,
1279 1751 1342 1816 qua
1364 1734 1446 1797 actio
1469 1731 1548 1798 mali
1566 1734 1764 1800 immittendi
1783 1736 1880 1822 signi·

687 1839 813 1915 ficetur,
843 1844 881 1902 nt
903 1839 1021 1911 ίννῑνοις.
1053 1837 1137 1903 Satis
1160 1836 1362 1922 exploratum
1385 1844 1450 1916 eet,
1476 1845 1583 1904 textus
1606 1840 1742 1906 formam
1763 1844 1880 1927 prima

687 1949 774 2011 riam
797 1965 865 2011 esee
888 1945 984 2010 hanc:

915 2051 1133 2124 πολύμναστον
1156 2050 1303 2123 ἐπηνθίσω
1326 2051 1364 2115 δι’
1389 2043 1458 2125 οίμ·
1485 2048 1621 2130 ἄνιπτον,

919 2153 984 2230 ἥτις
1009 2152 1043 2230 ἦν
1065 2156 1130 2221 τότ’
1153 2157 1183 2220 ἐν
1207 2153 1310 2229 iducis
1334 2153 1393 2234 ἔρις

918 2263 1080 2342 ἐρίδματος
1103 2264 1132 2326 τ’
1157 2261 1264 2343 civicis
1289 2260 1379 2343 ίίζνίς.

733 2369 857 2438 Censeo
888 2369 1125 2435 assentiendum
1156 2390 1223 2435 esse
1251 2368 1430 2435 Schmidtio
1453 2390 1606 2435 versuum
1629 2376 1731 2435 metra
1753 2373 1786 2435 in
1809 2373 1880 2437 uni·

688 2498 822 2543 versum
846 2480 930 2541 recte
955 2478 1156 2553 restituenti,
1181 2497 1255 2540 cum
1279 2474 1319 2541 ad
1342 2478 1577 2562 anapaesticum
1601 2497 1773 2542 numerum
1796 2477 1878 2543 ordi·

685 2605 744 2649 nes
766 2589 861 2648 antea
884 2582 1028 2648 confusos
1052 2587 1084 2647 et
1108 2587 1210 2647 metro
1234 2587 1376 2648 carentes
1399 2584 1583 2662 concinnet;
1608 2584 1785 2650 Hermanni
1809 2606 1876 2651 sen·

686 2692 825 2755 tentiam
847 2709 914 2754 esse
939 2687 1143 2752 reiiciendam
1166 2693 1314 2773 apparet,
1339 2709 1413 2753 cum
1436 2709 1547 2753 versus

918 2792 935 2869 ἦ
959 2794 1178 2869 πολύμναστον
1202 2794 1349 2868 ἐπννίίσω
1374 2788 1442 2872 οιίμ’
1466 2793 1593 2860 ἄνιπτον

917 2903 1023 2965 στᾶσον
1047 2901 1113 2966 τότ’
1137 2901 1167 2964 ἕν
1191 2899 1325 2975 δίμονσνν

916 3007 1078 3088 ίρίδμοτίς
1101 3030 1149 3079 τις
1173 3005 1278 3086 deicis
1303 3006 1385 3089 ίίζνίς

686 3138 706 3182 a
733 3115 883 3202 rhythmi
909 3114 1036 3201 legibus
1059 3115 1226 3180 abhorrere
1248 3115 1332 3179 mihi
1356 3135 1544 3200 persuasum
1567 3118 1619 3181 sit.
1643 3116 1746 3181 Primi
1765 3137 1877 3184 versus

686 3228 831 3287 metrum
868 3223 897 3285 ei
938 3223 1094 3286 statuitur
1126 3250 1499 3299 --------------
1543 3225 1613 3308 quis
1652 3243 1713 3287 non
1749 3223 1874 3303 videat,

685 3330 815 3393 numeri
847 3326 984 3392 admitti·
998 3329 1264 3412 interruptionem
1288 3327 1447 3412 quandam
1471 3329 1526 3394 vix
1548 3325 1731 3394 ferendam?
1766 3329 1876 3396 Prima

687 3435 808 3500 ordinis
839 3453 911 3519 pars
941 3440 1137 3499 monometer
1168 3434 1373 3499 dochmiacae
1403 3434 1537 3500 fortasse
1567 3435 1676 3500 haberi
1699 3441 1822 3520 posset,
1847 3439 1875 3502 si

687 3549 833 3607 extrema
857 3539 982 3626 syllaba
1006 3545 1088 3606 esset
1111 3539 1224 3626 longa,
1249 3543 1341 3606 cuius
1363 3539 1492 3626 regulae
1512 3543 1655 3626 exceptio
1673 3541 1762 3608 nullo
1780 3542 1875 3608 modo

687 3657 737 3714 eet
761 3647 976 3725 admittenda,
1000 3649 1068 3712 sive
1091 3648 1263 3734 probamus
1287 3647 1392 3732 Heph.
1418 3669 1448 3732 p.
1470 3645 1501 3724 5,
1526 3649 1594 3713 eive
1612 3648 1744 3713 Arietid.
1765 3647 1874 3728 Quint.

687 3779 719 3842 p.
745 3752 801 3832 39,
835 3756 904 3819 sive
936 3753 1112 3819 Hermanni
1144 3752 1237 3819 elem.
1269 3775 1300 3839 p.
1324 3753 1391 3819 240
1414 3759 1447 3819 et
1471 3757 1547 3839 epit.
1572 3776 1603 3840 p.
1628 3753 1671 3820 86
1694 3754 1749 3836 (II.
1773 3756 1873 3837 edit),

686 3865 757 3927 sire
787 3860 941 3926 Boeohhii
964 3860 1002 3926 de
1025 3867 1118 3926 metr.
1142 3860 1235 3925 Pind.
1260 3881 1291 3945 p.
1318 3858 1361 3923 45
1386 3866 1418 3925 et
1440 3859 1627 3926 Rossbachii
1650 3883 1681 3947 p.
1709 3860 1782 3941 184,
1807 3864 1874 3928 sive

686 3966 893 4033 Brambacbii
927 3969 962 4031 in
996 3964 1077 4031 libro
1111 3969 1166 4052 qui
1201 3966 1389 4031 inscribitur
1422 3966 1595 4033 Metrische
1630 3965 1766 4033 Studien
1800 3988 1874 4032 num

688 4065 868 4159 Soph'olrles
890 4072 923 4138 S.
948 4071 990 4136 59
1014 4074 1196 4138 sententias.
1220 4072 1312 4137 Hanc
1335 4078 1459 4157 partem
1480 4076 1624 4158 sequitur
1646 4076 1789 4151 creticus,
1814 4078 1875 4138 ter·

686 4184 732 4246 tio
763 4178 832 4245 loco
863 4178 991 4264 dipodia
1020 4178 1188 4244 trochaica.
1221 4178 1312 4243 Alter
1334 4200 1446 4244 versus
1469 4178 1671 4267 logaoedicus
1693 4185 1742 4244 est
1764 4200 1820 4264 per
1839 4197 1873 4242 se

686 4284 868 4372 probandus
899 4288 1005 4349 eroice
1029 4283 1096 4350 τίν’
1122 4285 1152 4348 ἐν
1177 4283 1320 4363 δόμοισιν,
1345 4293 1501 4370 quantum
1525 4292 1633 4350 tamen
1656 4285 1804 4370 equidem
1827 4285 1873 4348 in-

685 4392 825 4479 tellego,
868 4391 1045 4479 logaoedici
1080 4392 1205 4457 ordines
1239 4392 1449 4470 dochmiacis‚
1484 4394 1630 4456 interseri
1664 4412 1727 4455 non
1760 4388 1871 4456 solent.

686 4499 787 4563 Porro
817 4500 994 4564 rectissime
1024 4497 1186 4565 contendit
1215 4497 1374 4563 Henricus
1397 4497 1612 4574 Schmidtius,
1636 4499 1872 4583 anapaesticnm

685 4611 830 4692 systema
860 4604 1038 4691 tetrapodia
1068 4603 1389 4692 brachycatalectico,
1422 4611 1459 4669 ut
1490 4607 1537 4670 ait
1566 4606 1650 4689 ipse,
1681 4640 1724 4653 -
1755 4602 1872 4669 melius

683 4719 810 4788 tamen,
846 4713 880 4775 ni
914 4709 1018 4789 fallor,
1049 4710 1176 4796 dipodia
1206 4709 1388 4776 catalectica
1419 4710 1551 4787 dicatur,
1583 4731 1657 4775 cnm
1689 4716 1873 4795 anapaestos

682 4817 860 4884 secundnm
892 4816 1036 4903 dipodius
1062 4818 1239 4883 metiendos
1263 4838 1330 4884 esee
1350 4823 1488 4893 constet,
1514 4853 1557 4865 -
1580 4814 1725 4882 concludi
1748 4816 1869 4882 debere.

681 4924 801 4991 Vereor
831 4930 956 5002 tamem
980 4930 1018 4989 nt
1040 4929 1124 4989 recte
1148 4923 1340 4990 iudicaverit
1363 4922 1579 5001 Schmidtius,
1603 4942 1678 4988 cum
1701 4943 1763 4990 nou
1783 4921 1872 4989 dnbi-
