5125 6150
1207 868 1351 918 1111111.
1827 854 1868 918 91

683 1055 820 1117 quorum
846 1035 1017 1116 imperiosa
1041 1033 1165 1097 decreta
1188 1031 1429 1119 philologorum
1454 1032 1575 1119 vulgus
1598 1038 1688 1098 tanto
1708 1034 1874 1100 affecerant

683 1145 802 1203 terrore
827 1147 979 1222 metuque
1003 1147 1039 1202 ut
1062 1139 1184 1203 hiscere
1203 1139 1332 1203 auderet
1352 1161 1457 1204 nemo.
1483 1140 1570 1218 Quae
1590 1160 1639 1204 res
1660 1141 1818 1225 quomodo
1840 1162 1873 1205 11

684 1245 830 1309 habuerit
855 1249 964 1329 paucis
988 1266 1114 1310 narrare
1138 1249 1238 1310 iuvat.

729 1350 859 1414 'l'acitus
879 1358 911 1414 et
930 1350 1125 1415 Plutarchus
1144 1354 1178 1414 in
1200 1351 1373 1415 enarranda
1392 1348 1512 1416 Galbae
1532 1349 1729 1435 Othonisque
1741 1352 1875 1417 historia

684 1455 846 1542 permulta
877 1457 995 1520 habent
1023 1459 1221 1533 communia,
1247 1479 1309 1522 non
1332 1456 1438 1520 solum
1463 1493 1504 1505 -
1528 1456 1562 1520 id
1585 1458 1669 1541 quod
1693 1458 1875 1522 vindicare

684 1584 764 1647 opus
779 1600 820 1608 -
834 1583 883 1625 res
903 1562 1064 1645 factaque,
1084 1562 1138 1626 sed
1158 1565 1254 1626 etiam
1275 1583 1384 1626 rerum
1404 1568 1602 1626 narratarum
1616 1562 1874 1646 dispositionem,

684 1670 837 1732 orationis
859 1668 1000 1744 lumina,
1026 1671 1197 1732 sententias
1221 1667 1353 1751 etquid
1377 1665 1461 1732 nonl
1483 1668 1547 1732 Hic
1570 1671 1599 1732 si
1620 1669 1710 1733 nobis
1733 1668 1877 1733 licuisset

685 1794 811 1838 sumere
845 1773 879 1836 id
913 1773 998 1857 quod
1031 1781 1142 1858 sponte
1177 1795 1210 1838 se
1246 1773 1336 1838 offert
1367 1811 1410 1822 —
1442 1775 1585 1837 vitarum
1621 1776 1806 1858 scriptorem
1838 1795 1876 1838 111

683 1881 828 1943 historiis
850 1880 994 1942 hausisse
1015 1916 1056 1926 -
1078 1879 1271 1944 incommodi
1295 1878 1378 1942 nihil
1400 1879 1523 1943 fuisset.
1549 1880 1591 1942 At
1611 1878 1644 1941 id
1664 1881 1771 1963 ipsum
1791 1901 1877 1944 seve·

683 1989 811 2048 11111111
845 1983 918 2069 lege
953 2006 1078 2049 sumere
1113 1986 1312 2062 vetabamur,
1345 2006 1425 2069 quae
1455 1988 1664 2070 gravissimas
1695 1987 1877 2050 minabatur

686 2109 817 2174 poenas:
850 2093 910 2153 1111
935 2090 1027 2154 stulti
1051 2090 1223 2175 stolidique
1246 2097 1278 2154 et
1300 2093 1334 2153 in
1359 2089 1521 2176 republica
1543 2089 1712 2156 literarum
1734 2092 1877 2176 hospites

687 2196 748 2259 dici
781 2193 954 2269 vellemus,
986 2217 1172 2279 persuasum
1205 2197 1296 2260 nobis
1327 2217 1395 2260 esse
1428 2196 1560 2261 debebat
1584 2219 1599 2260 e
1622 2197 1765 2260 1111111111
1788 2198 1875 2261 fonte

685 2303 829 2366 hausisse
853 2302 885 2365 et
908 2303 1098 2366 historicum
1123 2303 1155 2366 et
1178 2302 1401 2388 biographum.

732 2407 780 2471 lta
812 2406 849 2471 de
873 2407 1041 2471 Plutarchi
1065 2408 1195 2491 quidem
1219 2406 1370 2471 laudibus
1394 2406 1476 2470 nihil
1500 2407 1704 2472 demebatur:
1729 2410 1878 2491 quamvis

687 2516 772 2577 enim
804 2512 908 2576 multa
939 2515 1105 2576 sumsisset
1135 2514 1173 2577 ab
1203 2512 1283 2590 alio,
1316 2535 1393 2576 1111
1417 2514 1447 2576 ei
1470 2513 1631 2598 perstabat
1655 2513 1771 2577 honor:
1796 2535 1877 2597 qnae

687 2618 764 2683 alibi
788 2621 821 2681 11
846 2621 996 2682 continua
1019 2618 1127 2703 aliqua
1151 2618 1285 2682 historia
1308 2621 1475 2709 invenerat
1499 2618 1538 2682 ad
1563 2616 1700 2683 Galbam
1723 2625 1755 2683 et
1782 2616 1878 2683 Otho

687 2747 760 2789 nem
791 2726 998 2808 pertinentia,
1030 2745 1066 2788 ea
1097 2731 1244 2808 excerpta
1274 2726 1319 2788 sic
1349 2724 1541 2809 digesserat,
1573 2726 1618 2787 sic
1649 2723 1876 2801 adornaverat,
1917 2736 1931 2753 ·

687 2833 732 2895 sic
761 2837 966 2915 proposuerat
989 2836 1027 2893 ut
1045 2833 1149 2894 iustae
1168 2829 1338 2894 evaderent
1356 2828 1465 2904 Vitae,
1485 2828 1648 2915 eleganter
1667 2832 1875 2914 perscriptae:

687 2937 802 3000 artifex
834 2957 909 3021 ergo
941 2942 1009 2999 erat
1039 2935 1199 3020 putandus
1230 2938 1286 3019 qni
1317 2935 1448 2999 honesto
1472 2933 1660 3019 liberalique
1682 2933 1789 3000 labore
1812 2934 1879 3000 lau·

688 3042 836 3107 dabiliter
859 3048 941 3106 esset
965 3042 1160 3128 perfunctus.

733 3151 776 3211 At
799 3150 915 3211 misero
939 3146 1049 3212 Tacito
1069 3146 1153 3211 nihil
1173 3148 1311 3211 restabat
1330 3146 1415 3231 quod
1435 3149 1600 3232 proprium
1620 3148 1750 3212 haberet
1770 3168 1878 3211 suum·

687 3275 758 3338 que.
788 3251 926 3316 Aliunde
950 3258 1019 3317 erat
1043 3260 1213 3317 mutuatus
1237 3275 1310 3317 enm
1334 3254 1428 3318 rebus
1453 3254 1566 3330 verba,
1591 3274 1665 3317 cum
1688 3254 1795 3318 verbis
1818 3252 1879 3318 elo

686 3362 865 3434 cntionem,
899 3379 972 3422 eum
1006 3357 1182 3423 elocutione
1212 3357 1338 3423 lumina
1368 3365 1400 3422 ct
1432 3363 1626 3423 ornamenta.
1659 3357 1730 3422 Non
1762 3357 1882 3444 artifex,

688 3472 754 3530 erat
784 3465 837 3529 sed
870 3466 1049 3549 operarius,
1074 3486 1137 3529 non
1161 3466 1297 3549 scriptor
1320 3464 1373 3527 sed
1396 3463 1564 3540 librarius,
1589 3486 1651 3528 non
1675 3463 1756 3528 liber
1780 3463 1877 3527 homo

687 3570 742 3635 sed
765 3591 886 3634 servus.
919 3570 1030 3654 Neque
1056 3591 1214 3654 unquam,
1240 3569 1395 3653 quamdiu
1419 3571 1563 3653 scripsit,
1589 3590 1622 3633 11
1645 3569 1821 3633 vindicavit
1843 3571 1878 3631 in

686 3675 879 3740 libertatem.
917 3674 987 3739 Non
1024 3678 1109 3739 enim
1144 3679 1177 3739 in
1209 3675 1362 3738 Historiis
1393 3672 1498 3738 solum
1529 3680 1699 3739 occurrunt
1730 3695 1766 3738 ea
1797 3694 1877 3758 quae

687 3781 796 3845 Tacito
817 3782 1000 3844 communia
1021 3789 1096 3844 sunt
1115 3802 1188 3845 cum
1209 3780 1400 3857 Plutarcho,
1421 3779 1473 3843 sed
1494 3782 1593 3843 etiam
1612 3782 1645 3843 in
1664 3780 1772 3843 ultimo
1785 3787 1878 3861 parte

688 3887 851 3950 Antiatium
872 3886 1026 3950 eiusmodi
1047 3886 1168 3971 aliquid
1188 3889 1351 3950 invenitur
1367 3884 1400 3964 ¹).
1425 3885 1511 3971 Ergo
1530 3885 1568 3949 ab
1588 3907 1623 3950 eo
1643 3884 1715 3949 inde
1735 3892 1878 3969 tempore

688 4015 762 4057 cum
793 3993 933 4076 primum
966 3994 1111 4055 animum
1141 3992 1180 4055 ad
1212 3989 1415 4055 scribendum
1443 3989 1586 4075 appulit,
1610 4011 1710 4074 usque
1734 3989 1773 4053 ad
1796 3987 1877 4052 illud

689 4119 750 4182 quo
782 4101 895 4182 ingens
926 4118 1022 4160 suum
1052 4097 1191 4161 absolvit
1221 4117 1301 4181 opus
1332 4095 1508 4160 describere
1539 4099 1664 4180 poterat
1778 4093 1877 4158 altius

688 4224 751 4267 non
776 4203 927 4287 sapiebat.

734 4305 874 4384 „Orede,
896 4328 957 4371 non
978 4306 1109 4391 quidem
1126 4307 1198 4391 quia
1216 4305 1391 4370 absurdum
1411 4305 1465 4370 sed
1478 4304 1612 4391 quamvis
1631 4305 1689 4369 tibi
1701 4303 1877 4368 absurdum

685 4412 854 4478 videatur”
877 4415 921 4476 sic
942 4412 1105 4476 edicebant
1123 4414 1186 4477 viri
1206 4411 1307 4490 docti,
1327 4432 1421 4496 penes
1433 4432 1511 4496 quos
1524 4411 1877 4493 summumimperium

688 4541 755 4584 esse
787 4517 972 4582 videbatur:
1008 4518 1184 4594 „habemns
1211 4519 1297 4581 enim
1321 4516 1355 4581 id
1378 4516 1461 4601 quod
1483 4535 1679 4601 quemquam
1702 4513 1883 4604 quidquam¹

688 4646 746 4689 suo
781 4624 936 4687 arbitratu
966 4622 1019 4687 vel
1054 4627 1154 4688 facere
1186 4622 1240 4688 111
1270 4625 1394 4707 opinari
1424 4622 1563 4699 vetabit,
1597 4621 1752 4685 habemus
1784 4657 1827 4667 -
1858 4641 1876 4685 1

688 4729 822 4794 meliora
844 4729 973 4794 tandem
998 4729 1117 4793 discere
1140 4732 1244 4812 incipe
1268 4731 1414 4813 quisquis
1435 4732 1492 4792 tuo
1511 4727 1571 4791 tibi
1590 4725 1740 4790 standum
1757 4725 1876 4790 iudicio

724 4962 751 5024 1)
771 4964 833 5009 Anu.
850 4962 901 5018 XV,
919 4961 1022 5011 721111.
1040 4976 1093 5007 curn
1114 4958 1178 5007 Plnt.
1195 4958 1264 5006 ortt.
1282 4973 1303 5006 1.
1322 4957 1345 5004 9,
