5125 6150
1074 814 1118 861 An
1142 813 1374 861 ΔΙΙΕἸῸΡῊΔΣῙΕ
1395 813 1489 863 ΠΕ.

1225 980 1418 1057 περότριμμα
1440 979 1539 1056 dcxiv,

869 1085 995 1163 κύρβις,
1019 1084 1177 1163 ιιρόταλον,
1201 1084 1342 1162 atram,
1365 1086 1467 1164 τρόμιρ
1490 1086 1556 1150 nri.
1570 1085 1608 1165 ¹),

687 1193 750 1255 nisi
774 1192 880 1255 vicina
902 1189 1059 1255 voeabula
1082 1193 1115 1254 in
1139 1214 1200 1265 -μοι
1225 1190 1403 1256 desinerent
1426 1208 1557 1268 cuneta,
1581 1212 1679 1276 quam
1697 1191 1882 1277 parecbeain

686 1298 816 1362 turbare
840 1317 947 1362 merae
971 1299 1164 1361 temeritatis
1182 1297 1264 1361 mibi
1284 1296 1422 1361 ridetur.
1443 1295 1644 1382 Quapropter
1659 1319 1700 1362 nc
1718 1296 1882 1383 Blaydeeii

685 1403 817 1487 quidem
840 1405 1041 1467 coniecturae
1068 1402 1215 1479 κρόταλον
1228 1402 1254 1480 ’ρ
1278 1406 1452 1488 quicquam
1475 1404 1593 1467 tribuo.
1617 1401 1652 1468 Si
1673 1403 1752 1487 quid
1770 1402 1880 1479 video,

685 1512 805 1573 vitium
836 1512 959 1593 peperit
989 1529 1054 1574 vox
1084 1508 1190 1586 κύρβις
1222 1530 1240 1572 e
1270 1509 1418 1574 Nubium
1439 1508 1508 1573 loco
1530 1507 1683 1593 parallelo
1705 1511 1879 1593 exrcnpta,

685 1620 815 1698 poetam
833 1628 944 1678 autem
963 1634 1076 1678 vocem
1098 1620 1207 1689 λῆμα
1232 1614 1416 1680 adhibuisse
1438 1617 1594 1699 suspicor,
1618 1634 1793 1699 veramque
1813 1634 1880 1678 ver·

684 1741 739 1785 eun
760 1720 899 1784 formam
923 1720 1004 1785 banc
1027 1741 1112 1785 eane:

866 1826 1028 1905 σόφισμα,
1052 1834 1194 1905 τρῖμμα,
1219 1824 1437 1904 παιπάλημα,
1462 1827 1554 1901 λῆμ’
1576 1821 1656 1891 όλιν.

733 2042 786 2108 Va.
810 2043 876 2109 465
888 2065 958 2129 sqq.
981 2043 1164 2108 Piaetaerua
1187 2047 1366 2109 orationem
1389 2047 1435 2109 cic
1458 2044 1598 2110 orditur:

943 2149 1049 2224 λόγειν
1073 2148 1152 2227 ζητῶ
1175 2172 1205 2212 τι
1229 2150 1334 2213 πάλαι
1358 2150 1447 2227 μέγα
1470 2151 1523 2215 ααῖ
1546 2150 1666 2228 ια’ρινον
1688 2148 1761 2221 ἔτος
1785 2173 1834 2226 τι,

734 2253 752 2318 ό
772 2278 801 2318 τι
826 2256 881 2329 τῖρν
904 2255 1019 2319 τούτοιν
1042 2257 1162 2333 όραύτει
1186 2255 1306 2334 ψυχήν.

690 2359 741 2424 Ad
764 2362 851 2444 ipsae
874 2359 948 2424 dein
970 2379 1045 2424 area
1067 2380 1257 2425 conversus:

1426 2462 1519 2536 οὕτως
1543 2466 1626 2540 ὑμῶν
1650 2466 1834 2544 manare,

734 2570 838 2642 οῖτινες
862 2574 945 2642 ὄντες
970 2572 1111 2648 πρότερον
1133 2570 1271 2647 βασιλῆς

691 2677 951 2743 Admirabuudue
974 2681 1044 2742 eiua
1067 2679 1163 2742 verba
1185 2680 1395 2763 interrumpit
1417 2674 1641 2763 Coryphaeus:

1355 2785 1443 2859 ἡμεῖς
1467 2784 1622 2861 flavitum
1646 2784 1743 2862 τόνος;

688 2888 803 2974 Pergit
825 2888 1024 2953 Pinetaerue:

1747 2994 1834 3068 ὑμεῖς

733 3102 857 3164 πόντιον
880 3097 967 3162 ότόι’
992 3100 1086 3178 ἐστίν,
1110 3104 1186 3174 ἐμοῦ
1210 3106 1325 3180 πρῶτον
1348 3101 1448 3177 τουδί,
1473 3100 1526 3163 ιιοιῖ
1551 3104 1605 3162 τοῦ
1630 3098 1701 3170 Διὸς
1726 3101 1834 3165 αὐτοῦ.

734 3209 926 3283 ἑρχαιότεροι
950 3207 1087 3282 πρότεροί
1109 3230 1144 3268 τι
1169 3207 1276 3280 Κρόνου
1302 3209 1352 3269 xxi
1379 3206 1520 3269 Τιτάνιον
1543 3206 1683 3281 ε’γένιτόε
1708 3206 1773 3269 nri.

688 3310 775 3390 Quae
805 3310 964 3395 quomodo
995 3311 1164 3375 decurrant
1195 3334 1258 3375 non
1289 3311 1392 3377 video.
1424 3312 1508 3375 Nam
1531 3333 1642 3376 verane
1664 3310 1878 3395 paenultimm

688 3420 716 3481 ei
751 3425 870 3501 puncto
906 3417 1079 3492 clauditur,
1115 3424 1152 3480 ut
1186 3416 1255 3481 fieri
1290 3419 1388 3494 solet,
1423 3418 1599 3503 asyndeton
1630 3416 1665 3480 fit
1695 3416 1789 3502 plane
1820 3436 1878 3480 non

688 3522 871 3599 ferendum
907 3521 1033 3608 virgula
1064 3530 1172 3586 autem
1196 3527 1223 3587 ai
1246 3524 1398 3588 scribitur
1418 3527 1452 3587 in
1476 3527 1546 3587 eiua
1568 3523 1630 3586 fine
1653 3531 1782 3587 auctore
1806 3522 1879 3587 Diu·

687 3626 801 3701 dorfio,
835 3629 891 3709 qui
922 3630 1031 3713 iungit
1064 3626 1169 3694 οἵτινες
1274 3628 1471 3709 ἀρχαιότεροι
1575 3628 1734 3703 ε’γένιιιόε,
1766 3648 1807 3692 ne
1837 3630 1878 3691 aic

686 3731 815 3816 quidem
840 3735 918 3795 satis
943 3742 1017 3816 apte
1042 3734 1118 3797 haec
1142 3734 1328 3810 cohaerent,
1352 3755 1425 3798 nam
1451 3732 1624 3818 praelonga
1642 3731 1699 3796 illa
1717 3733 1879 3816 parentbe

685 3840 730 3901 eis
762 3838 874 3913 ,ἡμεῖς
890 3873 928 3884 -
943 3837 1061 3900 αὐτοῦ’
1083 3837 1218 3903 molesta
1241 3849 1308 3915 est,
1331 3847 1364 3904 et
1387 3842 1525 3924 speciem
1551 3837 1681 3921 quidem
1704 3840 1879 3901 sententiae

685 3942 763 4007 hacc
794 3941 964 4026 praebent,
999 3963 1111 4007 revera
1142 3951 1249 4008 tamen
1281 3945 1417 4009 absurda
1448 3952 1540 4019 eunt,
1573 3965 1636 4007 non
1667 3945 1754 4007 enim
1786 3941 1878 4006 aliter

686 4048 822 4123 βασιλῆι
854 4047 936 4118 but
969 4046 1103 4123 πρότεροι
1135 4048 1242 4124 Κρόνου
1267 4051 1403 4126 ἐγένοντο
1428 4050 1482 4114 sed
1506 4050 1640 4124 πρότεροι
1665 4048 1773 4121 Κρόνου
1797 4050 1879 4125 yet

686 4177 769 4229 μενοι
792 4154 928 4229 βασιλῆς
955 4150 1030 4225 dreia
1053 4177 1139 4217 τοτε.
1172 4154 1303 4240 Optimo
1326 4158 1430 4241 igitur
1453 4157 1523 4218 iure
1555 4153 1694 4239 Blaydes
1723 4153 1881 4217 deciderat

685 4259 876 4345 particulam
901 4259 980 4338 γάρ,
1006 4262 1141 4324 coniecit
1160 4269 1268 4325 autem
1289 4262 1483 4337 ἀρχαιότεροι
1503 4261 1566 4337 γὰρ
1586 4260 1692 4336 Κρόνου
1713 4260 1809 4322 αὐτοῦ
1830 4257 1881 4324 vel

686 4366 878 4444 οῖρχοιιότεροι
900 4366 926 4429 δ’
946 4365 1041 4429 αὐτοῦ
1065 4390 1104 4441 γε
1129 4367 1247 4442 Κρόνου.
1272 4365 1433 4450 Equidem
1455 4368 1489 4429 in
1513 4363 1748 4449 paenultimam
1774 4367 1881 4449 potius

687 4492 818 4536 versum
841 4469 926 4534 illud
949 4472 1013 4547 γάρ
1036 4473 1240 4537 inserendum
1262 4492 1332 4536 ease
1357 4473 1511 4556 auspicor,
1535 4472 1580 4533 sic
1604 4469 1762 4533 scribens:

983 4624 1080 4640 .....
1106 4578 1179 4648 ἐμοῦ
1204 4584 1319 4653 πρῶτον
1343 4576 1435 4641 τουδί.
1461 4577 1512 4639 καῖ
1538 4575 1616 4649 γὰρ
1642 4575 1713 4643 Διός
1740 4577 1836 4639 αὐτοῦ

732 4679 926 4760 α’ρχαιότιροι
950 4681 1088 4759 πρότεροί
1112 4704 1146 4744 τι
1171 4682 1279 4759 Κρόνου
1303 4682 1355 4745 καὶ
1381 4682 1521 4746 Τιτάνιον
1546 4680 1696 4756 ἐγένεσθε.

695 4830 888 4844 --ῃ

725 4908 751 4970 i)
769 4905 832 4955 Nub.
851 4909 908 4954 448.
1274 4910 1303 4971 2)
1325 4907 1386 4956 0011.
1405 4904 1470 4957 Nub.
1487 4906 1545 4955 260.
