5125 6150
682 1408 1225 1499 OBSERVATIUNOULAE
1254 1409 1323 1498 De
1351 1409 1479 1498 IURE
1506 1407 1737 1498 ROMANO.

1146 1614 1269 1655 SORIPSIT

989 1765 1017 1830 J.
1042 1764 1078 1832 Ο.
1101 1765 1246 1831 ΝΑΒΕΒ
1268 1766 1301 1831 S.
1314 1767 1353 1831 A.
1366 1785 1426 1831 nn.

826 1917 1062 1985 (continuantur
1085 1941 1120 1981 ee
1149 1918 1213 1983 Vol.
1238 1917 1390 1982 XXVIII
1402 1940 1475 1999 pap.
1501 1916 1589 1997 451).

1118 2193 1300 2228 *we-e·-

1122 2414 1299 2481 LXXXVI.

1011 2617 1054 2663 In
1076 2615 1222 2665 nonme
1244 2615 1406 2664 ecmonus.

665 2803 838 2878 Potestis,
863 2804 896 2866 in
920 2822 1016 2886 qnem
1038 2822 1148 2867 servus
1170 2800 1293 2866 alienus
1315 2799 1498 2884 deliquerit,
1523 2807 1579 2865 aut
1603 2805 1799 2885 praesentem

619 2931 749 2975 servum
771 2911 804 2972 in
828 2911 879 2972 ius
902 2908 1014 2973 ducere
1030 2906 1064 2985 ¹),
1088 2929 1196 2973 seeum
1220 2906 1341 2972 scilieet
1363 2906 1534 2984 ducturus,
1558 2909 1701 2972 sinemo
1724 2926 1800 2972 eum

619 3019 652 3081 in
682 3020 751 3081 iure
783 3014 966 3097 defendat2)
997 3021 1054 3081 ant
1083 3019 1281 3100 praesentem
1312 3012 1480 3079 dominum
1507 3016 1687 3091 convenire,
1712 3017 1800 3079 ntis

620 3121 672 3188 vel
702 3143 832 3187 servum
863 3122 1009 3186 defendet
1038 3120 1091 3186 vel
1121 3121 1270 3185 exhibeat
1301 3119 1425 3201 eum3),
1456 3128 1566 3186 caveat
1588 3120 1713 3197 saltem,
1737 3143 1799 3185 nnn

618 3229 744 3310 prins-une
760 3229 896 3310 potnerit
917 3251 948 3291 ee
971 3228 1166 3291 exhibiturum
1179 3225 1215 3305 ⁴),
1237 3226 1417 3291 exhibitum
1436 3224 1489 3291 vel
1502 3232 1688 3308 praesentem
1701 3272 1799 3291 .....

619 3357 713 3397 nonae
736 3336 816 3412 d(e)t
828 3335 864 3412 ⁵),
889 3336 1007 3398 etenim
1028 3335 1161 3418 quotiens
1181 3333 1315 3397 deninna
1334 3355 1369 3396 en
1388 3333 1491 3397 noesli
1510 3355 1601 3396 ennae
1618 3331 1798 3409 convenitur,

620 3445 653 3504 et
676 3460 786 3503 servus
811 3460 957 3523 praesens
981 3446 1029 3503 est
1042 3439 1077 3519 ⁰),
1101 3438 1226 3502 einolit
1248 3438 1398 3521 eenn'pere
1420 3437 1573 3515 iudicium,
1597 3438 1630 3501 in
1653 3461 1687 3502 ee
1711 3461 1800 3502 eausa

619 3570 667 3610 ree
698 3553 756 3622 eet,
789 3552 823 3608 nt
854 3547 956 3608 debent
987 3568 1080 3609 nonae
1110 3548 1216 3609 dedere
1246 3568 1309 3609 eun
1332 3545 1416 3608 enine
1439 3546 1554 3608 nomine
1574 3545 1719 3609 iede'eiuns
1741 3568 1800 3610 non

619 3653 781 3733 meipitur
795 3651 829 3731 ἶ).
869 3650 1042 3716 Enimvero
1074 3651 1225 3716 reclamet
1254 3649 1360 3715 Eisele
1372 3650 1398 3731 ⁸)
1431 3671 1488 3716 nee
1518 3650 1604 3717 ultra
1634 3652 1799 3717 dominum

620 3762 721 3823 teneri
748 3756 838 3834 vult,
870 3779 966 3842 quam
996 3764 1033 3822 nt
1062 3778 1191 3822 servum
1220 3764 1416 3842 praesentem
1447 3758 1520 3822 duni
1543 3760 1692 3842 patiatur,
1716 3758 1800 3843 quod

620 3864 688 3928 fieri
712 3863 860 3928 videmus
883 3863 906 3928 l.
931 3863 973 3929 28
997 3867 1032 3943 (i.
1046 3863 1082 3943 f.)
1107 3863 1146 3928 D.
1171 3862 1237 3929 9.4
1262 3884 1315 3928 vv.
1339 3886 1425 3948 quun
1449 3864 1493 3927 ab
1517 3863 1594 3945 eo⁹)
1617 3886 1675 3928 non
1694 3865 1800 3951 desen·

657 4092 683 4155 l)
701 4092 791 4141 Serene
809 4091 837 4154 (l.
855 4092 870 4139 2
888 4106 924 4154 pr.
942 4091 970 4138 D.
989 4090 1013 4138 2.
1024 4088 1051 4152 i)
1066 4092 1090 4138 et
1106 4088 1223 4139 indicatus
1240 4104 1288 4139 non
1305 4089 1401 4155 proprie
1417 4090 1443 4139 in
1457 4089 1495 4139 im
1508 4092 1630 4139 voeentnr.
1648 4088 1684 4138 De
1697 4088 1801 4139 indicate

620 4178 691 4223 antee
708 4173 798 4222 dietum
815 4177 851 4222 eet
867 4176 927 4237 (cap.
945 4172 1051 4236 LXXX).

654 4254 684 4321 2)
702 4255 814 4316 2291
834 4257 862 4303 D.
880 4254 941 4313 2.2;
960 4253 976 4302 1.
996 4253 1011 4302 d
1030 4256 1059 4303 D.
1077 4252 1174 4312 a.2;l.
1193 4252 1319 4315 26421.
1339 4254 1379 4312 al,
1397 4252 1414 4303 1.
1431 4254 1471 4312 22,
1489 4252 1505 4303 1.
1521 4252 1553 4301 32
1571 4254 1606 4314 §8
1624 4253 1654 4302 D.
1670 4252 1728 4303 24.

655 4340 681 4400 3)
700 4338 727 4386 L.
746 4337 776 4385 21
797 4338 841 4398 54,
858 4336 875 4384 l.
893 4336 925 4385 22
942 4338 977 4398 §8
997 4338 1025 4385 D.
1045 4337 1103 4386 24.

653 4421 682 4485 4)
700 4420 760 4469 22
784 4420 818 4481 §1
844 4420 872 4467 i).
890 4419 913 4467 2.
925 4421 948 4477 9,
974 4420 1002 4467 de
1023 4417 1092 4467 enine
1113 4418 1242 4482 fragmenti
1264 4418 1428 4467 emendatione
1449 4415 1621 4482 disputavimus
1642 4432 1691 4481 esp.
1716 4415 1801 4465 harum

620 4502 712 4551 observ.
730 4500 802 4550 XLV.
818 4500 854 4549 Oi.
873 4506 995 4565 praeterea
1011 4500 1093 4560 Ienel,
1111 4500 1202 4550 eren.
1218 4501 1260 4549 der
1277 4502 1376 4550 San-St.
1393 4500 1436 4549 XX
1452 4499 1540 4561 (leae)
1557 4515 1579 4563 p.
1598 4497 1623 4551 7.

657 4585 683 4646 5)
701 4584 727 4631 L.
745 4584 778 4631 22
796 4584 830 4644 §8
848 4581 877 4632 D.
897 4584 953 4631 24.

655 4666 682 4727 d)
700 4664 826 4713 Absentem
845 4664 955 4713 deminus
971 4664 1080 4713 exhibere
1096 4663 1179 4722 debet,
1195 4663 1216 4713 ai
1232 4663 1358 4713 defendere
1375 4676 1421 4710 non
1438 4661 1498 4710 vult.

655 4745 683 4810 7)
700 4747 727 4795 L.
745 4747 776 4794 21
795 4762 830 4810 pr.
851 4747 878 4794 D.
898 4746 953 4795 24.

655 4830 685 4892 8)
702 4828 795 4878 Zteehr.
812 4830 855 4878 der
872 4829 974 4878 San-St.
991 4827 1052 4876 XIII
1068 4843 1093 4893 p.
1110 4828 1168 4877 124.

656 4911 684 4974 9)
702 4910 730 4958 Id
750 4913 798 4959 est:
816 4910 844 4960 ab
862 4927 903 4970 ee,
919 4911 1029 4960 meane
1045 4925 1116 4974 quem
1134 4909 1239 4973 (noxalis
1254 4906 1330 4971 astte)
1347 4906 1463 4970 eenpetit.

1657 5004 1687 5054 12
