5125 6150
679 802 721 869 62
1105 818 1148 866 on
1171 817 1434 865 inconsumptus

676 1005 775 1049 novas
798 989 985 1068 quaerentes
1009 981 1186 1058 Boeotiam,
1208 1001 1289 1065 quae
1307 983 1413 1066 patria
1432 981 1569 1046 secunda
1588 983 1629 1045 iis
1647 981 1758 1047 futura
1775 986 1865 1061 esset,

676 1089 865 1154 invaderent
899 1086 989 1152 cultu
1023 1086 1193 1172 Laphystii
1230 1086 1406 1172 Phrixique
1441 1088 1556 1173 mytho
1590 1086 1659 1152 illio
1694 1087 1866 1167 traductis,

677 1193 828 1259 fabellam
862 1196 909 1257 ita
942 1200 1102 1269 mutasse,
1138 1198 1175 1255 ut
1209 1190 1266 1255 Ino
1302 1194 1426 1256 marina
1461 1214 1478 1256 e
1514 1193 1658 1278 nympha
1691 1192 1782 1258 fieret
1812 1193 1869 1258 dea

677 1303 814 1385 agrestis
834 1296 1012 1383 Cadmique
1031 1296 1111 1374 filia,
1133 1295 1263 1381 perinde
1282 1317 1319 1360 ac
1337 1297 1408 1378 inei,
1430 1299 1484 1381 qui
1505 1305 1622 1362 natura
1636 1303 1753 1363 nautae
1765 1306 1869 1376 erant,

677 1426 762 1469 nunc
781 1403 861 1469 dura
879 1406 1066 1468 necessitate
1085 1405 1119 1466 in
1140 1409 1305 1486 posterum
1324 1422 1343 1466 a
1362 1405 1461 1466 marie
1484 1407 1675 1469 commercio
1698 1405 1870 1489 prohibiti,

677 1531 806 1574 remum
840 1529 915 1574 oum
949 1508 1056 1595 ligone
1090 1514 1259 1572 mutarunt
1293 1513 1326 1573 et
1360 1507 1519 1592 agricolae
1555 1516 1630 1574 sunt
1659 1510 1745 1574 facti.
1780 1508 1869 1573 Tunc

677 1614 821 1679 fabulam
840 1635 966 1700 quoque
986 1613 1024 1678 de
1042 1614 1187 1698 improba
1205 1634 1343 1678 noverca
1361 1634 1428 1678 esee
1448 1620 1558 1678 natam
1579 1618 1735 1698 suspicor.
1760 1615 1870 1680 Mene

678 1721 733 1786 bat
755 1719 884 1805 quidem
909 1722 1063 1785 memoria
1085 1719 1191 1784 Inonis
1214 1722 1322 1784 victus
1345 1721 1480 1796 marini,
1504 1720 1559 1784 sed
1582 1728 1649 1784 tarn
1669 1741 1754 1806 vaga
1773 1728 1868 1805 atque

677 1829 799 1891 incerta
834 1831 871 1889 ut
904 1847 978 1890 mox
1012 1826 1159 1889 homines
1190 1826 1350 1889 nescirent
1379 1829 1489 1889 utrum
1521 1827 1625 1909 primo
1657 1824 1715 1889 dea
1746 1828 1871 1890 marina

678 1932 808 2009 fuisset,
829 1930 902 1996 dein
920 1929 1058 1996 ruricola
1077 1931 1160 1995 facta
1179 1937 1276 2005 esset,
1298 1950 1337 1993 an
1348 1950 1423 1993 rura
1435 1951 1492 2014 pro
1505 1929 1655 1994 fluctibus
1668 1930 1868 1995 deseruisset.

678 2036 770 2102 Unde
793 2043 863 2101 orta
882 2035 1012 2101 videtur
1029 2035 1137 2100 lnonis
1157 2035 1242 2119 apud
1262 2034 1442 2100 Homerum
1462 2035 1641 2119 apotheosis
1653 2040 1681 2115 (r
1697 2034 1763 2099 334
1775 2042 1867 2121 sqq),

677 2145 772 2206 unica
794 2143 828 2205 in
850 2141 1022 2206 homericis
1044 2146 1076 2219 (a
1091 2140 1156 2205 602
1169 2162 1236 2226 sqq.
1260 2141 1343 2206 forte
1363 2143 1517 2226 exceptis)
1534 2148 1567 2206 et
1586 2143 1749 2227 originem
1767 2162 1869 2207 recen·

677 2250 792 2313 tiorem
816 2267 910 2333 aegre
933 2245 1135 2311 abscondens.

724 2354 769 2417 At
797 2373 872 2416 cum
895 2372 934 2415 ex
956 2350 1112 2416 Herodoti
1134 2352 1241 2416 verbis
1263 2351 1335 2416 luce
1358 2350 1475 2415 clarius
1498 2358 1665 2436 appareat,
1690 2351 1866 2439 Laphystio

678 2457 737 2523 deo
767 2456 927 2521 Phrixum
958 2476 1026 2522 esse
1049 2456 1272 2534 immolatum,
1298 2478 1355 2521 cnr
1377 2456 1506 2522 tandem
1531 2459 1659 2522 numini
1682 2456 1779 2523 alicui
1803 2476 1864 2521 me

677 2566 747 2628 rino
776 2583 914 2648 puerum
944 2562 1041 2626 fuisse
1072 2560 1216 2626 oblatum
1248 2561 1464 2627 demonstrare
1494 2559 1636 2626 conaris?
1659 2562 1869 2642 Quoniamsi

678 2670 757 2734 bene
779 2667 889 2743 video,
919 2666 1090 2753 Laphystii
1114 2665 1198 2732 lovis
1221 2667 1328 2732 cultus
1351 2688 1426 2732 cum
1450 2670 1548 2732 maris
1572 2668 1759 2732 numinibus
1783 2673 1868 2731 arcto

678 2772 806 2838 vinculo
825 2773 1021 2837 cohaerebat.
1043 2769 1233 2837 Cuiusmodi
1253 2793 1355 2837 nexus
1374 2774 1514 2857 primam
1533 2775 1749 2857 suspicionem
1760 2775 1868 2837 movet

678 2879 782 2944 Halus
812 2877 983 2962 oppidum,
1014 2878 1071 2941 ubi
1102 2877 1273 2964 Laphystii
1303 2876 1455 2943 sacrificia
1485 2878 1691 2955 habebantur,
1723 2898 1824 2962 prope
1851 2896 1869 2940 a

678 2987 761 3049 mari
795 2983 924 3048 distans.
959 2982 1038 3048 Fors
1072 2988 1182 3047 antem
1217 2984 1278 3047 fert
1311 2989 1349 3048 ut
1379 2982 1526 3068 exemplo
1557 2982 1707 3068 parallelo
1738 3002 1868 3048 causam

677 3096 818 3156 nostram
854 3089 985 3173 probare
1018 3108 1183 3173 queamus.
1226 3088 1333 3153 Habet
1367 3093 1454 3153 enim
1488 3089 1634 3174 luppiter
1668 3089 1868 3174 Laphystius

678 3193 852 3280 collegam,
888 3201 926 3257 ut
959 3196 1007 3257 ita
1039 3193 1162 3269 dicam,
1197 3193 1388 3271 femineam,
1424 3193 1562 3258 Dianam
1598 3193 1793 3278 Laphriam,
1829 3192 1866 3257 de

678 3303 770 3365 cuius
800 3298 890 3363 cultu
921 3299 1020 3364 feroci
1050 3298 1225 3363 Pausanias
1249 3297 1411 3363 mirabilia
1434 3298 1574 3363 tradidit.
1599 3298 1757 3384 Legimus
1780 3300 1867 3363 enirn

678 3404 759 3484 (VII,
781 3404 801 3469 8
821 3403 908 3488 §18)
930 3403 981 3469 vel
1001 3404 1200 3487 temporibus
1220 3404 1380 3468 historicis
1399 3402 1550 3468 animalia
1569 3402 1725 3488 plurima,
1743 3424 1867 3480 cervos,

678 3531 786 3586 ursos,
817 3509 928 3594 lupos,
959 3531 1070 3593 apros,
1105 3511 1196 3575 vivos
1217 3512 1384 3595 ingentem
1407 3512 1440 3573 in
1464 3530 1580 3595 rogum
1603 3510 1642 3574 ab
1666 3512 1756 3574 omni
1779 3517 1868 3594 parte

678 3622 825 3699 saeptum
860 3617 1015 3680 coniectos
1050 3619 1145 3698 atque
1176 3614 1297 3679 Dianae
1327 3617 1361 3678 in
1391 3615 1544 3680 honorem
1574 3635 1642 3679 esse
1673 3616 1867 3680 combustos.

678 3719 757 3784 Erat
779 3719 838 3784 dea
862 3722 1023 3798 venatrix,
1055 3726 1093 3784 ut
1123 3719 1225 3785 Diana
1255 3718 1313 3784 illa
1343 3719 1577 3804 Elaphebolus‚
1603 3741 1742 3804 quacum
1765 3739 1869 3786 mores

678 3844 803 3909 qnoque
827 3845 1012 3889 communes
1036 3825 1184 3890 babuisse
1207 3825 1355 3901 traditur,
1381 3846 1456 3889 nam
1481 3829 1514 3888 et
1537 3825 1612 3889 huic
1635 3827 1789 3890 victimae
1812 3826 1869 3889 hu-

678 3949 791 3993 manae
823 3927 939 3993 Aulide
968 3929 1230 3994 immolabantur.
1261 3929 1404 3993 Fuerunt
1434 3932 1591 3993 nimirum
1622 3950 1686 3994 una
1713 3928 1869 3995 etaltera

678 4036 800 4099 formae
829 4033 973 4099 eiusdem
1001 4033 1076 4099 deae
1100 4033 1281 4112 orientalis,
1306 4055 1387 4118 quae
1411 4034 1568 4111 Artamis,
1592 4037 1614 4099 i.
1628 4055 1654 4098 e.
1679 4034 1867 4117 iugulator,

678 4146 890 4224 nuncupatur.
922 4138 1120 4204 Sacrificium
1150 4146 1260 4204 autem
1291 4138 1410 4203 Dianae
1441 4138 1608 4203 Aulidensi
1639 4138 1803 4216 oblatum,
1833 4144 1870 4202 ut

678 4266 774 4329 supra
793 4245 952 4321 vidimus,
974 4244 1173 4315 acccelerare
1191 4249 1324 4309 vocatur
1343 4265 1525 4329 nexumque
1545 4265 1620 4309 cum
1638 4246 1867 4323 mariindicat;

678 4370 775 4435 quare
798 4371 916 4415 nexum
940 4371 1065 4434 quoque
1088 4351 1171 4415 inter
1193 4371 1281 4416 mare
1306 4355 1339 4415 et
1357 4348 1494 4414 Dianam
1512 4349 1686 4433 Laphriam
1706 4353 1869 4416 exstitisse

678 4462 750 4521 tuto
780 4458 941 4520 statueris.
973 4455 1063 4520 Idem
1086 4461 1196 4523 autem
1219 4455 1388 4520 vinculum
1411 4458 1495 4519 inter
1517 4454 1626 4519 Iovem
1650 4454 1869 4540 Laphystium

679 4567 712 4624 et
744 4582 833 4627 mare
866 4562 1043 4638 exstitisse,
1077 4564 1124 4626 ita
1156 4568 1194 4625 ut
1229 4564 1381 4626 victimae
1415 4560 1455 4625 ad
1489 4560 1607 4624 bonam
1637 4560 1868 4645 deprecandam

678 4668 918 4753 navigationem
941 4665 1063 4731 oblatae
1086 4666 1255 4752 Laphystii
1277 4670 1312 4730 in
1332 4686 1387 4731 ara
1406 4665 1666 4742 sacrificarentur,
1686 4688 1751 4732 non
1770 4670 1870 4732 nimis

677 4773 885 4837 temerarium
903 4771 1034 4837 videtur
1053 4774 1213 4836 statuisse.
1234 4772 1374 4836 Phrixus
1391 4772 1494 4855 igitur
1506 4772 1669 4855 Laphystio
1681 4772 1759 4839 licet
1770 4774 1870 4840 fuerit

677 4876 830 4954 devotus,
854 4877 1078 4973 immolandus·
1093 4883 1163 4943 erat
1185 4876 1225 4943 ad
1248 4884 1349 4941 centu
1362 4878 1540 4960 fluensque
1563 4875 1744 4961 placandos.
