5125 6150
1056 862 1098 909 ΔΙ)
1122 857 1352 910 amsaornauls
1375 863 1511 909 PBU'I'UM.

869 1028 943 1092 ἀλλ’
969 1026 1034 1090 οὐδέ
1058 1027 1092 1089 τό
1115 1026 1241 1104 βλέμμ’
1267 1028 1343 1090 αὐτὸ
1369 1028 1454 1090 κριτοὶ
1478 1024 1583 1107 χώραν
1608 1025 1695 1107 ἔχει,

869 1135 944 1196 ἀλλ’
968 1131 1051 1196 ἐστὶν
1076 1130 1219 1205 έπόδιρλόν
1242 1155 1272 1196 τι
1296 1130 1575 1211 πεπανουργηκότι.

685 1239 845 1324 Corrupta
864 1240 940 1303 haee
958 1259 1025 1302 ease
1043 1259 1136 1302 nemo
1158 1239 1299 1323 negabit.
1320 1236 1465 1304 Coniecit
1485 1237 1610 1323 Bergk:
1632 1237 1714 1301 έοτ1ν
1735 1237 1877 1312 έπίδνλόν

685 1370 716 1409 τι
740 1346 976 1424 πετονούρνιρχ·
1000 1339 1065 1420 ότι,
1090 1342 1269 1408 naturalem
1295 1344 1465 1408 verborum
1489 1342 1630 1408 ordinem
1655 1346 1736 1408 mire
1757 1349 1879 1428 pertur-

685 1454 776 1529 bans;
801 1449 918 1515 melius
937 1453 1041 1536 igitur
1061 1448 1227 1513 Meineke:
1250 1449 1333 1512 daria
1355 1448 1496 1521 έπέδνρλον
1516 1447 1560 1513 ότι
1583 1449 1817 1526 πεπμνούρμιριιέ
1837 1472 1879 1514 τι.

684 1556 738 1621 Sic
774 1564 880 1621 tamen
914 1557 1011 1619 nimis
1045 1553 1189 1619 elumbes
1225 1555 1315 1619 fiunt·
1342 1557 1479 1619 numeri.
1521 1553 1633 1640 Itaque
1667 1553 1752 1619 malo
1788 1555 1878 1639 sequi

684 1661 951 1727 Valckenaerium
975 1661 1283 1740 πετονουρμιρκότος
1309 1662 1536 1737 conicientem,
1561 1662 1624 1724 nisi
1647 1659 1732 1745 quod
1755 1662 1876 1724 inserta

685 1777 848 1854 praeterea
866 1767 1024 1853 particula
1043 1769 1080 1838 ὤς
1101 1773 1179 1847 (ω)
1198 1788 1329 1832 versum
1350 1769 1395 1832 sic
1413 1766 1617 1832 scribendum
1638 1787 1705 1832 esse
1725 1767 1877 1831 arbitror:

867 1875 943 1936 ἀλλ’
968 1871 1047 1938 lor*
1071 1872 1213 1948 ἐπίδηλον
1238 1869 1260 1935 ὥ
1269 1896 1285 1944 ς
1306 1896 1335 1936 τι
1361 1873 1702 1952 aeconomum·

684 1979 782 2045 Verbi
812 1975 888 2044 εἶναι
918 1979 1099 2044 subiectum
1124 1985 1171 2044 est
1195 1980 1228 2042 τὸ
1252 1980 1400 2057 βλέμμα.
1426 1979 1507 2044 Vitii
1531 2000 1625 2045 cauea
1647 1979 1816 2056 hocloco,
1843 1985 1879 2044 ut

684 2087 757 2151 aliie
789 2084 979 2171 permultis,
1012 2088 1122 2150 extitit
1151 2087 1217 2150 iota
1247 2084 1342 2150 finale
1375 2086 1465 2150 verbi
1487 2087 1520 2149 in
1544 2088 1656 2171 priscis
1679 2085 1874 2150 editionibus

686 2193 721 2255 έν
745 2193 876 2271 τλιὶρους
901 2194 1067 2276 scriptum.

730 2408 782 2472 Vs.
809 2408 874 2474 386
887 2430 954 2495 sqq.
978 2407 1172 2496 Obremylus
1191 2409 1379 2496 indignatus
1399 2408 1595 2494 Blepsidemi
1615 2413 1766 2474 crimina:
1779 2411 1875 2494 falec

686 2524 756 2578 aaut
779 2516 839 2579 iata
863 2515 985 2578 omnia!
1008 2515 1182 2580 exclamat:
1532 2544 1534 2546 ·

1066 2623 1155 2685 οὶλλοὶ
1180 2621 1249 2690 τοὺς
1272 2622 1428 2703 χρηστοὺς
1452 2621 1562 2697 μόνους

869 2724 973 2804 ἔγωγε
997 2727 1049 2790 καὶ
1074 2729 1145 2799 τοὺς
1167 2727 1280 2805 δεξιοὺς
1307 2727 1357 2792 xci
1381 2728 1539 2808 σώφρονας

868 2833 986 2910 dacor}
1011 2843 1185 2907 πλουτῆσαι
1209 2835 1333 2908 ποιήσω.

685 2938 815 3024 Integra
838 2939 915 3003 haec
935 2959 1003 3003 esse
1023 2941 1084 3003 etsi
1103 2928 1254 3024 suspicor,
1274 2961 1337 3003 non
1359 2952 1465 3003 tamen
1485 2938 1658 3024 praefracte
1671 2937 1876 3017 contendam;

684 3066 814 3110 versum
839 3052 948 3111 autem
973 3043 1038 3111 387
1063 3067 1163 3132 nuper
1186 3046 1248 3110 fuit
1271 3048 1327 3131 qui
1352 3045 1534 3123 damnaret,
1563 3051 1676 3132 aptum
1700 3047 1786 3109 enim
1810 3065 1878 3110 esse

684 3151 769 3235 quod
792 3151 888 3216 habet
911 3151 939 3215 R
962 3151 1113 3228 δικαίους,
1138 3173 1201 3216 non
1225 3152 1357 3229 δεξιούς,
1383 3154 1428 3215 sio
1452 3172 1527 3217 vero
1551 3153 1654 3235 perire
1677 3159 1819 3215 metrum
1844 3156 1876 3215 et

684 3278 836 3342 apparere
874 3256 958 3322 hunc
989 3260 1174 3322 trimetrum
1206 3280 1222 3323 e
1252 3258 1458 3345 glossematis
1489 3278 1556 3323 esse
1585 3262 1709 3322 natum.
1751 3257 1874 3335 Audio,

684 3364 739 3428 sed
764 3366 868 3428 nescio
892 3385 932 3428 an
956 3385 992 3428 ao
1017 3363 1120 3429 deleto
1144 3365 1270 3428 brevior
1292 3385 1392 3449 aequo
1416 3363 1530 3428 evadat
1554 3367 1726 3441 sententia;
1748 3370 1875 3429 etcum

685 3476 846 3555 praeterea
876 3469 1070 3533 incommodi
1102 3469 1179 3553 quid
1209 3470 1324 3533 habeat
1354 3469 1481 3543 μόνους,
1507 3470 1743 3553 expectaverim
1768 3471 1876 3553 potius

684 3574 907 3640 huiuscemodi
931 3574 1025 3659 quid:

1161 3681 1249 3744 οὶλλοὶ
1272 3681 1344 3751 τοὺς
1366 3680 1519 3759 χρηστοὺς
1545 3681 1605 3759 ἐγὼ

867 3786 919 3850 xci
944 3786 1013 3857 τοὺς
1039 3784 1172 3857 δικαίους
1197 3780 1239 3856 εἷς
1264 3785 1353 3862 μόνος
1379 3786 1431 3849 καὶ
1456 3787 1613 3867 σώφρονος

867 3892 984 3968 οὶποιρτὶ
1010 3900 1183 3966 πλουτῆσαι
1209 3891 1333 3965 ποιήσω.

683 3995 746 4061 Sed
769 3998 866 4061 nimis
890 3999 1040 4082 quoniam
1061 3999 1137 4060 baec
1157 4003 1232 4060 sunt
1251 3999 1372 4061 incerta
1391 4019 1493 4082 neque
1508 3998 1645 4083 —quod
1665 4000 1730 4061 iam
1751 3997 1818 4061 dixi
1833 4033 1872 4045 -

683 4122 873 4188 persuasum
905 4103 986 4167 mihi
1017 4110 1065 4167 est
1094 4101 1201 4166 locum
1226 4105 1345 4167 vitium
1369 4107 1579 4179 contraxisse,
1603 4125 1686 4168 nuno
1711 4125 1786 4168 eum
1810 4125 1872 4168 non

682 4215 865 4293 tangerem,
897 4210 959 4272 nisi
990 4207 1028 4273 de
1058 4208 1208 4273 adverbio
1241 4210 1377 4289 οὶποιρτί,
1411 4209 1494 4294 quod
1528 4209 1612 4294 apud
1642 4216 1787 4274 nostrum
1810 4231 1873 4274 non

682 4313 783 4390 redit,
808 4313 931 4399 aliquid
958 4316 1118 4379 rideretur
1142 4315 1384 4380 observandum.

729 4419 820 4499 Quod
843 4423 977 4485 minime
1000 4429 1048 4484 eet
1072 4421 1329 4486 confundendum
1352 4442 1427 4485 cum
1452 4420 1609 4506 particula
1631 4422 1800 4509 temporali
1821 4425 1873 4487 cui

683 4532 860 4613 cognatum
884 4533 932 4591 est
954 4524 1021 4603 ἄρτι
1047 4529 1129 4589 modo
1153 4535 1238 4608 (nos:
1254 4527 1356 4610 joiet,
1382 4529 1532 4607 dcarcet).
1558 4529 1711 4613 Proprius
1736 4531 1875 4594 animai

682 4641 731 4698 est
763 4653 873 4697 sensus
905 4636 957 4695 τοῦ
990 4633 1220 4709 ἀπηρτισμένως
1255 4637 1324 4698 sive
1348 4641 1486 4697 occaecata
1510 4642 1596 4713 (uos:
1614 4634 1697 4719 jaciet
1705 4684 1713 4713 ,
1732 4634 1873 4716 ρονοοόονμ

681 4737 864 4803 Herodotus
888 4738 988 4802 dixit:
1014 4737 1130 4802 οτοὶδιοι
1155 4740 1272 4818 όποιρτὶ
1297 4740 1412 4818 χείλιοι
1436 4746 1485 4803 et:
1511 4741 1621 4819 ἡμέρου
1642 4741 1757 4817 οὶποορτὶ
1781 4741 1876 4816 ἐνενή-

682 4866 787 4908 κοντοι.
820 4843 905 4907 Hinc
935 4846 968 4907 in
999 4847 1185 4908 universum
1219 4844 1381 4930 urgendae
1404 4847 1526 4909 notioni
1552 4847 1723 4938 verborum
1748 4846 1800 4910 vel
1822 4870 1876 4913 no·

682 4950 811 5013 minum
831 4951 1005 5014 inserviens
1018 4950 1123 5030 plone,
1139 4972 1276 5031 prorsus,
1299 4950 1415 5014 omcico
1434 4951 1610 5037 significat;
1636 4952 1754 5016 dicitur
1773 4955 1875 5038 igitur
