5125 6150
958 813 1125 864 meursius
1146 814 1468 867 mmclrurssrusrs
1741 798 1808 867 253

663 982 695 1047 X
721 981 761 1048 17
785 1004 816 1068 p.
842 980 941 1046 2034.
964 979 1082 1045 Scribit
1106 979 1282 1066 Dionysius
1306 1001 1470 1065 superesse
1493 980 1668 1046 admodum
1690 1002 1810 1065 paucos

620 1090 657 1154 δι’
683 1085 731 1160 οὓς
755 1086 862 1159 tenere
886 1087 931 1151 ἔτι
955 1086 989 1150 τό
1013 1095 1067 1159 τῆς
1092 1085 1207 1157 πόλεως
1232 1087 1357 1160 α’ξίυμα
1382 1087 1448 1150 καὶ
1473 1087 1515 1151 τό
1539 1085 1643 1166 σόζειν
1663 1088 1718 1160 τὴν
1739 1089 1811 1165 πρὸς

619 1194 747 1265 ἐκείνους
780 1192 851 1264 τοὺς
881 1190 992 1270 ἄνδρας
1022 1191 1197 1268 όμοιότντα.
1222 1191 1380 1256 Mendum
1404 1191 1612 1256 menifestum
1635 1198 1700 1269 est,
1725 1192 1810 1277 quod

618 1299 761 1385 simplici
784 1298 880 1363 modo
905 1296 1043 1364 chetus
1067 1320 1097 1383 p.
1125 1296 1187 1361 191
1212 1299 1345 1383 corrigit
1369 1297 1548 1363 scribendo:
1574 1297 1625 1362 xci
1649 1295 1811 1378 σώζει

619 1407 674 1477 τὴν
698 1404 873 1481 ὁμοιότητα.
896 1403 971 1480 Ilst,
995 1402 1105 1479 fateor,
1126 1401 1265 1486 simplex
1283 1402 1462 1467 remedium
1468 1424 1476 1481 ;
1499 1403 1553 1467 sed
1574 1406 1670 1467 etiem
1691 1403 1812 1489 simpli·

619 1514 688 1576 eius
711 1513 789 1575 erit:
814 1507 887 1577 όςε
910 1507 1022 1588 σώζειν.
1046 1507 1316 1591 Frequentissime
1341 1508 1580 1573 confunduntur
1597 1510 1635 1578 ὡς
1655 1514 1687 1572 61
1706 1508 1757 1572 καὶ
1778 1515 1811 1574 61

619 1637 716 1701 supra
738 1635 863 1701 quoque
885 1615 982 1678 huius
1004 1616 1052 1678 rei
1074 1612 1259 1698 exemplum
1283 1614 1463 1679 habuimus.

664 1848 696 1913 X
719 1847 762 1913 21
787 1870 818 1933 p.
844 1846 950 1912 2042:
986 1846 1153 1924 ἐπιτρόψας
1177 1854 1239 1918 τοῖς
1265 1848 1447 1926 ςρατιώταιο
1473 1849 1515 1911 τοὶ
1538 1849 1693 1927 χρήματα
1716 1851 1811 1928 ὤφε-

619 1955 793 2019 λεῖσόαι.
825 1952 959 2017 Insolito
988 1951 1084 2017 modo
1108 1953 1166 2016 hoc
1191 1952 1313 2017 dictum
1336 1961 1400 2032 est;
1425 1953 1499 2020 vide
1524 1962 1631 2018 tamen
1653 1953 1686 2017 X
1709 1953 1751 2019 21
1777 1975 1809 2039 p.

619 2058 727 2124 2044:
752 2067 813 2130 τοῖς
840 2055 1023 2137 ςροιτιώταιι
1046 2059 1158 2129 ἐσθῆτα
1254 2060 1439 2138 ὠφελεῖσθαι
1461 2058 1627 2140 ἐπέτρεψεν
1648 2065 1680 2123 61
1698 2057 1746 2122 XI
1767 2057 1810 2123 48

619 2185 650 2248 p.
671 2162 778 2228 2280:
800 2164 842 2227 τοὶ
862 2163 917 2239 μὲν
934 2164 1087 2241 χρήματα
1102 2171 1164 2233 τοῖς
1177 2163 1358 2240 ςρατιώταις
1373 2163 1525 2240 ὠφέλειαν
1539 2164 1636 2243 όΦῆιιε
1649 2166 1810 2229 ποιεῖσθαι.

618 2269 749 2333 Rectius
769 2268 901 2333 fortasse
921 2266 999 2332 alibi
1019 2267 1051 2330 X
1071 2266 1113 2331 25
1133 2288 1164 2352 p.
1186 2266 1294 2332 2055:
1315 2269 1358 2332 τοὶ
1378 2267 1404 2331 δ’
1417 2266 1506 2332 ἄλλα
1527 2269 1635 2333 πάντα
1656 2269 1808 2333 διελόσόαι

620 2373 704 2438 κατὰ
736 2373 848 2455 λόχους
880 2372 1029 2451 ἐπέτρεψε
1060 2380 1121 2442 τοῖς
1145 2373 1328 2452 ςρατιώταιι
1353 2378 1386 2438 61
1408 2372 1440 2436 X
1463 2372 1505 2437 32
1529 2396 1559 2459 p.
1585 2371 1692 2440 2075:
1718 2374 1761 2437 τὰ
1785 2373 1811 2437 δ’

621 2479 711 2543 ἄλλα
812 2479 862 2542 τόν
886 2480 979 2556 δῆμον
1004 2477 1233 2558 παραλαβόντα
1258 2478 1419 2544 διελέσθαι.

665 2712 697 2776 X
722 2712 763 2777 21
788 2734 819 2798 p.
844 2711 951 2776 2042:
976 2710 1225 2789 ςρατοπεδεύσαε
1251 2711 1301 2775 ἐπὶ
1326 2711 1484 2781 πολλὰς
1508 2711 1635 2787 ἧμόραε.
1671 2711 1808 2797 Supple:

620 2825 648 2898 (ο
658 2820 688 2898 ὑ)
712 2818 848 2887 πολλός.
873 2818 925 2882 sic
949 2820 1035 2882 enim
1059 2817 1157 2895 solet,
1181 2817 1221 2882 ef.
1247 2816 1278 2880 X
1298 2816 1341 2881 24
1364 2838 1395 2901 p.
1417 2816 1522 2895 205&
1543 2815 1576 2879 X
1595 2816 1638 2882 25
1659 2839 1690 2902 p.
1704 2816 1808 2896 2057;

619 2923 652 2988 X
671 2923 714 2988 43
738 2946 769 3009 p.
789 2922 888 2988 2103.
912 2922 1028 2987 itidem
1052 2923 1162 2987 eadem
1186 2922 1224 2988 de
1248 2942 1342 2987 eausa
1366 2920 1512 3007 displicet
1534 2920 1566 2985 X
1586 2922 1628 2987 21
1649 2943 1681 3007 p.
1702 2921 1809 2987 2042:

619 3030 741 3100 πολλὰς
767 3029 798 3092 όν
821 3039 860 3109 τῇ
884 3037 1015 3109 προνομῇ
1040 3028 1206 3109 διατρίψας
1231 3026 1357 3108 ἡμέρας.

664 3256 696 3320 X
720 3257 762 3321 21
794 3278 825 3342 p.
850 3255 956 3320 2043:
989 3256 1022 3319 οὐ
1053 3253 1233 3330 τολμώντων
1256 3253 1287 3317 δὲ
1311 3259 1369 3316 τῶν
1394 3253 1427 3316 όιι
1451 3260 1505 3326 τῆς
1529 3253 1645 3325 πόλεως
1670 3254 1809 3320 οὐκέτι

619 3370 730 3441 χωρεῖν
753 3362 795 3431 εἰς
821 3361 941 3440 μόχνν.
966 3359 1068 3446 Lege:
1094 3358 1165 3424 ἔτι.
1188 3358 1331 3425 Eandem
1355 3358 1569 3444 corruptelam
1591 3362 1690 3425 etiam
1712 3381 1809 3447 supre

619 3470 813 3532 notavimus.

667 3700 699 3763 X
723 3699 766 3765 23
789 3722 820 3786 p.
845 3698 951 3764 2048:
977 3700 1376 3779 ἐπιμαρτυρούμενον
1399 3698 1487 3777 Κ61.;
1510 3704 1594 3766 recte
1614 3698 1709 3766 olim:
1730 3702 1809 3765 όπι·

618 3806 932 3885 μαρτυρόμενοι.
964 3806 1044 3871 Mox
1074 3806 1106 3869 X
1129 3805 1172 3870 24
1197 3828 1227 3892 p.
1253 3805 1360 3871 2053:
1391 3805 1486 3887 ἄνδρα
1517 3813 1575 3869 τῶν
1607 3805 1806 3883 ἠμελημένων

620 3912 677 3989 μὲν
709 3912 760 3975 διό
795 3914 910 3988 πενίαν,
941 3911 983 3975 τὰ
1014 3913 1045 3976 δὲ
1077 3912 1214 3988 πολέμια
1246 3919 1446 3989 γενναῖον·
1477 3932 1606 3997 prorsus
1629 3933 1691 3977 ncn
1714 3912 1807 3977 video

619 4038 683 4101 quc
706 4019 775 4081 iure
798 4014 1014 4103 Kicsslingius
1039 4016 1184 4093 γενναίων
1207 4020 1389 4082 correxerit.

664 4233 762 4298 1125
792 4255 823 4317 p.
848 4232 955 4298 2056:
988 4234 1158 4310 κατήγαγε
1187 4233 1408 4312 λαμπρότατον
1431 4233 1578 4297 εἰπόντων
1601 4233 1808 4310 ἡγεμόνοιν

618 4337 778 4415 θρίαμβον.
799 4338 903 4424 Lege:
924 4338 1155 4415 γενόμενον.
1176 4338 1248 4403 Non
1268 4337 1368 4403 semel
1388 4338 1449 4403 hoe
1469 4338 1562 4404 modo
1578 4346 1721 4404 erretum
1733 4339 1806 4404 fuit.

664 4570 696 4634 X
720 4570 762 4635 27
796 4595 827 4657 p.
849 4570 932 4636 060:
966 4573 992 4635 ci
1024 4572 1080 4647 μὲν
1111 4569 1223 4635 ὕπατοι
1255 4572 1310 4645 τὴν
1334 4571 1449 4647 βουλὴν
1473 4572 1651 4647 συνήγαγον
1674 4574 1713 4641 ὣς
1738 4569 1804 4650 περὶ

617 4682 677 4740 τῶν
709 4674 783 4740 trev
817 4675 952 4754 ἔσχατον
983 4681 1071 4741 τοῦτο
1103 4674 1444 4752 βουλευσόμενοι·
1478 4679 1582 4741 nescio
1611 4697 1673 4761 quo
1695 4675 1809 4740 iudicii

617 4803 724 4846 errore
754 4781 972 4865 Kieeelingius
1005 4783 1131 4864 scripsit
1155 4780 1390 4857 βουλευόμενοι,
1414 4780 1468 4845 sed
1491 4802 1553 4846 non
1576 4801 1709 4867 pergam
1731 4780 1808 4845 talis

618 4890 745 4950 minuta
772 4895 932 4951 annotare.
964 4886 1043 4950 Mox
1067 4907 1130 4968 seq.
1155 4904 1247 4969 pega
1278 4889 1321 4957 μὴ
1346 4887 1486 4965 περιιδεῖν
1509 4889 1551 4951 τα
1576 4887 1661 4962 μετα
1685 4892 1806 4951 πολλῶν
