5125 6150
1022 830 1196 880 merirum
1219 831 1370 880 cornicle.

1040 1063 1075 1129 V.
1108 1083 1150 1130 nr
1174 1082 1356 1131 arocuurrs.

649 1247 925 1328 Quemadmodum
959 1251 1050 1311 iuxta
1080 1246 1322 1313 Panaetolicum
1352 1247 1558 1313 'I'hermicum
1592 1248 1788 1313 habebantur

599 1352 736 1419 coucilia
767 1354 1032 1430 extraordinaria,
1064 1356 1108 1418 sic
1138 1356 1229 1418 iuxta
1259 1359 1407 1419 senatum
1438 1354 1525 1420 locus
1556 1361 1623 1419 erat
1653 1352 1787 1440 collegio

598 1458 827 1545 apocletorum.
851 1459 1010 1524 Dubitant
1031 1464 1139 1523 antem
1163 1462 1225 1525 viri
1249 1459 1334 1526 docti
1357 1464 1488 1544 quinam
1511 1461 1630 1525 fuerint
1653 1459 1788 1547 apocleti

598 1565 659 1631 illi.
681 1565 807 1631 Gilbert
827 1564 1099 1650 simplicissimam
1115 1568 1201 1630 viam
1221 1572 1364 1643 secutus,
1385 1565 1558 1653 collegium
1571 1565 1786 1651 apocletorum

600 1672 687 1737 idem
717 1693 784 1736 esee
816 1693 852 1736 ac
882 1677 1028 1736 senatum
1054 1670 1213 1756 perhibet,
1238 1692 1257 1735 a
1278 1670 1416 1759 Polybio
1440 1675 1527 1737 enim
1549 1678 1696 1737 senatum
1720 1677 1786 1737 tan-

600 1788 674 1843 tum
704 1800 765 1843 nou
796 1799 921 1863 semper
949 1779 1142 1849 ἁποκλήτους
1172 1779 1239 1843 sive
1270 1776 1427 1857 ἄρχοντας
1459 1780 1634 1856 nominari,
1658 1778 1714 1843 ubi
1736 1781 1783 1842 in-

597 1886 787 1970 scriptiones
811 1885 900 1949 uobis
919 1883 1049 1948 offerant
1068 1882 1243 1959 βουλευτὰς
1264 1886 1332 1948 sive
1352 1883 1504 1962 συνέδρους
1519 1882 1554 1965 ¹).
1579 1884 1689 1970 Neque
1707 1906 1738 1950 v.
1753 1884 1782 1950 d.

598 1990 700 2056 Kuhu
732 2012 761 2075 p.
791 1989 853 2055 128
885 1988 1027 2054 multum
1058 1989 1096 2053 ab
1128 1989 1188 2054 hac
1218 1993 1375 2054 sententia
1397 1990 1524 2055 recedit.
1549 1989 1585 2055 V.
1610 1990 1640 2054 d.
1665 1990 1786 2055 Duboie

597 2117 676 2162 vero
706 2118 736 2181 p.
761 2095 824 2161 201
858 2095 1015 2181 apocletos
1045 2094 1217 2160 concilium
1249 2095 1347 2160 fuisse
1378 2097 1558 2173 contendit,
1590 2099 1681 2161 cuius
1707 2099 1785 2161 socii

598 2210 782 2268 crearentur
800 2201 959 2287 suffragiis
979 2200 1103 2286 populi;
1125 2222 1204 2286 quae
1224 2210 1331 2266 autem
1352 2205 1475 2267 senatui
1490 2209 1522 2268 et
1533 2202 1651 2288 populo
1662 2202 1786 2289 agenda

598 2317 704 2374 essent
726 2308 765 2372 ab
784 2309 843 2372 hoo
862 2306 997 2393 collegio
1018 2310 1123 2372 omnia
1143 2328 1210 2372 esse
1228 2316 1423 2392 praeparata.
1449 2306 1594 2394 Apocleti
1612 2308 1786 2373 secundum

598 2436 677 2481 eum
700 2416 798 2478 etiam
820 2416 945 2479 senatui
969 2419 1132 2498 praeerant
1145 2412 1180 2493 Ι).
1205 2412 1348 2497 Denique
1371 2414 1400 2479 J.
1426 2414 1461 2479 B.
1487 2413 1577 2500 Bury
1598 2418 1631 2479 in
1650 2415 1786 2480 secunda

597 2522 739 2587 editione
768 2520 842 2585 libri
874 2519 952 2586 ev⁰
975 2520 1011 2584 d⁰
1033 2520 1185 2585 Freeman
1210 2523 1377 2605 conscripti
1404 2543 1434 2607 p.
1460 2520 1521 2586 651
1548 2528 1694 2587 senatum
1718 2525 1785 2587 sive

597 2630 634 2693 τὸ
661 2629 805 2704 συνέδριον
828 2627 902 2691 hino
927 2627 1139 2713 distinguite
1161 2629 1282 2692 civium
1307 2633 1399 2691 coetu
1422 2627 1638 2707 Panaetolico,
1659 2627 1785 2694 illiuca

597 2733 736 2820 collegio
767 2736 1018 2820 magistratuum
1045 2753 1062 2797 e
1084 2737 1246 2818 praetore,
1271 2733 1464 2818 hipparcho,
1488 2734 1606 2812 scriba,
1632 2733 1784 2819 apocletis

598 2842 787 2925 composito.

645 2946 803 3030 liquidem
833 2966 851 3009 a
881 2966 932 3009 me
962 2947 1134 3030 impetrare
1164 2965 1226 3010 uon
1256 2967 1387 3031 possum
1417 2953 1454 3010 ut
1484 2949 1634 3032 cuiquam
1666 2946 1781 3011 harum

598 3055 787 3139 opinionum
817 3053 979 3117 assentiar.
1011 3051 1086 3117 Meo
1116 3051 1245 3138 quidem
1272 3051 1390 3118 iudicio
1414 3051 1549 3138 apocleti
1572 3053 1702 3119 fuerunt
1725 3051 1787 3119 col·

596 3159 725 3246 legium
744 3158 1028 3222 extraordinarium
1049 3180 1065 3224 e
1083 3166 1194 3223 senatu
1214 3160 1253 3224 ab
1273 3162 1351 3245 ipsis
1371 3159 1735 3225 senatoribusdelectum
1748 3159 1785 3238 ³),

598 3265 686 3351 quod
719 3263 795 3329 belli
825 3273 967 3349 ternpore
999 3286 1054 3349 pro
1086 3270 1197 3330 senatu
1229 3286 1303 3329 cum
1335 3273 1477 3349 praetore
1507 3286 1556 3329 res
1588 3266 1786 3351 quotidianas

598 3370 854 3444 administraret,
877 3391 1002 3454 semper
1019 3377 1128 3436 autem
1147 3378 1179 3435 et
1198 3372 1316 3456 ubique
1335 3375 1474 3457 praetori
1492 3374 1526 3436 in
1538 3374 1650 3437 castris
1662 3378 1786 3459 praesto

597 3483 685 3544 esset
714 3477 753 3541 ad
783 3475 1012 3541 consulendum
1044 3477 1081 3541 de
1112 3478 1205 3541 rebus
1237 3475 1384 3562 publicis.
1414 3477 1464 3542 Ad
1487 3498 1583 3563 quam
1605 3480 1785 3563 opinionem

599 3586 688 3650 hisce
711 3586 908 3669 argumentis
932 3584 1046 3648 ductus
1069 3605 1151 3648 sum.

649 3693 730 3755 Ante
766 3693 873 3755 omnia
907 3690 1108 3755 recordemur
1143 3695 1285 3776 oportet,
1320 3695 1431 3776 gentes
1466 3689 1623 3757 Aetolicas
1657 3713 1720 3757 non
1749 3696 1785 3757 in

599 3798 735 3862 urbibus
765 3795 820 3861 sed
843 3799 927 3861 aar&
951 3798 1056 3873 κώμαις
1080 3797 1255 3875 habitasse,
1279 3796 1408 3861 nullum
1430 3799 1534 3883 igitur
1556 3803 1702 3863 centrum
1724 3801 1785 3864 im-

599 3906 683 3990 perii
702 3903 812 3967 'fuisse
837 3902 972 3968 Senatus
995 3904 1194 3989 populusque
1219 3906 1312 3968 certis
1336 3904 1533 3990 temporibus
1556 3905 1787 3971 conveniebant

599 4019 640 4075 ut
663 4010 702 4074 de
725 4011 818 4074 rebus
841 4008 978 4095 publicis
1002 4008 1228 4086 deliberarent,
1252 4015 1290 4075 ut
1313 4012 1522 4097 magistratus
1542 4017 1701 4089 crearent,
1721 4014 1788 4096 qui·

598 4119 660 4182 bus
680 4137 849 4180 commune
868 4116 1073 4180 commodum
1092 4107 1358 4181 committeretur.
1378 4115 1464 4181 Fieri
1483 4123 1593 4181 autem
1608 4138 1670 4181 uon
1682 4120 1788 4202 potuit

599 4230 639 4287 ut
658 4222 902 4308 magistratibus
921 4220 988 4286 illis
1008 4243 1042 4287 ea
1062 4229 1144 4287 esset
1168 4225 1339 4288 auctoritas
1364 4244 1443 4308 quae
1467 4224 1513 4288 ibi
1537 4244 1603 4288 esse
1627 4221 1709 4288 solet
1733 4223 1788 4287 ubi

600 4328 730 4415 aliquod
753 4339 801 4393 est
823 4335 968 4394 centrum
992 4331 1151 4406 civitatis,
1175 4331 1275 4394 immo
1299 4332 1368 4414 ipsa
1390 4332 1513 4395 civitas.
1539 4329 1698 4409 Quamdiu
1721 4337 1789 4394 erat

600 4458 680 4521 par,
713 4457 762 4500 res
793 4437 832 4500 ad
864 4457 1031 4501 commune
1054 4436 1243 4501 Aetolorum
1264 4439 1458 4521 pertinentes
1482 4436 1566 4502 solae
1588 4440 1630 4502 iis
1653 4437 1787 4501 admini-

602 4542 749 4607 strandae
776 4541 865 4607 datae
893 4549 997 4621 erant,
1026 4545 1197 4608 auctoritas
1225 4552 1333 4608 autem
1361 4547 1535 4609 necessario
1562 4549 1629 4608 erat
1652 4544 1786 4630 exigua,

601 4672 675 4715 oum
699 4652 783 4714 cives
807 4651 903 4714 variis
925 4648 1004 4714 locis
1027 4649 1160 4735 dispersi
1184 4657 1297 4714 essent.

604 4804 795 4813 *ιι-’-

639 4881 665 4943 1)
682 4879 777 4928 Gilbert
794 4878 876 4926 1128.
1196 4877 1225 4941 2)
1242 4878 1278 4927 Oi.
1296 4894 1399 4943 suprap
1425 4880 1473 4928 396
1491 4894 1544 4928 ann.
1564 4880 1586 4927 ὗ.

638 4964 661 5022 3)
679 4962 729 5010 Liv.
749 4958 835 5009 affl
854 4961 885 5008 34
902 4959 950 5022 52:
971 4975 1013 5008 ‚ex
1031 4959 1127 5009 delectis
1144 4963 1235 5009 constat
1253 4959 1335 5009 riria''.
