5125 6150
808 810 872 875 366
1233 827 1347 873 rusum
1370 827 1542 876 roauunus.

805 1014 933 1078 prorsus
964 999 1119 1058 tractetur
1148 999 1180 1056 et
1211 990 1420 1076 compelletur
1442 993 1482 1057 ab
1505 999 1644 1058 amatore
1669 992 1831 1080 3431111,
1857 994 1922 1061 349
1942 1017 1989 1081 sq.

805 1106 837 1165 et
861 1102 966 1186 magis
988 1103 1085 1165 etiam
1111 1099 1149 1164 ab
1172 1100 1242 1164 eius
1265 1100 1424 1184 mancipio
1449 1096 1525 1175 375,
1550 1098 1614 1165 387
1635 1121 1701 1186 sqq.

849 1204 1037 1292 Adelphasii
1069 1213 1201 1271 naturae
1234 1212 1382 1270 versutae
1417 1211 1450 1271 et
1483 1206 1634 1292 superbae
1669 1209 1838 1293 opponitur
1873 1212 1991 1274 sororis

806 1315 913 1377 nativa
943 1310 1149 1397 simplicitas,
1179 1331 1260 1396 quae
1291 1314 1325 1375 in
1355 1312 1414 1375 hac
1446 1310 1573 1396 quidem
1603 1333 1695 1378 scena
1717 1313 1836 1378 festum
1858 1313 1992 1380 Veneria

804 1422 947 1506 impense
977 1417 1087 1484 laudat
1116 1417 1195 1497 (255
1215 1423 1276 1503 sq.)
1307 1423 1339 1482 et
1372 1420 1557 1502 quantocius
1589 1418 1748 1505 templum
1779 1419 1865 1485 adire
1889 1424 1993 1507 gestit

805 1525 881 1605 (261
896 1534 966 1611 sq.),
988 1525 1065 1590 dum
1084 1546 1173 1590 soror
1191 1527 1421 1611 tergiversatur
1440 1530 1472 1589 et
1491 1524 1602 1590 turbae
1617 1525 1793 1610 despicatus
1807 1529 1993 1593 immiscere

804 1653 838 1697 se
869 1632 1016 1698 abhorret
1047 1630 1220 1716 (16111).
1255 1630 1344 1710 Quod
1376 1636 1484 1695 autern
1515 1634 1712 1696 contrarium
1743 1653 1818 1717 prae
1849 1655 1883 1699 se
1909 1635 1992 1699 ferre

804 1738 933 1804 videtur
955 1741 990 1802 in
1014 1736 1079 1803 333
1092 1759 1137 1822 sq.
1161 1740 1258 1820 (opred
1275 1740 1374 1800 aedem
1395 1736 1517 1800 Veneria
1608 1739 1785 1802 conveniunt
1803 1748 1989 1818 mercatores,

805 1845 847 1908 ibi
882 1869 932 1926 epo
965 1869 1009 1909 me
1043 1845 1159 1908 ostendi
1192 1844 1280 1924 colo),
1311 1843 1345 1908 id
1377 1849 1497 1928 spectat
1524 1849 1562 1908 ut
1593 1844 1809 1931 Agorastoclis
1831 1846 1991 1912 invidiam

803 1954 935 2017 suscitet
954 1959 986 2017 et
1009 1952 1048 2016 ad
1071 1953 1265 2037 emptionem
1290 1953 1404 2035 quovis
1427 1952 1530 2036 pretio
1554 1970 1628 2015 eum
1647 1950 1800 2036 perducat
1819 1959 1990 2038 antequam

804 2064 930 2123 ematur
954 2058 993 2122 ab
1016 2055 1088 2122 alio.
1426 2128 1431 2139 ²

850 2165 898 2229 Ab
929 2164 987 2228 hac
1017 2169 1126 2227 autem
1155 2160 1348 2246 Adelphasio
1376 2160 1492 2225 11112
1516 2182 1643 2246 prorsus
1667 2161 1863 2230 diversaest
1888 2164 1992 2231 altera

805 2275 838 2337 in
861 2269 889 2333 V
914 2269 944 2334 4.
968 2268 1004 2334 ln
1025 2270 1084 2334 hac
1107 2271 1192 2333 enirn
1215 2288 1308 2333 scena
1330 2289 1393 2332 non
1414 2289 1501 2333 soror
1523 2268 1722 2346 minuscula,
1752 2269 1806 2334 sed
1828 2273 1899 2355 ipsa
1922 2278 1990 2350 est,

806 2399 885 2465 quac
908 2379 1027 2441 sincere
1049 2374 1210 2440 collaudat
1233 2373 1424 2460 Aphrodisia
1448 2381 1481 2439 et
1503 2378 1588 2460 ipsas
1611 2378 1794 2441 meretrices
1819 2374 1905 2442 1174
1916 2380 1993 2464 fait

805 2483 892 2548 hodie
922 2504 1029 2565 operae
1053 2481 1184 2564 pretium
1286 2479 1380 2543 ocuti
1411 2480 1515 2562 epulae
1546 2484 1619 2545 dare
1720 2483 1993 2549 111111υὲ6616

805 2590 873 2652 illic
896 2611 945 2668 epo
968 2588 1055 2650 lodie
1077 2586 1263 2669 lepidieeima
1286 2609 1407 2649 monera
1429 2587 1621 2665 meretricum,
1643 2589 1736 2668 diem
1757 2590 1828 2652 dica
1848 2591 1994 2654 vacuatio·

805 2696 881 2759 er'ma
982 2701 1084 2757 tantae
1105 2693 1149 2756 c'bc'
1171 2693 1347 2756 clientarum
1370 2700 1435 2757 erat
1456 2716 1594 2757 cumenae
1613 2715 1639 2759 e.
1653 2716 1682 2778 q.
1696 2716 1733 2770 1.,
1757 2695 1836 2760 dum
1860 2698 1992 2762 Antera-

806 2800 901 2887 stylis
925 2821 977 2867 eas
995 2799 1164 2887 vilipendit
1183 2806 1217 2865 et
1235 2799 1353 2865 derisas
1373 2821 1439 2864 esse
1459 2800 1579 2886 gaudet
1597 2821 1615 2865 a
1634 2803 1822 2880 iuvenibus,
1844 2805 1993 2888 quocirca

806 2928 824 2973 a
855 2929 960 2972 sorore
991 2909 1037 2971 sic
1068 2909 1241 2992 corrigitur
1273 2906 1378 2971 1201:
1409 2929 1469 2970 coe
1499 2929 1531 2969 eo
1558 2929 1665 2987 peace
1687 2930 1785 2972 111111
1802 2918 1991 2991 properatae,

807 3014 924 3080 amai
953 3036 1051 3077 eumue
1080 3035 1199 3091 cenae,
1229 3035 1322 3091 soror,
1355 3020 1389 3076 ut
1412 3014 1512 3077 deceat
1533 3035 1586 3077 coe
1601 3014 1712 3098 facere
1734 3015 1889 3101 quicquam
1912 3018 1993 3102 quod

807 3124 888 3186 tono
911 3121 1064 3206 quiequam
1087 3121 1239 3197 derideat,
1264 3121 1303 3185 cf.
1331 3120 1416 3185 1185
1438 3142 1482 3205 sq.
1506 3119 1570 3186 Hic
1593 3142 1717 3207 quoque
1737 3124 1905 3211 subiungit
1923 3127 1991 3210 qui-

807 3228 880 3294 dem
910 3231 1101 3293 sententiam
1132 3226 1296 3305 moralem,
1328 3227 1415 3292 1203
1435 3249 1492 3311 sq,
1525 3229 1578 3292 sed
1602 3249 1700 3293 unam
1723 3236 1755 3295 et
1778 3251 1857 3315 quae
1880 3252 1991 3296 conve·

807 3338 889 3411 niet,
925 3356 985 3399 non
1021 3340 1144 3421 pugnet
1179 3355 1252 3400 cum
1287 3333 1418 3419 reliquis
1452 3333 1544 3399 dictis
1580 3335 1733 3421 factisque
1767 3338 1834 3401 eius
1864 3339 1897 3400 in
1931 3338 1990 3401 hac

809 3462 910 3506 scena.

852 3548 1007 3612 Errarunt
1037 3550 1140 3633 igitur
1171 3550 1225 3633 qui
1256 3569 1331 3612 cum
1361 3546 1605 3613 Franckeno
1621 3546 1644 3627 ¹)
1677 3570 1821 3613 sororum
1845 3552 1933 3634 paria
1956 3553 1990 3614 in

808 3655 931 3720 actibus
962 3653 977 3717 1
1008 3661 1040 3718 et
1071 3654 1098 3718 V
1129 3662 1196 3719 tarn
1229 3654 1350 3719 similia
1380 3676 1446 3719 esse
1475 3653 1713 3732 contenderent,
1738 3662 1775 3719 ut
1799 3656 1858 3720 hae
1881 3676 1990 3720 scenae

810 3763 928 3840 „unius
959 3764 1048 3844 quasi
1079 3764 1216 3846 corporis
1239 3762 1403 3826 membra’'
1428 3782 1494 3827 esse
1518 3761 1702 3826 viderentur
1724 3768 1756 3826 et
1780 3761 1893 3847 „plane
1917 3762 1991 3827 ridi-

809 3867 941 3946 ,culum
964 3867 1030 3931 fore
1053 3868 1131 3931 duas
1155 3871 1313 3934 exstitisse
1337 3866 1458 3932 fabulas
1482 3864 1617 3934 Graecas
1639 3871 1671 3931 in
1696 3889 1832 3954 quarum
1854 3875 1991 3955 utraque

810 3978 874 4054 „sic
911 3977 1068 4038 animatae
1104 3996 1224 4039 sorores
1258 3980 1291 4040 et
1324 3976 1362 4039 ad
1397 3977 1552 4040 amussim
1586 3977 1806 4040 convenientes
1840 3979 1990 4041 inventae

811 4080 984 4158 „fuerint”,
1021 4082 1122 4145 immo
1157 4087 1224 4145 tam
1259 4080 1401 4146 diversae
1433 4087 1508 4144 sunt
1538 4102 1658 4145 sorores
1689 4087 1726 4145 ut
1756 4081 1833 4147 haec
1863 4102 1990 4167 quoque

809 4187 1019 4272 discrepantia
1042 4185 1202 4271 duplicem
1226 4185 1353 4251 fabulae
1376 4188 1496 4251 fontem
1520 4193 1681 4272 coarguat.

852 4293 922 4358 Non
954 4292 1055 4357 levior
1086 4299 1134 4358 est
1164 4296 1376 4380 repugnantia
1404 4295 1488 4358 inter
1519 4314 1555 4357 61
1585 4314 1665 4379 quae
1694 4294 1803 4359 dicunt
1826 4303 1993 4382 aguntque

808 4397 1027 4485 Agorastocles
1056 4405 1087 4464 et
1110 4397 1248 4484 Milphio
1271 4398 1286 4462 I
1310 4405 1342 4465 et
1364 4398 1405 4463 11.
1438 4400 1711 4486 Argorastoclesl
1740 4400 1919 4466 adolescens
1944 4410 1994 4467 est

808 4505 953 4590 petulans
983 4511 1016 4571 et
1046 4506 1232 4583 vehemens,
1265 4509 1320 4590 qui
1343 4506 1533 4571 fidissimum
1558 4528 1687 4572 seruum
1711 4508 1804 4573 modo
1828 4507 1993 4573 blanditiis

808 4612 901 4677 modo
936 4613 1119 4677 verberibus
1154 4611 1353 4699 aggreditur,
1391 4612 1453 4678 136
1475 4635 1532 4697 sq,
1566 4613 1640 4690 143,
1674 4613 1749 4691 357,
1783 4613 1849 4679 382
1869 4636 1925 4701 sq,
1958 4619 1992 4681 in

809 4718 923 4783 mediis
963 4721 1047 4784 curis
1088 4720 1179 4784 dicax
1220 4726 1328 4783 tamen
1369 4726 1400 4783 et
1435 4722 1560 4784 iocosus
1595 4726 1627 4785 et
1661 4718 1878 4809 largiloquus,
1917 4721 1993 4802 149,

844 4950 870 5014 1)
889 4951 1056 5015 Mnemosyncs
1074 4950 1131 5001 Vol.
1148 4950 1182 4998 lv
1202 4949 1265 5002 lato
1284 4964 1306 5013 p.
1326 4949 1381 4999 138.
