5125 6150
698 835 764 922 402
1076 850 1118 912 an
1142 850 1373 898 namrornaars
1395 851 1533 898 rnuruu.

693 1015 757 1080 Hic
793 1019 978 1098 suspectum
1013 1035 1074 1077 non
1106 1020 1153 1078 est
1184 1014 1332 1078 futurum
1364 1013 1476 1095 ζιὶοιιν,
1511 1013 1595 1098 quod
1627 1014 1713 1099 apud
1744 1018 1890 1080 nostrum

693 1121 772 1186 licat
795 1142 858 1184 non
882 1119 1007 1197 redeat,
1032 1157 1072 1167 -·
1098 1140 1172 1184 nam
1196 1119 1393 1185 versiculum

878 1227 972 1305 χωρίς
995 1249 1030 1290 τε
1054 1226 1177 1303 θορύβου
1203 1226 1255 1291 sai
1279 1225 1382 1305 Φόβον
1407 1223 1508 1306 ζήσεις
1532 1227 1654 1304 καλῶς,

697 1337 753 1419 qui
777 1333 982 1416 Aristophani
1006 1334 1161 1397 tribuitur
1184 1333 1267 1417 apud
1291 1331 1491 1399 Clementem
1512 1333 1784 1412 Alexandrinum,
1806 1337 1892 1400 Anti·

696 1440 793 1524 phani
827 1436 1035 1522 probabiliter
1065 1438 1242 1504 vindicavit
1272 1438 1422 1519 Mainake
1438 1437 1473 1519 ¹),
1499 1441 1625 1505 -hac
1655 1446 1763 1505 tamen
1789 1448 1889 1505 aetate

696 1544 760 1608 dici
781 1546 859 1628 quin
877 1549 1027 1627 coeptum
1047 1546 1170 1609 sitnon
1190 1545 1342 1629 estquod
1363 1545 1561 1623 dubitemus;
1583 1552 1670 1610 extat
1691 1549 1782 1611 enim
1794 1549 1889 1611 etiam

696 1649 782 1734 apud
806 1648 984 1713 Platonem.

743 1755 813 1820 Hoc
847 1758 951 1841 igitur
985 1758 1200 1840 suspicionem
1234 1779 1297 1822 non
1329 1763 1449 1823 movet.
1485 1755 1545 1822 Sed
1577 1760 1713 1842 gravius
1743 1757 1891 1843 displicet

695 1863 901 1925 enuntiatum
936 1861 1178 1945 imperfectum
1215 1884 1309 1947 aegre
1340 1867 1426 1927 enim
1457 1862 1602 1928 desidero
1632 1862 1827 1928 adverbium
1859 1865 1890 1925 ιἰι

689 1973 843 2048 posterum
873 1965 924 2031 vel
955 1965 1062 2030 simile
1094 1967 1180 2051 quid.
1212 1968 1433 2052 Proponamne
1463 1970 1568 2053 igitur
1600 1967 1655 2044 „rt
1681 1967 1811 2034 λοιπὸν”
1836 1989 1890 2053 pro

698 2068 901 2150 „olaeara;”‚
927 2071 1045 2137 collato
1069 2074 1191 2137 Avium
1215 2093 1327 2138 versu:
1351 2074 1380 2136 ον’
1403 2074 1469 2158 qaia
1493 2080 1635 2150 vestrum,
1660 2095 1677 2136 ο
1699 2066 1890 2155 spectatores,

699 2178 783 2259 cupit
813 2177 866 2258 ζῆν
897 2177 988 2251 ἡδέως
1020 2177 1054 2240 τὸ
1086 2177 1200 2255 λοιπόν,
1233 2180 1275 2241 ad
1308 2201 1360 2240 ιιοο
1390 2179 1491 2241 veniat
1514 2175 1579 2241 -l
1611 2178 1688 2242 Fuit
1718 2199 1795 2242 sane
1819 2198 1891 2242 cum

701 2287 769 2349 veri
793 2286 851 2351 hoc
876 2283 983 2348 simile
1007 2283 1165 2349 ducerem.
1189 2283 1283 2349 Nunc
1307 2285 1447 2350 abstineo
1471 2287 1596 2369 potius,
1619 2286 1774 2368 quoniam
1793 2305 1832 2349 ne
1850 2287 1892 2348 sie

701 2391 832 2476 quidem
863 2391 902 2455 ab
932 2393 1020 2455 omni
1043 2398 1132 2476 parte
1156 2389 1260 2475 placet
1283 2390 1455 2455 verborum
1478 2395 1659 2466 structura‚·
1680 2410 1763 2474 quae
1787 2390 1894 2453 transi

701 2499 793 2561 tinam
825 2500 935 2581 potius
966 2495 1094 2581 aliquod
1127 2497 1262 2561 verbum
1293 2495 1434 2581 flagitat,
1466 2496 1527 2562 hoc
1557 2495 1623 2560 fere
1652 2516 1768 2560 sensu:
1793 2496 1807 2559 i
1831 2495 1894 2560 les·

701 2603 798 2676 πότος
830 2603 893 2681 γάρ
925 2610 1020 2681 φησιν
1052 2602 1134 2679 ὑμᾶς
1167 2598 1368 2677 ἀπαλλάξειν
1398 2608 1453 2675 τῆς
1487 2603 1605 2672 πενίας.
1635 2601 1749 2686 Itaque
1782 2602 1893 2674 Θνὶοειν

703 2710 852 2774 futurum
883 2707 990 2793 aliqua
1022 2711 1142 2773 ratione
1173 2711 1334 2773 comicum
1365 2709 1423 2773 hoe
1452 2707 1521 2772 loco
1552 2707 1735 2773 adhibuisse
1768 2710 1894 2793 saepius

702 2837 775 2880 sum
810 2818 1005 2900 suspicatus,
1042 2814 1096 2880 sed
1128 2814 1324 2898 probabilem
1356 2816 1571 2879 coniecturam
1604 2835 1702 2898 quam
1733 2814 1894 2897 proferam

702 2943 765 2987 non
797 2922 914 2998 habeo,
948 2928 980 2985 et
1010 2920 1154 2985 ferendos
1185 2922 1294 3004 potius
1324 2940 1391 2984 essa
1415 2920 1471 2984 hos
1494 2941 1606 2985 versus
1629 2940 1713 2985 nunc
1737 2919 1895 2995 dixerim,

703 3034 815 3113 utpute
839 3029 877 3092 ab
901 3030 971 3113 ipso
996 3034 1091 3112 poeta
1113 3029 1220 3092 minus
1243 3025 1407 3112 eleganter
1429 3031 1582 3092 tornatos.

749 3246 802 3311 Vs.
828 3244 949 3331 282eq.
976 3246 1074 3310 verba
1097 3246 1269 3330 coryphaei
1295 3246 1334 3310 ad
1358 3244 1526 3312 Oarionem

929 3353 1035 3416 πολλοὶ
1058 3354 1273 3430 μοχθήσαντες
1298 3355 1350 3417 οὐκ
1375 3351 1465 3426 οὔσης
1491 3358 1609 3429 σχολῆς
1635 3350 1796 3428 προθύμως

884 3460 960 3537 δοῦρ’
985 3459 1114 3533 ἤλθομεν
1140 3464 1260 3521 πολλῶν
1285 3458 1385 3535 θύμων
1408 3456 1492 3536 ῥίζαις
1516 3457 1748 3535 διεκπερῶντες,

703 3566 816 3628 tacitos
851 3566 1022 3648 praeterire
1056 3585 1118 3628 non
1153 3563 1245 3639 licet,
1282 3572 1357 3629 sunt
1391 3566 1478 3629 enim
1511 3561 1614 3627 nihili.
1646 3560 1747 3628 Ohori
1779 3562 1894 3628 ducem

705 3668 853 3749 παρῳδεῑν
884 3669 1121 3755 intellegimus,
1154 3673 1305 3755 quoniam
1336 3672 1472 3736 verbum
1505 3668 1665 3747 διεκπερᾶν
1698 3672 1823 3754 priscae
1847 3667 1896 3735 vel

702 3775 899 3840 sublimioris
931 3781 978 3838 ast
1009 3776 1175 3850 dictionis;
1208 3776 1261 3840 sed
1294 3777 1391 3859 thymo
1422 3774 1532 3840 nullus
1562 3778 1627 3839 iam
1659 3780 1709 3838 est
1731 3773 1843 3851 locus,
1867 3781 1897 3839 et

703 3886 810 3947 minus
834 3884 932 3946 etiam
956 3881 1080 3964 ttpmia,
1105 3884 1161 3964 qui
1184 3881 1319 3965 pluralis
1343 3903 1497 3945 numerus
1520 3903 1559 3946 ne
1582 3884 1614 3945 in
1634 3901 1744 3944 rerum
1765 3880 1896 3964 quidem

702 3997 750 4053 est
781 3994 904 4052 natura.
938 3988 1023 4049 Allia
1053 3986 1181 4051 aliudve
1213 3986 1283 4052 olus
1316 4009 1426 4052 vocem
1458 4008 1540 4051 nunc
1572 3986 1752 4071 significare
1775 3992 1897 4050 temere

703 4096 872 4179 perhibent
902 4092 1035 4170 scholia;
1070 4093 1152 4177 quod
1184 4114 1286 4176 neque
1316 4115 1372 4177 per
1402 4114 1435 4157 se
1462 4092 1613 4158 credibile
1644 4098 1709 4169 est,
1742 4114 1848 4177 neque
1871 4095 1897 4157 si

703 4223 816 4266 verum
848 4209 948 4276 esset,
979 4199 1086 4264 locum
1118 4201 1402 4283 interpretantibus
1435 4202 1606 4283 quicquam
1636 4197 1813 4283 prodesset.
1838 4198 1895 4264 Sed

704 4309 822 4372 frustra
846 4327 962 4390 quaero
987 4304 1146 4390 quomodo
1169 4308 1308 4368 comicus
1332 4307 1505 4369 variaverit
1527 4324 1611 4367 nunc
1636 4302 1669 4367 id
1692 4303 1777 4388 quod
1798 4307 1898 4389 poscit

672 4493 673 4496 Ἴ
704 4418 889 4478 contextus:
915 4412 1031 4483 πολλὴν
1058 4409 1123 4474 ὁδὸν
1146 4408 1235 4487 μόλις
1260 4410 1484 4488 διεκπερῶντες.

753 4633 805 4697 Vs.
833 4630 899 4696 368
932 4630 1154 4715 Blepsidemus
1178 4651 1217 4695 ne
1241 4630 1389 4693 dubitans
1414 4628 1544 4713 quidem
1567 4630 1643 4712 quin
1668 4627 1792 4692 furtum
1820 4650 1899 4693 com·

707 4742 831 4804 miserit
855 4736 989 4803 sodalis:

708 4892 902 4900 —·--——-—-

740 4966 766 5027 l)
785 4968 905 5032 Aristepb.
924 4965 1169 5029 tr.8991intiphan.
1188 4966 1244 5013 330.
