5125 6150
1192 831 1381 880 nnorrnuon.
1812 814 1878 880 313

734 998 780 1061 Ill
805 997 846 1061 19
871 997 952 1077 (55),
966 997 996 1061 3.
1029 997 1043 1060 ὃ
1073 996 1227 1079 ῥυοίτεοον
1257 1005 1317 1063 τῶν
1345 999 1525 1076 βαλαντίων
1550 1000 1630 1081 ἔχων
1653 1001 1688 1065 τί
1712 997 1879 1078 ποίοιοπον.

690 1107 813 1169 Iniuria
834 1105 928 1168 verba
947 1106 1115 1168 sanissima
1134 1110 1236 1169 tentat
1256 1104 1368 1170 editor.
1393 1106 1513 1171 Passim
1534 1105 1611 1171 talia
1631 1105 1786 1192 leguntur
1797 1105 1881 1191 apud

689 1213 861 1295 aequiores.
894 1209 1045 1277 Ceterum
1076 1209 1191 1276 melior
1222 1211 1325 1276 forma
1356 1218 1405 1277 est
1433 1212 1637 1290 βαλλάντιον.
1665 1250 1703 1260 -
1738 1211 1820 1296 §10
1844 1211 1878 1276 τὸ

688 1317 751 1395 vaip
776 1316 879 1393 ίέαμα
903 1316 954 1380 καί
979 1316 1033 1388 τίιν
1058 1315 1206 1393 ίνμιιῖίαν
1229 1324 1379 1398 παρεῖχεν
1403 1317 1499 1391 οὐδεὶς
1520 1324 1578 1383 τοῖν
1600 1319 1642 1390 είς
1662 1321 1750 1383 τοῦτο
1771 1331 1876 1393 sesan·

687 1421 861 1505 [ρο]αε’νων.
888 1421 991 1486 Locus
1013 1420 1155 1487 laborare
1178 1421 1317 1488 videtur.

733 1640 779 1704 ΙΙΙ
811 1639 854 1705 23
879 1639 959 1720 (59),
973 1641 1004 1704 2.
1037 1641 1089 1704 καί
1122 1639 1308 1720 καλαύροπα
1344 1637 1427 1720 ἔχειν
1459 1640 1511 1704 καί
1543 1640 1681 1722 σύριγμα
1710 1642 1762 1707 καί
1788 1643 1881 1727 τιοίοοι

689 1747 809 1828 Φρυγίῳ
841 1745 964 1824 στίμειν
988 1749 1043 1820 τίον
1067 1748 1211 1825 κεφαλὴν
1234 1745 1408 1822 ποιμαίνειν
1431 1771 1465 1811 τε
1491 1748 1558 1812 καί
1584 1743 1692 1812 είνοιι
1716 1747 1801 1813 κοιτίι
1826 1749 1880 1824 τὴν

682 1853 778 1927 ”lina
803 1852 869 1920 Gur
893 1854 990 1919 verba
1012 1853 1064 1917 καί
1091 1849 1167 1916 είναι
1187 1852 1295 1917 addita
1315 1855 1397 1931 sint,
1418 1874 1480 1918 non
1501 1856 1677 1938 perspicere
1696 1875 1748 1920 me
1769 1853 1880 1919 fateor.

733 2072 780 2136 111
804 2071 846 2135 25
870 2071 952 2150 (61),
965 2070 996 2134 2.
1024 2068 1091 2135 ὅσον
1114 2069 1149 2135 τὸ
1181 2071 1216 2135 δι
1247 2068 1352 2149 ιἰΦον
1375 2072 1446 2151 (sic)
1469 2075 1522 2136 τοῦ
1548 2068 1729 2151 ὑβρίζοντος.
1763 2070 1880 2157 Prope-

689 2179 822 2243 modum
847 2185 931 2242 certa
953 2178 1036 2242 mihi
1060 2176 1188 2242 videtur
1209 2176 1337 2243 Polahii
1360 2180 1510 2243 correctio
1534 2178 1576 2242 τί
1600 2176 1776 2255 οῖνοίξιον.

734 2395 780 2460 Ill
805 2394 848 2460 26
870 2394 996 2475 (62),1.
1021 2395 1184 2474 μνστιίριον
1208 2395 1238 2459 ἓν
1260 2396 1375 2468 οιιῖταῖς
1400 2394 1548 2475 utone
1574 2400 1676 2474 (τοῦ)
1700 2403 1770 2461 ταῖν
1795 2397 1877 2463 ίεαῖν

688 2509 759 2566 ταῖν
781 2503 985 2566 Ἐλενσινίαιν
1004 2499 1250 2580 ἀσφαλέστερον.
1269 2501 1342 2566 Non
1362 2503 1407 2565 sic
1426 2522 1500 2565 cum
1519 2501 1639 2566 editore
1654 2501 1878 2586 supplendum,

690 2608 743 2672 sed
770 2614 876 2686 (τῶν)
901 2615 972 2672 ταῖν
996 2610 1079 2672 oeae
1103 2607 1167 2671 κτί.
1200 2606 1338 2672 Nullum
1362 2610 1447 2672 enim
1471 2614 1520 2673 est
1543 2609 1737 2694 mysterium
1760 2606 1881 2673 Eleusi-

689 2717 800 2790 nium,
833 2713 887 2778 sed
920 2719 996 2778 suut
1027 2715 1200 2798 mysteria,
1233 2733 1314 2797 quae
1345 2713 1433 2778 nefas
1464 2718 1513 2777 est
1536 2711 1736 2794 ἒξορχεῖσίοιι.
1762 2710 1810 2779 Of.
1835 2712 1882 2777 111

689 2819 732 2884 36
757 2816 884 2898 (72),1.

734 3020 780 3087 111
806 3021 859 3101 26,
874 3021 904 3087 3.
939 3021 955 3096 vi
980 3020 1164 3100 ἐπιτύμβιος
1186 3025 1305 3102 γραῦς,
1326 3012 1360 3095 ἣν
1377 3020 1564 3100 Ἔμπουσαν
1586 3016 1725 3092 ἅπαντες
1746 3020 1772 3085 οί
1795 3019 1879 3085 κοντοὶ

689 3130 743 3200 τίον
766 3129 864 3193 οίκίαν
888 3135 996 3193 καλεῖν
1022 3128 1159 3193 είοίίασιν
1183 3129 1216 3194 ἐκ
1240 3133 1295 3194 τοῦ
1318 3130 1425 3193 πιίντα
1450 3137 1545 3193 ποιεῖν
1569 3128 1621 3192 καί
1645 3124 1878 3206 βιοίζεσίοιι.

689 3234 755 3300 Cur
797 3234 969 3319 Alciphron
1010 3236 1218 3299 notissimum
1257 3222 1364 3299 locum
1399 3234 1624 3299 Demosthenis
1659 3233 1697 3298 de
1732 3230 1803 3299 Cor.
1840 3231 1878 3296 de

688 3340 854 3403 Aeschinis
885 3346 987 3404 matre
1019 3342 1064 3404 sio
1095 3342 1286 3419 variaverit,
1318 3346 1355 3404 ut
1384 3338 1548 3419 βιοίζεοίαι
1571 3340 1723 3405 scriberet
1746 3358 1803 3424 pro
1828 3358 1880 3403 ne-

688 3448 823 3510 cessario
856 3443 1006 3526 ποίσχειν,
1032 3450 1161 3511 omnino
1184 3468 1236 3511 me
1259 3446 1348 3511 latet.
1372 3444 1473 3511 Sensu
1497 3447 1625 3529 passivo
1648 3443 1759 3529 procul
1782 3443 1880 3510 dubio

688 3551 824 3615 verbum
848 3551 1070 3635 accipiendum
1093 3556 1157 3628 est,
1175 3560 1213 3616 et
1237 3553 1380 3635 suspicor
1404 3551 1468 3616 iere
1488 3548 1570 3615 nihil
1590 3548 1677 3614 aliud
1697 3570 1764 3615 esse
1784 3570 1880 3634 quam

688 3660 1012 3741 interpretamentum
1044 3659 1134 3723 verbi
1165 3658 1314 3739 ποίσχειν,
1345 3656 1430 3741 quod
1455 3656 1642 3742 Alciphroni
1666 3676 1791 3741 quoque
1814 3654 1881 3721 red-

690 3762 831 3826 dendum
855 3765 907 3827 sit.

737 3964 783 4029 ΙΙΙ
807 3964 850 4029 29
874 3964 955 4045 (65),
969 3964 999 4030 2.
1033 3965 1066 4029 οὐ
1094 3963 1148 4036 τίον
1172 3963 1317 4047 πατρῴαν
1344 3965 1449 4031 οὐσίαν
1472 3964 1514 4031 τοὶ
1538 3963 1569 4030 δὲ
1594 3965 1627 4029 ίκ
1651 3964 1774 4030 δικαίων
1798 3964 1881 4044 αὐτῷ

690 4069 869 4153 ποριζόμενοι
895 4071 1012 4154 σπαθᾷ.
1044 4072 1165 4135 Iniuria
1188 4070 1342 4157 Schepers
1365 4094 1439 4137 cum
1463 4070 1583 4136 Seilero
1607 4069 1690 4150 αὐτῷ
1715 4070 1802 4135 dedit
1825 4091 1882 4156 pro

691 4178 783 4256 αὐτῷ.
809 4176 935 4241 Dicitur
958 4175 1089 4261 quidem
1113 4178 1219 4259 σπαίᾷ
1243 4178 1286 4242 τοὶ
1311 4177 1415 4257 αὑτοῦ,
1440 4177 1494 4241 sed
1519 4177 1559 4241 τὰ
1581 4178 1665 4255 αὐτῷ
1684 4175 1878 4257 ποοιζίμενοι.

691 4281 804 4348 Graeci
834 4284 921 4346 enim
952 4282 1084 4346 eandem
1115 4303 1261 4347 normam
1292 4287 1444 4349 secuntur
1474 4302 1572 4367 quam
1601 4288 1777 4348 nostrates:
1813 4283 1877 4368 „hij

691 4390 808 4472 brengt
843 4386 918 4453 door
949 4394 1013 4452 wat
1042 4387 1117 4452 door
1147 4390 1210 4452 ίονι
1241 4393 1316 4466 (non
1340 4388 1418 4467 οιόί)
1441 4409 1623 4454 veruorven
1647 4388 1781 4454 vvordt”.
1799 4388 1881 4469 *Qua

691 4495 837 4559 versione
867 4492 967 4558 simul
989 4493 1066 4558 haec
1090 4494 1187 4558 verba
1211 4499 1303 4558 tueor
1326 4494 1365 4558 ab
1388 4492 1517 4559 editoris
1540 4496 1720 4560 coniectura
1743 4518 1885 4574 πεπορισ·

691 4599 781 4677 μένοι.
813 4598 983 4675 Mercator,
1008 4598 1046 4664 de
1070 4621 1132 4684 quo
1155 4619 1259 4664 sermo
1282 4598 1337 4677 fit,
1361 4602 1492 4684 negotio
1516 4620 1574 4663 suo
1598 4600 1690 4687 fungi
1715 4622 1778 4666 non
1802 4599 1883 4666 desi-

691 4705 805 4780 nebat,
830 4708 867 4767 ut
890 4705 1035 4769 arbitror.

740 4906 787 4971 ΙΙΙ
813 4907 855 4971 30
879 4905 961 4986 (66),
976 4906 1005 4970 5.
1032 4906 1149 4979 ἐκείνας
1169 4907 1226 4985 μὲν
1246 4901 1295 4971 οὖν
1315 4908 1487 4985 πεοιπαίῶς
1508 4906 1619 4974 κοπίδα
1638 4908 1746 4985 λαβὼν
1769 4908 1882 4989 ιίπεο·
