5125 6150
802 812 867 877 224
1301 829 1474 883 novarros.

799 996 934 1061 tionibus
952 997 1127 1060 commixta
1145 995 1293 1079 praebere
1314 995 1489 1082 Odysseam
1507 999 1665 1075 nostram,
1682 992 1821 1079 plurima
1833 993 1981 1079 plurimis

798 1100 876 1166 locis
906 1102 968 1167 sibi
991 1122 1177 1188 repugnare,
1201 1108 1234 1166 et
1257 1107 1365 1167 tamen
1388 1102 1447 1166 hac
1471 1101 1509 1166 de
1532 1122 1566 1166 re
1589 1122 1794 1186 quaecunque
1817 1109 1984 1165 narrentur

799 1209 860 1272 sibi
890 1206 1053 1273 constare?
1085 1209 1241 1293 plurimos
1272 1217 1415 1273 cantores
1445 1230 1501 1294 per
1531 1207 1650 1272 multas
1672 1208 1841 1272 hominum
1863 1211 1982 1271 aetates

799 1312 905 1379 Ulixis
935 1314 1001 1380 fata
1031 1318 1190 1392 cecinisse,
1222 1315 1355 1380 eandem
1379 1321 1488 1380 autem
1512 1335 1564 1379 eos
1588 1336 1697 1379 omnes
1720 1315 1781 1378 sibi
1805 1322 1911 1379 mente
1934 1317 1982 1377 in-

797 1421 950 1487 formasse
980 1424 1156 1508 imaginem
1187 1427 1332 1487 vetustae
1363 1420 1451 1486 illius
1481 1424 1587 1507 regiae
1617 1423 1651 1485 in
1680 1420 1856 1506 longinqua
1879 1419 1983 1484 insula

798 1530 896 1605 sitae,
928 1549 1023 1613 quam
1054 1527 1197 1614 plerique
1228 1550 1266 1593 ne
1298 1526 1398 1593 oculis
1430 1527 1558 1613 quidem
1588 1534 1794 1613 usurpassent
1817 1522 1982 1611 unquam?

798 1634 929 1700 eandem
960 1633 1160 1699 conclavium
1189 1636 1304 1699 seriem
1327 1633 1436 1699 eodem
1460 1633 1569 1698 ordine
1591 1654 1623 1697 se
1646 1634 1892 1717 excipientium,
1917 1653 1982 1696 eas-

798 1742 871 1806 dem
902 1740 1106 1827 singulornm
1137 1762 1311 1817 mensuras,
1338 1740 1468 1806 eandem
1492 1738 1701 1825 supellectilis
1725 1742 1881 1825 speciem,
1906 1760 1981 1803 eun-

798 1847 870 1912 dem
904 1849 1085 1932 porticuum
1121 1845 1273 1912 vestibuli
1308 1846 1399 1910 aulae
1434 1853 1581 1911 ornatum
1617 1851 1689 1910 ante
1724 1848 1839 1910 mentis
1874 1842 1982 1909 oculos

797 1950 965 2018 habuisse?
995 1951 1062 2018 Nae
1091 1956 1207 2039 nugari
1238 1954 1321 2017 mihi
1349 1952 1459 2017 videor
1489 1951 1567 2017 talia
1588 1973 1720 2037 rogans,
1744 1972 1872 2037 prorsus
1895 1953 1982 2016 enim

797 2059 932 2125 absurda
961 2066 1037 2123 sunt
1068 2080 1147 2144 quae
1178 2059 1267 2134 dico,
1298 2064 1331 2123 et
1362 2065 1451 2143 patet
1481 2079 1499 2122 a
1530 2078 1622 2123 sanae
1655 2061 1771 2123 mentis
1796 2058 1981 2122 hominibus

796 2165 877 2230 nihil
900 2165 1057 2230 eiusmodi
1081 2187 1171 2250 posse
1195 2165 1364 2251 perhiberi.

843 2270 995 2357 Superest
1023 2273 1126 2358 igitur
1155 2276 1194 2336 ut
1223 2280 1279 2336 aut
1310 2292 1348 2335 ex
1370 2273 1467 2336 unius
1489 2272 1628 2335 hominis
1650 2272 1779 2356 ingenio
1803 2270 1981 2357 Odysseam

795 2383 896 2443 totam
927 2378 1056 2443 fluxisse
1088 2398 1269 2454 sumamus,
1303 2382 1358 2441 aut
1382 2377 1590 2442 concedamus
1614 2376 1683 2441 fieri
1705 2399 1768 2442 non
1791 2398 1882 2463 posse
1903 2379 1982 2462 quin

797 2506 834 2550 ea
857 2506 936 2571 qnae
960 2483 1099 2571 singulis
1122 2487 1271 2550 carminis
1295 2486 1376 2568 epici
1399 2483 1476 2549 locis
1500 2483 1538 2549 de
1561 2484 1691 2549 aedibus
1716 2486 1813 2570 regiis
1836 2484 1982 2548 dicantur

796 2612 987 2677 magnopere
1010 2594 1093 2656 inter
1116 2611 1149 2655 se
1173 2591 1370 2676 discrepent,
1393 2589 1545 2655 delineari
1567 2592 1670 2677 igitur
1693 2590 1784 2655 aedes
1806 2589 1879 2655 illas
1902 2592 1980 2653 satis

793 2695 1001 2783 probabiliter
1019 2698 1265 2782 haudquaquam
1285 2717 1384 2781 posse.
1404 2696 1447 2760 Et
1466 2699 1617 2782 quoniam
1636 2696 1730 2761 hodie
1742 2699 1799 2762 vix
1811 2699 1980 2781 quisquam

794 2812 903 2870 extare
932 2805 1059 2867 videtur
1089 2806 1145 2887 qui
1174 2805 1330 2867 sustineat
1360 2802 1535 2889 Odysseam
1559 2824 1625 2869 esse
1650 2805 1743 2867 nnius
1767 2809 1876 2889 poetae
1900 2824 1979 2887 opus

794 2910 889 2996 idque
923 2912 1087 2995 integrum
1124 2909 1164 2973 ad
1197 2931 1253 2974 nos
1283 2911 1483 2994 pervenisse,
1514 2912 1591 2974 satis
1622 2912 1733 2995 opinor
1762 2916 1851 2995 patet
1882 2931 1979 2995 quem

794 3037 890 3082 usum
920 3021 1078 3103 praestare
1108 3017 1209 3102 possit
1240 3014 1349 3081 tabula
1381 3014 1508 3094 „Ulixis
1531 3014 1684 3081 domum”
1709 3037 1765 3102 per
1786 3015 1980 3083 lineamenta

793 3124 982 3189 describens.

840 3230 1000 3295 Hactenus
1033 3231 1135 3316 igitur
1165 3229 1313 3315 expedita
1343 3229 1483 3315 profecto
1515 3236 1563 3294 est
1593 3250 1651 3294 res.
1690 3228 1752 3295 Sed
1783 3231 1883 3295 satius
1914 3236 1977 3307 eet,

792 3340 824 3401 in
861 3343 966 3402 nostra
999 3339 1187 3420 praesertim
1223 3345 1306 3413 arte,
1344 3357 1423 3421 quae
1458 3334 1512 3401 vel
1547 3338 1592 3400 sic
1621 3339 1719 3400 nimis
1748 3336 1853 3402 multa
1883 3336 1979 3401 habet

792 3443 905 3520 dubia,
937 3443 1269 3527 argumentationibus
1301 3463 1362 3506 non
1392 3446 1438 3506 ita
1462 3440 1604 3507 multum
1629 3444 1766 3507 tribuere
1790 3444 1845 3507 ubi
1869 3463 1976 3507 rerum

791 3550 896 3614 adsint
926 3550 1119 3612 testimonia.
1151 3548 1418 3633 Experimentum
1441 3551 1544 3634 igitur
1566 3549 1719 3613 faciamus
1742 3552 1810 3635 ipso
1833 3548 1975 3614 Homero

790 3655 887 3731 duce,
918 3654 956 3717 ab
988 3675 1024 3718 ca
1055 3656 1259 3739 potissimum
1290 3655 1417 3719 aedium
1447 3660 1535 3740 parte
1559 3658 1663 3720 exorsi
1686 3676 1766 3740 quae
1788 3658 1900 3720 ceteris
1924 3677 1977 3719 no-

790 3761 884 3826 bilior
906 3777 1025 3845 perque
1047 3763 1151 3824 varias
1175 3764 1260 3826 vitae
1285 3764 1463 3826 communis
1486 3764 1573 3827 vices
1597 3762 1843 3827 celebratissima
1866 3761 1974 3827 fuerit.

789 3867 893 3946 Quam
915 3867 972 3930 ubi
996 3885 1184 3951 quaeramus
1207 3889 1269 3932 non
1292 3868 1349 3932 diu
1372 3874 1421 3933 est
1444 3869 1664 3933 dubitandum.
1688 3868 1771 3933 Nam
1796 3867 1975 3954 plurimum

788 3993 862 4037 cum
886 3978 979 4056 poeta
1002 3993 1168 4037 versamur
1190 3975 1223 4037 in
1247 3976 1478 4060 spatiosissimo
1498 3973 1554 4040 illo
1574 3974 1733 4053 conclavi,
1753 3976 1837 4061 quod
1857 3976 1974 4040 dicitur

787 4080 821 4142 τὸ
853 4078 999 4157 μέγαρον.
1032 4077 1127 4144 Hunc
1150 4081 1252 4165 igitur
1275 4084 1381 4167 regiae
1400 4081 1551 4146 nucleum
1575 4086 1602 4146 si
1625 4086 1730 4147 varios
1753 4089 1860 4169 poetas
1884 4087 1971 4148 varic

786 4185 848 4250 sibi
879 4184 1006 4249 finxisse
1037 4194 1202 4270 appareat,
1232 4189 1304 4272 quis
1334 4194 1382 4252 est
1413 4190 1489 4273 quin
1513 4189 1663 4254 concedat
1686 4190 1803 4269 μόχθου
1827 4195 1970 4266 περισσοῦ

786 4292 931 4371 condiaco
966 4290 996 4354 τ’
1026 4293 1148 4363 εὐηθίας
1184 4313 1251 4357 esse
1281 4296 1375 4358 rectis
1405 4293 1498 4358 lineis
1528 4294 1625 4382 figere
1656 4295 1737 4361 velle
1768 4317 1848 4381 quae
1872 4317 1972 4381 aquae

785 4400 851 4462 ritu
875 4399 993 4462 undare
1017 4398 1201 4476 videamus,
1226 4407 1258 4464 et
1281 4400 1423 4479 ιὶιιίχιιτιι
1447 4402 1559 4466 διώκειν
1584 4405 1705 4488 siquis
1729 4426 1792 4468 uno
1817 4404 1970 4489 adspectu

785 4504 1048 4589 comprehendere
1072 4511 1202 4569 conetur
1226 4526 1305 4590 quae
1330 4513 1396 4572 toto
1421 4507 1506 4573 coelo
1528 4511 1593 4572 sint
1616 4508 1736 4574 dissita.

829 4609 900 4674 Nou
931 4631 992 4694 quo
1020 4631 1135 4697 negem
1158 4616 1270 4675 vatum
1294 4634 1360 4677 esse
1384 4635 1514 4679 suorum
1539 4615 1701 4679 interdurn
1724 4615 1895 4680 verborum
1920 4619 1972 4682 ob

782 4714 906 4794 livisci,
930 4720 961 4780 ct
984 4719 1017 4779 in
1041 4717 1223 4783 litterarum
1246 4740 1371 4804 quoque
1395 4743 1428 4786 re
1451 4720 1577 4806 publica
1601 4730 1759 4807 praetores
1779 4745 1839 4787 non
1860 4745 1971 4789 curare

782 4824 927 4887 minima.
962 4821 1024 4886 Sed
1055 4823 1245 4909 quisquiliae
1276 4826 1417 4910 profecto
1447 4850 1508 4893 non
1540 4835 1615 4892 sunt
1646 4850 1725 4914 quae
1750 4832 1865 4915 cogito.
1898 4830 1970 4895 Hoc

782 4948 875 5012 rogo,
910 4950 1038 4991 ιιιιιιιιιιιι
1071 4930 1207 5008 μέγαρον
1241 4932 1412 4997 habuerint
1442 4931 1547 4998 Ulixis
1577 4934 1669 4999 aedes
1701 4955 1740 4999 an
1773 4933 1854 5001 duo?
1877 4935 1968 5001 Haec
