5125 6150
801 819 868 897 392
1321 838 1465 886 eronus.

801 1006 833 1068 in
865 1001 976 1065 'Facito
1008 1001 1123 1084 hospes
1156 1002 1219 1064 sit:
1244 1000 1282 1064 de
1306 1001 1464 1068 industria
1486 1006 1572 1069 enim
1595 1004 1725 1072 Tacitus
1748 1011 1781 1072 in
1806 1031 1908 1077 uuam
1932 1036 1999 1079 sen·

805 1111 940 1173 tentiam
971 1108 1077 1191 coegit
1107 1111 1140 1170 et
1171 1127 1239 1169 rem
1271 1127 1407 1186 novam,
1439 1130 1536 1194 quam
1558 1112 1758 1195 praecedenti
1781 1115 1944 1197 adnectit,
1967 1127 2000 1184 et

801 1216 847 1278 rei
872 1232 973 1278 novae
997 1209 1265 1295 explanationem.

848 1318 888 1383 H.
913 1317 970 1395 ΙΙΙ,
997 1316 1048 1381 13.
1075 1316 1197 1381 Defecit
1218 1337 1236 1381 a
1255 1317 1384 1383 Vitellio
1404 1318 1529 1397 classis,
1549 1319 1685 1388 Caecina
1704 1323 1849 1410 legiones
1869 1351 1998 1416 quoque

800 1445 874 1488 suas
897 1424 937 1487 ad
961 1422 1190 1506 Vespasianum
1216 1424 1380 1502 transfert;
1401 1426 1529 1509 iamque
1548 1429 1579 1490 in
1602 1430 1670 1492 eius
1689 1432 1881 1498 iuraverunt
1903 1437 1997 1501 verba

801 1529 938 1604 milites,
969 1531 1035 1592 iam
1067 1527 1213 1611 dereptae
1246 1535 1322 1592 scrut
1353 1529 1476 1593 Vitellii
1498 1533 1675 1617 imagines,
1698 1522 1996 1626 praescriptumque

800 1635 984 1720 Vespasiani
1007 1654 1139 1711 nomen,
1166 1654 1241 1698 cum
1265 1635 1371 1698 subito
1394 1634 1466 1700 illos
1491 1637 1567 1700 facti
1590 1641 1641 1702 sui
1664 1644 1826 1724 poenitet,
1849 1654 1995 1730 reputan-

800 1749 848 1805 tes
874 1761 924 1817 se,
950 1747 1095 1804 strenuos
1119 1737 1191 1802 illos
1215 1736 1406 1804 Germaniae
1426 1740 1611 1820 bellatores,
1632 1744 1720 1810 nulla
1740 1746 1829 1814 clade
1849 1758 1992 1837 accepta,

799 1868 914 1912 manus
938 1845 1062 1910 tradere
1086 1844 1275 1909 Othonianis
1299 1848 1370 1908 istis
1393 1866 1485 1930 saepe
1509 1847 1631 1933 fugatis
1655 1854 1771 1936 copiis:

847 1952 913 2028 „Ut
932 1959 975 2015 tet
989 1949 1013 2029 1)
1033 1955 1230 2015 armatorum
1251 1950 1342 2015 milia
1360 1950 1451 2016 velut
1470 1974 1549 2038 grex
1570 1954 1734 2021 venalium
1752 1959 1843 2023 exuli
1858 1963 1993 2028 Antonio

799 2059 879 2124 dono
902 2057 1053 2122 darentur
1076 2063 1162 2134 (octo
1186 2059 1342 2122 nimirum
1364 2056 1506 2142 legiones
1529 2061 1625 2124 unius
1648 2060 1758 2127 elassis
1782 2070 1991 2134 accessionem

800 2164 890 2243 fore),
914 2163 947 2227 id
971 2163 1068 2227 Basso
1092 2162 1125 2225 id
1149 2160 1303 2227 Caecinae
1327 2163 1468 2227 visum'’.

843 2269 895 2334 Sic
923 2268 1128 2353 distinguunt
1160 2267 1313 2344 editores,
1348 2270 1604 2352 perversissime:
1636 2292 1675 2337 ne
1707 2273 1770 2339 alia
1802 2285 1992 2363 argumenta

798 2375 930 2450 addam,
963 2373 1001 2438 ab
1033 2374 1069 2435 id
1093 2420 1122 2436 ..
1148 2373 1241 2436 tristam
1273 2394 1357 2437 nuuc
1380 2373 1497 2457 pendet
1519 2379 1778 2456 ac--tarencur,
1804 2402 1889 2465 quae
1913 2391 1991 2449 certe

798 2481 933 2546 absurda
963 2485 1124 2543 structura
1156 2486 1220 2554 est,
1253 2499 1356 2562 neque
1387 2481 1432 2543 sic
1464 2484 1660 2564 pronominis
1685 2484 1720 2546 id
1742 2493 1871 2552 constat
1895 2493 1990 2567 ratio,

798 2596 834 2652 ut
859 2593 979 2651 taceam
1003 2604 1099 2670 quam
1122 2586 1229 2668 inepte
1253 2604 1337 2649 nuuc
1361 2582 1417 2648 illa
1440 2592 1612 2670 repetatur.
1637 2587 1734 2654 Visne
1758 2593 1847 2676 ipsos
1873 2595 1991 2660 milites

796 2693 906 2758 audire
929 2696 1096 2777 querentes
1119 2696 1152 2753 et
1175 2695 1303 2754 tantum
1326 2711 1389 2753 non
1412 2690 1650 2776 singultantes?
1674 2694 1728 2759 Sic
1752 2694 1938 2785 distingue:

843 2797 909 2876 „Ut
930 2803 977 2862 tot
997 2803 1194 2861 armatorum
1215 2794 1308 2858 milia
1332 2792 1424 2860 velut
1446 2816 1526 2880 grex
1549 2798 1714 2864 venalium
1737 2803 1826 2867 exuli
1850 2808 1987 2872 Antonio

795 2906 877 2970 dono
901 2899 1073 2968 darentur?
1097 2907 1166 2965 octo
1190 2902 1347 2965 nimirum
1366 2900 1509 2985 legiones
1530 2906 1624 2968 unius
1644 2905 1753 2971 classis
1774 2913 1984 2977 accessionem

797 3009 878 3077 fore!
905 3008 940 3072 ld
964 3009 1079 3085 Basso,
1103 3007 1137 3071 id
1162 3005 1314 3074 Caecinae
1337 3004 1486 3072 visumi''

840 3118 942 3197 Quam
967 3115 1101 3200 pulchra
1124 3120 1171 3179 est
1193 3114 1269 3178 haec
1293 3120 1527 3179 structurarum
1551 3120 1822 3204 varietas,apuam
1845 3129 1987 3209 graviter

792 3222 952 3299 lamenta,
993 3221 1136 3285 militum
1176 3241 1276 3297 nunc,
1315 3226 1480 3304 tamquam
1515 3224 1601 3288 iusta
1634 3227 1752 3303 oratio,
1790 3226 1986 3295 clauduntur

796 3332 989 3416 gravissimo
1012 3326 1069 3391 illo
1093 3328 1128 3389 id
1140 3364 1180 3374 -
1193 3323 1304 3389 cisum!

840 3436 881 3499 H.
915 3434 971 3510 ΙΙΙ,
1003 3433 1056 3496 84.
1089 3432 1168 3496 Post
1198 3430 1303 3495 multa
1333 3432 1372 3495 ad
1404 3432 1516 3497 urbem
1547 3439 1579 3499 et
1609 3436 1642 3498 iu
1670 3438 1739 3520 ipsa
1763 3439 1845 3505 urbe
1869 3442 1984 3527 proelia

794 3541 922 3605 tandem
947 3538 1092 3603 Flaviani
1112 3545 1214 3602 castra
1234 3540 1392 3621 praetoria
1411 3539 1644 3624 aggrediuntur
1664 3544 1814 3608 omnibus
1835 3547 1984 3613 adhibitis

794 3647 901 3722 rebus,
926 3646 1042 3730 quibus
1064 3642 1280 3708 validissimae
1304 3642 1407 3708 solent
1430 3648 1609 3729 oppugnari
1633 3646 1743 3712 urbes:

841 3751 980 3829 „Contra
1012 3748 1193 3824 Vitelliani,
1225 3769 1421 3833 quamquam
1445 3771 1579 3815 numero
1603 3750 1731 3836 fatoque
1755 3753 1920 3840 dispares,
1944 3762 1985 3823 in·

793 3860 935 3942 quietare
957 3857 1140 3930 victoriam,
1162 3857 1280 3918 morari
1299 3875 1424 3938 pacem,
1446 3856 1555 3919 domos
1575 3875 1706 3942 arasque
1719 3879 1832 3925 cruore
1845 3863 1983 3943 foedare;

792 3983 941 4047 suprema
964 3963 1058 4025 victis
1083 3958 1199 4023 solacia
1222 3958 1529 4043 amplectebantur.”

838 4067 890 4131 Sic
914 4070 947 4130 in
971 4064 1164 4130 editionibus
1188 4064 1410 4150 distinguitur,
1436 4071 1600 4151 tamquam
1625 4070 1652 4131 si
1678 4073 1741 4132 tros
1764 4068 1913 4138 diversae
1938 4096 1984 4140 res

792 4195 811 4239 a
839 4172 1019 4236 Vitellianis
1048 4177 1193 4256 peractae
1225 4178 1461 4248 enumerentur,
1495 4194 1513 4235 a
1544 4173 1660 4256 quibus
1682 4176 1923 4260 seiungendum
1947 4184 1985 4243 sit

795 4279 882 4343 istud
902 4301 1039 4359 artpremc
1057 4278 1144 4340 oictr'a
1162 4278 1276 4340 solacio
1295 4277 1543 4357 amplectebantur
1562 4325 1659 4341 .....
1680 4279 1764 4362 quod
1781 4282 1830 4346 ita
1843 4305 1983 4349 seorsum

793 4389 937 4473 positum
960 4391 1016 4448 aut
1039 4404 1167 4447 sensum
1192 4384 1285 4447 habet
1311 4382 1437 4446 nullum
1461 4389 1517 4446 aut
1540 4382 1632 4467 plane
1655 4385 1839 4453 obscurum.
1865 4390 1983 4455 Verum

792 4494 969 4557 arctissime
991 4488 1151 4575 iungenda
1176 4496 1251 4553 sunt
1273 4488 1442 4572 inquietare
1461 4488 1614 4551 victoriam
1633 4492 1745 4552 nrorcri
1759 4514 1884 4572 pacem:
1906 4497 1982 4560 iudi-

792 4600 880 4662 cium
904 4597 954 4659 his
979 4596 1084 4659 verbis
1107 4597 1268 4679 scriptoris
1293 4597 1473 4659 continetur
1497 4594 1535 4658 de
1560 4595 1719 4660 militibus
1739 4596 1982 4667 defendentibus

790 4705 887 4767 etiam
911 4706 1012 4766 castra
1035 4721 1091 4764 nec
1113 4703 1223 4764 statim
1247 4721 1282 4764 eo
1307 4702 1441 4764 victores
1461 4702 1704 4785 recipientibus;
1722 4709 1855 4771 auctore
1874 4705 1981 4773 Tacito

788 4855 982 4864 *Ὀφ--..-

822 4933 983 4993 illusorium
1001 4950 1015 4983 a
1032 4934 1140 4991 Rittcro,
1159 4934 1222 4981 baud
1240 4933 1338 4982 dubium
1355 4933 1413 4996 quin
1432 4936 1502 4981 recte.
