5125 6150
742 884 745 890 ν
798 840 863 908 170
1230 858 1550 908 onsmvsrmnoonm

795 1029 915 1092 tereto
929 1027 962 1107 ¹),
982 1025 1114 1114 proinde
1131 1024 1223 1091 doeet
1242 1028 1274 1091 et
1292 1047 1345 1104 ee,
1365 1047 1444 1112 quae
1463 1029 1608 1114 proxime
1628 1027 1861 1104 exsoribebem,
1880 1029 1979 1092 inter·

794 1133 901 1220 polan
930 1155 997 1199 esee
1010 1130 1047 1213 ²),
1072 1134 1104 1198 81
1124 1131 1146 1198 L
1172 1131 1215 1197 29
1238 1132 1277 1198 D.
1303 1132 1369 1198 9.4
1392 1135 1459 1213 (sed
1480 1134 1550 1197 hoie
1572 1156 1686 1198 neeesse
1705 1141 1748 1197 eet
1766 1135 1815 1197 ise
1832 1156 1916 1197 esem
1935 1135 1980 1197 od

794 1247 918 1304 mmm
937 1241 1105 1326 troiuserre
1117 1239 1248 1322 perinde
1266 1262 1302 1302 oe
1319 1240 1347 1303 ei
1365 1242 1522 1303 doremm
1541 1247 1627 1320 esset)
1648 1242 1680 1305 et
1698 1238 1777 1304 132
1798 1239 1837 1305 D.
1850 1237 1881 1304 9.
1896 1237 1916 1303 4
1933 1245 1979 1319 (et

793 1347 822 1411 ei
835 1369 980 1429 praesens
999 1354 1042 1410 eet
1061 1347 1196 1410 domim
1214 1347 1337 1411 tradere
1357 1345 1482 1425 (Leneh
1506 1347 1687 1429 resapere)
1710 1369 1774 1410 eure
1797 1353 1826 1409 et
1848 1348 1885 1409 de
1908 1346 1978 1409 dolo

793 1452 871 1516 molo
901 1452 1071 1534 promittere
1101 1452 1215 1532 debet),
1238 1473 1296 1517 neo
1315 1452 1542 1517 animadvertit
1563 1455 1597 1516 in
1620 1472 1714 1542 oense
1735 1471 1862 1516 manere
1884 1448 1906 1515 l.
1932 1450 1978 1516 22

793 1557 853 1644 §3
884 1557 922 1623 D.
947 1556 977 1625 9.
991 1556 1029 1622 4:
1060 1559 1195 1622 domim
1225 1558 1279 1643 qui
1301 1581 1415 1622 emere
1437 1559 1471 1621 io
1494 1582 1549 1622 ereo
1565 1565 1715 1640 potestate
1737 1580 1797 1622 esee
1820 1559 1978 1641 confitetur

793 1672 847 1729 out
876 1665 1012 1728 exhibere
1034 1687 1098 1728 eum
1120 1665 1204 1728 debet
1226 1671 1280 1727 oret
1302 1665 1447 1728 Moenum
1469 1666 1649 1751 defendere,
1673 1665 1752 1749 quod
1772 1663 1833 1727 aiei
1848 1663 1977 1748 faeiat,

793 1772 927 1856 punitur
939 1767 964 1849 ³)
987 1777 1105 1855 atque
1126 1771 1162 1833 ei
1177 1778 1431 1852 praesentem
1453 1792 1574 1833 noeoe
1599 1793 1672 1834 eon
1694 1769 1865 1833 dederit.
1889 1768 1978 1856 Ergo

792 1878 924 1962 propius
953 1881 1002 1940 est
1031 1882 1070 1940 ut
1100 1877 1299 1954 existimem,
1331 1875 1601 1960 quemadmodum
1624 1877 1785 1941 existimet
1808 1871 1925 1941 Girsrd
1939 1873 1978 1956 ⁴),

792 1987 869 2046 tuno
903 2002 965 2047 non
999 1983 1071 2067 engi
1105 1981 1272 2047 dominum
1301 1981 1354 2048 vel
1385 1988 1623 2068 procuratorem
1654 1979 1814 2062 domini⁵)
1844 2001 1977 2046 servum

791 2089 989 2173 mancipare,
1013 2108 1115 2172 quum
1137 2094 1226 2154 ector
1244 2087 1358 2153 duoers
1377 2093 1543 2153 contentus
1563 2091 1614 2152 sit.
1639 2087 1786 2152 Absentis
1800 2085 1826 2166 ⁰)
1845 2089 1977 2153 nomine

791 2192 905 2259 noxale
934 2193 1092 2258 iudicium
1121 2195 1279 2278 suscipere
1312 2214 1373 2259 non
1397 2193 1531 2272 suffieit,
1555 2195 1618 2257 nisi
1640 2200 1713 2258 ente
1736 2192 1884 2258 dominns
1903 2214 1977 2259 oon·

791 2299 920 2365 fitentur
948 2322 1063 2363 eorum
1090 2299 1124 2363 in
1150 2322 1206 2363 seo
1231 2307 1383 2383 potestate
1412 2322 1472 2363 eene
1484 2299 1520 2379 ⁷),
1544 2299 1577 2363 id
1600 2306 1649 2364 est
1671 2320 1689 2364 a
1713 2321 1746 2365 se
1767 2299 1925 2385 possideri
1938 2298 1976 2382 ⁸),

790 2405 874 2472 velet
904 2408 991 2472 enim
1022 2405 1060 2472 de
1089 2405 1258 2472 noxalibus
1288 2406 1483 2482 actionibus,
1515 2405 1598 2491 qnod
1627 2403 1805 2492 legimus&
1829 2408 1912 2471 circe
1936 2406 1976 2472 de

790 2511 915 2599 peculio
934 2515 1107 2577 actionem:
1127 2517 1214 2592 ψη)
1232 2512 1327 2593 maore
1346 2511 1507 2576 dominium
1525 2534 1671 2576 servorum
1691 2535 1752 2576 esee
1770 2514 1975 2594 spectandum,

790 2641 877 2704 quom
900 2619 1086 2703 facultates
1115 2619 1242 2682 habendi
1272 2640 1336 2696 eos,
1367 2618 1573 2703 quemobrem
1605 2618 1641 2682 fit
1665 2625 1703 2682 ut
1725 2617 1830 2683 noxali
1852 2618 1974 2684 iudicio

789 2745 852 2788 non
883 2729 1029 2789 teneatur
1059 2723 1224 2801 dominus,
1255 2726 1347 2789 ouius
1379 2744 1489 2788 servus
1521 2729 1607 2804 (ooo)
1638 2725 1722 2806 opud
1751 2730 1841 2803 (eom)
1866 2724 1909 2787 eit
1924 2723 1974 2804 ¹⁰),

789 2829 844 2894 sed
874 2828 927 2895 vel
954 2830 1039 2915 apud
1069 2828 1170 2894 elium
1198 2850 1409 2915 possessorem
1424 2829 1462 2910 ¹¹)
1485 2828 1537 2894 vel
1559 2829 1593 2893 ie
1607 2831 1693 2916 suos
1706 2829 1757 2909 1²),
1781 2850 1819 2894 ex
1843 2829 1973 2896 diverso

795 2997 987 3010 „-

823 3091 849 3155 1)
867 3090 922 3139 Non
939 3089 1062 3139 isudnmns
1078 3087 1096 3137 1.
1110 3088 1142 3138 88
1157 3089 1193 3150 18
1207 3088 1237 3139 D.
1252 3089 1276 3138 8.
1285 3090 1310 3146 4,
1323 3087 1380 3152 quis
1393 3102 1448 3137 mox
1461 3087 1496 3138 ibi
1508 3088 1689 3139 esnosllebimm
1702 3091 1739 3140 ool
1750 3089 1823 3140 aian
1832 3097 1971 3154 praesente.

821 3173 848 3234 8)
864 3172 901 3220 Ab
918 3171 944 3220 iu
960 3187 989 3221 ea
1004 3185 1076 3219 meo
1093 3186 1130 3219 ree
1146 3175 1183 3220 eet
1199 3186 1259 3235 quse
1275 3173 1414 3235 sequuntur.

821 3254 850 3320 8)
867 3254 995 3320 Seripeerit
1011 3268 1103 3303 nmesee
1119 3260 1154 3302 est
1172 3252 1273 3305 Pnnlno:
1291 3253 1395 3304 duriter.
1414 3252 1451 3301 Ct.
1468 3252 1486 3305 l.
1504 3252 1536 3301 le
1553 3254 1589 3316 18
1607 3256 1636 3304 D.
1654 3252 1694 3306 47.
1705 3254 1743 3303 10.

820 3340 849 3400 4)
865 3336 967 3386 Ποιναὶ
982 3336 1068 3396 (1801)
1085 3352 1108 3402 p.
1127 3335 1200 3388 67⁶⁵.

820 3421 846 3483 8)
866 3421 900 3468 De
921 3421 1076 3484 proenrstore
1098 3421 1133 3466 eet
1155 3418 1171 3466 l.
1190 3420 1220 3467 88
1240 3420 1269 3466 D.
1288 3419 1309 3468 8.
1322 3420 1344 3467 8.
1363 3419 1428 3469 Hnie
1444 3418 1577 3483 imponitur
1593 3419 1672 3467 enutio
1689 3424 1768 3468 roten
1785 3434 1833 3468 rem
1849 3421 1969 3472 doniam

786 3502 934 3559 emm..
952 3515 982 3551 ne
998 3505 1079 3565 poetes
1095 3500 1204 3549 dominns
1221 3499 1316 3550 restitui
1334 3500 1377 3551 sibi
1395 3501 1501 3567 postulet
1517 3500 1684 3551 detonsionem.
1702 3502 1852 3565 Consequens
1869 3507 1905 3551 eet
1921 3503 1969 3569 ipsi

786 3583 883 3633 domino
900 3583 1059 3633 defensionem
1077 3597 1126 3632 nen
1144 3582 1238 3632 restitui
1255 3582 1306 3631 eins
1322 3599 1392 3648 quern
1410 3583 1463 3633 (inci
1480 3583 1764 3649 pessmsit,11roindel.
1779 3584 1811 3632 88
1826 3584 1863 3644 18
1879 3586 1909 3634 D.
1919 3586 1968 3633 84

785 3664 936 3715 esnoellsnds
953 3681 1002 3713 esse
1018 3667 1056 3715 oet
1069 3664 1142 3715 πίω
1157 3669 1288 3729 prumte.

820 3748 847 3809 8)
864 3746 948 3805 Iaenel,
965 3748 1058 3796 Zteehr.
1074 3749 1117 3797 der
1133 3748 1236 3797 Sao-sit.
1256 3746 1299 3796 XX
1316 3763 1339 3813 p.
1360 3748 1388 3797 8:
1410 3765 1475 3798 »soor
1489 3750 1531 3797 der
1548 3750 1631 3797 Solone
1649 3748 1674 3796 in
1692 3747 1743 3796 inre
1759 3748 1927 3812 qeqenndrtr'q,
1943 3766 1969 3799 eo

786 3830 832 3881 tat
847 3828 886 3880 die
901 3831 978 3893 Fraoe
992 3846 1024 3878 au
1042 3831 1087 3879 den
1105 3830 1195 3894 (ἔφη
1211 3829 1249 3879 ‘en
1267 3843 1364 3880 servum
1380 3829 1406 3879 in
1422 3833 1539 3896 potestate
1556 3830 1650 3879 hebent'
1667 3830 1748 3879 isim
1765 3828 1850 3879 stuf’

819 3911 847 3977 7)
870 3913 898 3961 1.
914 3912 947 3960 88
969 3913 1004 3973 18
1027 3912 1056 3960 D.
1076 3912 1124 3961 84
1147 3912 1187 3972 (ot.
1210 3912 1227 3961 l.
1246 3916 1269 3971 8,
1292 3912 1309 3963 l.
1328 3913 1359 3961 18
1384 3929 1428 3978 pr,
1452 3913 1469 3965 1.
1487 3913 1517 3966 17
1542 3914 1571 3961 D.
1591 3914 1627 3962 11,
1638 3913 1668 3973 1).
1696 3913 1830 3975 Negevernt
1848 3913 1924 3963 Ienel
1942 3915 1968 3964 in

786 3995 863 4045 edicto
880 3998 911 4060 (p.
932 3991 987 4051 187.
1004 4010 1028 4058 p.
1045 3998 1102 4053 xm)
1117 3994 1190 4042 telem
1207 4009 1256 4042 esse
1273 3994 1500 4058 interrogationem,
1517 3995 1579 4059 qnod
1597 3993 1662 4043 nltro
1680 3993 1794 4042 cnnoellst
1810 3995 1846 4043 im
1872 3995 1967 4045 Zteekr.

785 4078 827 4127 der
850 4078 949 4127 Sao-St.
973 4075 1016 4125 XX
1037 4092 1061 4142 p.
1079 4076 1102 4128 7.
1127 4076 1190 4139 Ergo
1207 4092 1250 4140 pro
1267 4076 1403 4126 esneellstis
1420 4077 1493 4126 etiem
1511 4076 1617 4125 habende
1634 4080 1702 4135 sunt,
1718 4091 1778 4140 qnne
1795 4076 1925 4141 seripserst
1941 4078 1967 4127 in

785 4160 863 4209 edicto
888 4175 912 4225 p.
931 4159 993 4210 lite
1019 4158 1159 4208 ,modu
1175 4159 1218 4207 der
1237 4160 1327 4223 Oeqner
1343 4159 1382 4208 die
1398 4158 1537 4223 Marion,
1554 4175 1580 4207 eo
1596 4160 1683 4208 emto
1699 4174 1723 4207 ee
1740 4157 1791 4208 den
1807 4158 1899 4222 thoer
1915 4160 1971 4209 retr

782 4240 931 4306 oteiohoittio
954 4240 1004 4290 rein
1024 4241 1052 4289 ot
1068 4242 1140 4306 jener
1161 4240 1236 4289 &aare
1252 4239 1309 4290 oder
1324 4238 1416 4297 nieht,’'
1435 4256 1508 4304 quum
1524 4240 1577 4289 ideo
1594 4240 1730 4289 introducto
1746 4239 1778 4288 sit
1795 4239 1970 4303 interrogetio,

785 4339 816 4373 ne
832 4323 919 4373 indicio
936 4326 1044 4387 smoepto
1060 4326 1130 4387 neget
1147 4321 1266 4388 possidere
1283 4337 1315 4371 ee.
1333 4321 1501 4373 Absolveretnr
1518 4322 1582 4371 enim
1598 4322 1626 4387 (1.
1644 4322 1676 4371 88
1696 4321 1727 4371 D.
1747 4323 1804 4381 84,
1819 4321 1849 4370 ot.
1864 4321 1881 4370 l.
1896 4323 1970 4388 Dpr,

785 4406 803 4457 l.
823 4406 894 4466 17,1.
914 4407 944 4454 18
962 4406 994 4455 D.
1010 4406 1089 4465 44.2;
1107 4404 1123 4453 1.
1140 4406 1156 4453 8
1173 4420 1209 4470 pr.
1227 4403 1257 4452 D.
1275 4405 1316 4454 48.
1327 4406 1359 4467 8).

820 4490 847 4546 8)
865 4489 891 4537 1.
911 4489 944 4537 88
963 4490 989 4536 1).
1009 4487 1030 4536 8.
1040 4490 1064 4537 4.

819 4571 847 4633 8)
864 4571 891 4619 1..
910 4570 922 4617 1
941 4569 977 4630 18
995 4570 1016 4617 D
1041 4569 1079 4618 le.
1091 4568 1113 4617 l.
1136 4569 1192 4617 Non
1214 4571 1294 4617 temen
1317 4571 1353 4617 eet
1370 4568 1399 4617 de
1416 4568 1509 4634 peculio
1526 4568 1627 4618 sotionis
1644 4568 1739 4618 nomine
1758 4568 1918 4631 interrogetis
1936 4586 1970 4618 u

785 4650 810 4699 ie
825 4656 944 4715 putatote
960 4651 1045 4701 hobed
1062 4651 1089 4712 (1.
1108 4651 1174 4713 818
1192 4650 1222 4700 D.
1242 4651 1280 4699 11.
1291 4652 1324 4711 1).

820 4733 863 4796 10)
886 4734 911 4782 L.
929 4733 945 4787 7
968 4749 1013 4799 pr,
1029 4734 1047 4782 1.
1064 4734 1097 4783 88
1115 4735 1143 4782 D.
1162 4733 1184 4782 8.
1194 4736 1218 4782 4.
1244 4732 1318 4781 Puer
1334 4733 1431 4797 quidem
1450 4734 1559 4783 Knrlows
1576 4732 1752 4798 (Rechtsqeech.
1768 4731 1794 4782 11
1813 4734 1825 4781 l
1845 4748 1869 4797 p.
1888 4732 1968 4799 1178)

786 4810 811 4860 in
828 4811 871 4861 heo
887 4816 963 4864 altero
979 4814 1008 4878 (1.
1027 4814 1071 4879 88)
1088 4803 1243 4881 proprietatis
1258 4830 1353 4865 oseem
1370 4816 1450 4881 potins
1467 4816 1575 4879 speoteri.

823 4892 905 4955 11)1ι.
926 4895 955 4944 ll
974 4897 1003 4946 D.
1022 4895 1078 4944 88.

820 4973 863 5033 18)
880 4974 900 5021 Ia
925 4975 1355 5045 81181).8.4(ω1μνῳη);1.
1375 4978 1460 5042 1718
1480 4977 1606 5043 Dim,
1625 4978 1782 5030 mainel
1803 4976 1864 5041 187.
