5125 6150
800 787 865 853 130
1297 808 1470 856 sonamus.

799 989 917 1051 equus,
942 969 1019 1040 ciale
1042 967 1135 1040 ἵππος
1150 969 1184 1047 ¹),
1209 975 1265 1054 qui
1288 970 1409 1035 Priami
1431 972 1503 1035 urbi
1526 976 1698 1057 perniciem
1718 981 1766 1038 est
1783 973 1932 1039 illaturus
1944 977 1981 1054 2).

797 1073 868 1157 Ipse
892 1075 1059 1158 Neptunus
1083 1077 1249 1140 moenibus
1273 1076 1351 1140 olim
1377 1098 1446 1140 eam
1471 1081 1572 1141 cinxit
1585 1077 1625 1157 ³):
1650 1087 1722 1163 post
1742 1085 1842 1143 certas
1861 1081 1981 1145 hiemes

797 1200 897 1263 equus
909 1200 927 1243 a
939 1180 1087 1264 Neptuno
1100 1184 1217 1245 missus
1230 1190 1385 1246 venturus
1398 1192 1446 1246 est
1458 1190 1496 1246 ut
1508 1204 1544 1247 ea
1556 1183 1660 1248 diruat
1670 1205 1678 1259 ;
1693 1187 1738 1247 sic
1749 1185 1814 1248 fata
1826 1185 1933 1248 ferunt
1946 1185 1981 1263 ⁴).

797 1283 887 1347 Mare
912 1285 1076 1348 tutabatur
1100 1285 1226 1350 'l’roiam
1250 1286 1405 1370 quamdiu
1428 1289 1564 1352 navibus
1589 1309 1644 1371 per
1667 1290 1747 1353 freta
1772 1310 1832 1352 uon
1856 1291 1981 1356 ibatur:

797 1394 831 1451 at
852 1388 938 1453 idem
962 1410 1048 1453 mare
1072 1390 1197 1454 hostem
1220 1400 1268 1454 est
1291 1390 1465 1455 allaturum
1489 1412 1569 1456 nave
1592 1393 1788 1478 praedatoria
1811 1402 1951 1457 vectum.

841 1492 903 1557 Sed
927 1493 1004 1557 dum
1027 1516 1084 1579 per
1106 1495 1226 1560 multas
1249 1495 1418 1560 hominum
1442 1503 1560 1562 aetates
1584 1501 1685 1581 prisca
1705 1498 1769 1562 tela
1787 1502 1879 1562 novis
1898 1498 1984 1562 iden-

796 1598 897 1662 tidem
921 1598 1077 1663 coloribus
1100 1600 1313 1686 distinguitur
1336 1609 1369 1666 et
1387 1640 1427 1651 —
1449 1602 1622 1667 seeundum
1642 1603 1776 1667 Hesiodi
1795 1602 1877 1667 illud
1896 1625 1984 1689 prae-

795 1710 923 1787 ceptum
959 1703 999 1767 ad
1034 1704 1153 1789 frigora
1185 1726 1203 1769 a
1233 1727 1361 1790 corpore
1392 1707 1524 1771 arcenda
1553 1744 1595 1755 -
1625 1727 1695 1771 raro
1726 1710 1858 1771 stamini
1888 1708 1983 1772 densa

796 1808 1001 1892 densioraque
1032 1830 1157 1893 semper
1185 1813 1370 1874 inseruntur
1399 1812 1580 1876 subtemina
1588 1834 1595 1888 ;
1630 1850 1672 1860 —
1704 1812 1780 1876 dum
1817 1815 1983 1896 perspicua

796 1912 985 1998 simplicitas
1015 1913 1140 1978 fabulae
1172 1918 1355 1997 primitivae
1378 1915 1512 1981 molesta
1535 1938 1640 1980 rerum
1664 1917 1856 1981 abundantia
1879 1917 1984 1981 obrui·

795 2024 851 2082 tur
858 2039 866 2095 ;
888 2055 930 2065 -
952 2018 1029 2082 dum
1053 2019 1142 2082 nulla
1165 2041 1227 2084 nou
1248 2017 1442 2085 Graecorum
1463 2042 1541 2107 gens
1559 2042 1632 2085 suas
1652 2022 1713 2086 sibi
1732 2028 1837 2107 partes
1857 2021 1983 2107 flagitat

794 2126 828 2187 in
860 2121 943 2187 bello
967 2125 1006 2187 ab
1029 2127 1132 2189 atavis
1155 2123 1332 2201 exantlato,
1356 2133 1388 2189 et
1411 2147 1542 2210 campus
1566 2126 1719 2192 Troianus
1743 2126 1891 2212 oppletur
1914 2125 1982 2190 infi-

794 2231 871 2291 nitis
902 2227 1047 2292 militum
1077 2231 1190 2314 copiis,
1215 2228 1310 2294 littus
1333 2229 1506 2295 Troianum
1531 2231 1629 2296 classe
1652 2234 1775 2317 tegitur
1796 2234 1982 2307 innumera,

796 2333 924 2417 qualem
948 2339 1056 2418 postea
1078 2335 1191 2399 habuit
1214 2335 1353 2412 Xerxes;
1380 2374 1422 2383 —
1451 2335 1529 2400 dum
1561 2342 1663 2400 castra
1692 2339 1868 2421 cinguntur
1898 2334 1983 2399 celso

795 2437 880 2503 vallo
915 2459 988 2503 cum
1024 2440 1165 2503 turribus
1196 2446 1229 2504 et
1258 2441 1526 2526 propugnaculis,
1562 2441 1783 2525 militibusque
1805 2440 1985 2505 induuntur

795 2544 927 2621 loricae;
954 2581 995 2591 -
1021 2545 1099 2608 dnm
1130 2544 1183 2608 Ilii
1216 2566 1270 2609 arx
1302 2545 1422 2631 templo
1453 2546 1637 2622 Minervae,
1663 2545 1821 2631 templum
1844 2544 1982 2630 palladio

796 2649 948 2725 donatur;
975 2649 1118 2713 —dum
1154 2671 1236 2714 nova
1271 2671 1396 2734 semper
1430 2653 1562 2715 inventa
1595 2650 1793 2715 efflorescunt
1828 2658 1860 2713 et
1893 2655 1983 2713 extra

796 2758 891 2842 prisci
911 2757 1059 2819 carminis
1081 2764 1183 2820 artam
1203 2776 1391 2841 compagem
1411 2755 1626 2821 eluxnriantia
1644 2776 1754 2820 omnes
1773 2757 1842 2818 eius
1858 2757 1984 2818 iunctu-

795 2881 846 2925 ras
879 2858 1007 2936 laxant,
1032 2898 1073 2907 -
1099 2861 1228 2925 tandem
1262 2882 1299 2925 eo
1330 2868 1378 2926 est
1407 2869 1598 2947 perventum
1628 2866 1667 2924 ut
1697 2858 1833 2944 simplex
1864 2859 1921 2924 illa
1951 2865 1983 2923 et

796 2963 1010 3049 pulcherrima
1043 2968 1117 3048 equi
1151 2964 1307 3049 Neptunii
1341 2968 1450 3051 imago
1484 2987 1598 3050 parum
1632 2964 1794 3029 intellecta
1823 2986 1886 3028 non
1916 2966 1983 3028 iam

795 3093 852 3136 suo
876 3073 979 3155 pretio
1002 3073 1239 3136 aestimaretur:
1263 3092 1356 3157 passa
1378 3078 1455 3136 tunc
1478 3080 1526 3137 est
1548 3092 1619 3137 eam
1642 3078 1759 3136 sortem
1785 3091 1881 3155 quam
1908 3068 1984 3134 Hei·

831 3345 857 3407 1)
884 3345 978 3408 Operae
1003 3343 1107 3408 pretium
1133 3343 1228 3391 videtur
1253 3343 1388 3401 recordari,
1413 3341 1455 3390 nni
1479 3342 1544 3391 inter
1565 3341 1673 3391 Thetidis
1694 3358 1787 3391 sorores
1810 3342 1888 3404 Hippo
1911 3342 1984 3391 inisse

796 3441 889 3474 nornen.
909 3425 1068 3487 Dignissimus
1085 3428 1164 3473 antem
1181 3425 1222 3487 qni
1237 3425 1372 3473 conferatur
1385 3427 1421 3472 est
1435 3421 1640 3484 πεθρνππθβάμονν
1654 3423 1696 3472 ille
1710 3422 1816 3479 στόλος,
1831 3439 1878 3487 qno
1892 3421 1983 3480 Πέλοψ

797 3504 923 3568 πελάγεσι
941 3503 1092 3568 διεδίφρευσε
1108 3507 1174 3567 (llus.
1193 3507 1235 3555 Or.
1255 3506 1319 3564 3⁰0).

831 3590 858 3651 d)
882 3588 908 3635 si
929 3588 967 3636 cni
990 3588 1069 3636 minua
1091 3588 1122 3636 sit
1150 3603 1300 3651 persuasum,
1323 3588 1413 3652 primos
1435 3595 1515 3652 poetas
1537 3587 1615 3651 epicos
1637 3586 1755 3635 Achillem
1776 3602 1830 3635 cnm
1853 3602 1899 3635 nna
1922 3601 1983 3634 nave

796 3669 891 3718 Troiam
910 3670 1012 3727 misisse,
1029 3685 1099 3718 eausa
1113 3670 1134 3717 ei
1150 3669 1207 3716 haec
1220 3685 1268 3717 esse
1284 3685 1330 3717 non
1346 3669 1428 3717 debeat
1443 3684 1485 3717 cur
1499 3674 1639 3733 aspernetur
1654 3683 1730 3717 meam
1744 3669 1983 3731 argumentationem.

797 3753 860 3800 Nam
884 3751 907 3799 id
929 3752 1024 3815 quidem
1046 3754 1228 3799 consentaneum
1245 3757 1294 3808 est,
1312 3766 1395 3799 navem
1412 3765 1459 3813 qna
1475 3751 1525 3814 ipse
1544 3748 1672 3798 vehebatur
1691 3750 1737 3798 dux
1755 3749 1825 3807 belli,
1842 3748 1887 3805 τὴν
1905 3766 1983 3810 στρα-

796 3829 890 3894 τηγίδα
913 3835 978 3890 ναῦν,
1001 3848 1057 3896 prae
1079 3832 1163 3880 ceteris
1185 3847 1278 3896 semper
1296 3832 1366 3880 inisse
1385 3837 1609 3888 commemoratam,
1628 3832 1693 3894 isque
1711 3831 1847 3879 etiamnunc
1864 3832 1889 3879 in
1906 3831 1982 3881 Iliade

797 3920 878 3962 nostra
895 3912 957 3961 valet
975 3928 1037 3971 moa,
1056 3911 1101 3966 ris
1118 3913 1192 3960 ἵππον
1210 3918 1289 3960 nutem
1307 3914 1409 3960 Graecos
1425 3911 1548 3960 collective
1566 3911 1651 3960 dixisse
1668 3938 1701 3947 —
1718 3911 1746 3958 ad
1764 3912 1871 3974 equitum
1888 3915 1981 3959 turmas

796 3994 960 4057 significandas
977 4021 1010 4030 -
1028 4009 1096 4042 nemo
1119 3994 1199 4043 nescit.
1224 3994 1294 4058 Quod
1312 3995 1340 4041 ad
1360 4009 1397 4042 me
1413 3998 1493 4042 lernen
1511 3993 1615 4050 adtinet,
1634 3992 1694 4041 hanc
1711 3993 1842 4056 explicandi
1862 3993 1979 4041 rationem

795 4093 823 4126 eo
840 4081 934 4125 tanturn
952 4075 1051 4123 consilio
1068 4075 1169 4123 indicavi
1188 4081 1214 4123 nt
1231 4075 1303 4123 claris
1320 4075 1399 4123 verbis
1415 4091 1467 4123 eam
1484 4075 1630 4123 damnarem.

830 4160 858 4221 3)
882 4158 936 4205 vid.
965 4158 1034 4205 Iliad.
1061 4163 1081 4203 Φ
1100 4159 1149 4204 446
1169 4173 1217 4220 sq.;
1241 4157 1269 4204 ad
1295 4157 1357 4205 idern
1384 4157 1518 4205 fabularum
1541 4171 1616 4219 genna
1642 4156 1778 4204 referendus
1803 4159 1839 4203 est
1865 4156 1982 4204 Hercules

793 4241 862 4289 belus
887 4255 900 4288 a
926 4240 1038 4303 Neptuno
1064 4238 1134 4286 missa
1156 4238 1200 4286 sub
1222 4238 1307 4286 'l'roiae
1330 4239 1406 4287 muris
1428 4253 1567 4303 oppressus,
1589 4253 1602 4285 a
1626 4238 1739 4286 Minerva
1762 4241 1842 4285 antem
1859 4241 1978 4292 serratus,

794 4328 815 4369 'r
831 4323 877 4370 las
892 4337 943 4385 sqq.

829 4404 857 4465 4)
884 4404 952 4465 Apud
977 4402 1168 4466 Tryphiodornm
1193 4402 1299 4450 Helenae
1320 4404 1385 4450 vates
1405 4401 1535 4460 Troianus,
1560 4400 1602 4464 qui
1624 4403 1676 4449 arto
1699 4399 1859 4457 Cassandrae,
1884 4400 1980 4448 nomine

796 4482 903 4530 Helenae
926 4484 1014 4533 mirum
1036 4488 1151 4547 qnantnrn
1175 4483 1326 4541 estsimilis,
1344 4483 1440 4531 Graecis
1457 4482 1555 4530 nunciat
1573 4496 1620 4546 qua
1636 4482 1719 4530 frande
1735 4481 1788 4546 capi
1804 4481 1878 4546 possit
1896 4481 1981 4540 Troia,

793 4565 856 4627 apud
879 4564 996 4627 Quintum
1019 4571 1098 4613 autem
1123 4562 1225 4613 Calchas
1247 4575 1331 4613 auctor
1347 4564 1428 4612 existit
1444 4564 1498 4628 eqni
1517 4563 1589 4626 lignei
1606 4563 1750 4611 aedificandi.
1769 4562 1823 4610 ntis
1839 4561 1919 4610 sabula
1937 4563 1983 4610 Pa·

794 4646 924 4702 lamedem,
947 4645 1067 4694 sollertem
1085 4646 1155 4694 illurn
1175 4645 1256 4695 Ulixis
1273 4645 1406 4704 aemulum,
1424 4661 1510 4709 equum
1525 4645 1606 4693 iecisse
1622 4643 1712 4692 ferebat
1730 4643 1758 4692 ab
1776 4659 1865 4707 augure
1883 4643 1982 4706 Prple'de

792 4728 901 4776 edoctum
925 4727 1010 4786 (schol.
1033 4728 1149 4793 Lycophr.
1174 4728 1239 4786 ala).
1267 4728 1344 4776 Etiam
1368 4728 1451 4776 Iliadis
1467 4727 1532 4776 locus
1549 4727 1698 4782 notissimus,
1717 4725 1756 4774 ubi
1775 4725 1874 4774 Calchas
1892 4725 1981 4772 dicitnr

793 4807 890 4857 Achivis
913 4809 975 4857 viam
998 4808 1112 4858 indicasse
1136 4808 1215 4859 stam
1239 4806 1298 4857 llaec
1321 4807 1363 4864 νῦν
1387 4806 1428 4858 διὰ
1451 4805 1606 4868 μαντοσύνην
1628 4811 1660 4870 (Α
1675 4805 1717 4870 71)
1740 4806 1825 4870 dignna
1842 4805 1936 4876 estqui
1954 4806 1979 4860 in

792 4891 931 4939 memoriam
949 4890 987 4939 hic
1007 4895 1109 4938 vocetur.
1138 4899 1140 4904 ’
