5125 6150
771 801 842 877 Ι274
1234 821 1278 868 nu
1301 821 1513 870 sumemus.
1549 770 1552 775 .

819 985 920 1052 Deam
950 1006 1026 1050 vero
1057 987 1256 1050 maritimam
1281 1007 1361 1071 equo
1385 985 1556 1051 vehentem
1580 983 1741 1070 depictam
1764 987 1883 1064 fuisse,
1908 1008 1973 1053 non

772 1098 820 1157 est
851 1092 936 1178 quod
959 1096 1125 1167 miremur,
1151 1094 1303 1177 quoniam
1328 1112 1428 1177 aquus
1453 1091 1515 1156 fuit
1539 1090 1656 1156 fluctus
1681 1096 1836 1158 commoti
1859 1096 1974 1181 imago

772 1199 1007 1282 antiquissima.
1033 1197 1124 1262 Hauc
1148 1198 1188 1262 ob
1212 1219 1341 1263 causam
1366 1220 1520 1262 nummus
1543 1200 1692 1283 ephesius
1707 1199 1730 1278 ¹)
1750 1199 1880 1265 exhibet
1899 1199 1976 1264 Dia-

773 1327 848 1370 nam
871 1308 904 1369 iu
929 1326 1009 1390 equo
1033 1304 1206 1369 sedentem.
1232 1304 1409 1369 Accedebat
1433 1326 1507 1370 sane
1531 1304 1616 1388 quod
1640 1305 1751 1370 eadam
1771 1305 1829 1370 dea
1848 1305 1976 1370 lunaris

772 1413 850 1489 fuit,
883 1411 937 1475 sed
966 1416 998 1475 et
1029 1410 1122 1475 illam
1154 1412 1193 1476 ob
1225 1432 1355 1476 causam
1387 1433 1467 1496 equo
1499 1410 1572 1476 albo
1603 1411 1675 1476 vehi
1701 1411 1824 1476 solebat
1849 1411 1974 1488 Diana,

771 1525 810 1583 ut
834 1521 943 1583 omnia
964 1521 1100 1582 numina
1122 1517 1256 1583 lucifera
1269 1517 1305 1600 ²).
1331 1518 1422 1598 Quod
1445 1518 1485 1582 ad
1508 1520 1642 1582 comites
1665 1520 1734 1582 cius
1758 1521 1892 1596 attinet,
1921 1539 1976 1583 eas

773 1645 898 1710 quoque
922 1625 1033 1690 eadem
1057 1625 1096 1690 ds
1119 1645 1214 1690 causa
1236 1628 1327 1709 equis
1350 1645 1418 1690 essa
1441 1645 1515 1689 usas
1534 1644 1590 1708 per
1609 1645 1643 1689 se
1662 1623 1878 1709 intellegitur.
1903 1624 1978 1691 Iam

772 1731 914 1797 vidimus
937 1751 1035 1796 unam
1056 1731 1171 1796 harum
1190 1731 1410 1817 nympharum
1434 1729 1650 1796 ‘tradidisse
1672 1736 1833 1806 vocatam;
1855 1730 1978 1796 addam

771 1846 881 1904 autem
912 1837 1052 1903 altarum
1074 1840 1299 1907 testimonium
1322 1858 1385 1901 nou
1408 1839 1541 1901 minoris
1566 1839 1671 1921 pretii.
1704 1836 1862 1923 Legimus
1886 1837 1978 1921 apud

773 1945 966 2009 Pausaniam
981 1943 1023 2024 ³):
1056 1944 1165 2022 χωρίον
1196 1942 1373 2022 Ἀρτέμιδος
1406 1943 1457 2007 καὶ
1489 1948 1631 2020 Νυμφῶν
1663 1943 1746 2006 ἐστὶν
1775 1943 1808 2006 αθ
1834 1943 1976 2022 Κάρυαι·

772 2052 879 2130 χοροὺς
909 2048 941 2113 δὲ
974 2049 1106 2113 ἐνταῦθα
1137 2050 1171 2112 αἱ
1206 2049 1455 2126 Λακεδαιμονίων
1487 2047 1624 2125 ταρθθνοι
1656 2049 1741 2113 κατὰ
1773 2048 1839 2120 ἔτος
1864 2050 1976 2114 ἱστῖοσι

773 2154 825 2219 καὶ
848 2157 1006 2235 ἐπιχώριος
1028 2156 1139 2225 αὐταῖς
1160 2153 1347 2227 καθέστηκεν
1368 2152 1502 2233 θρχνρσις.
1527 2153 1683 2219 Referunt
1702 2157 1807 2240 igitur
1827 2157 1977 2241 virgines

770 2260 846 2327 illae
867 2260 1056 2339 Καρυάτιδες
1069 2260 1095 2342 ⁴)
1113 2264 1292 2347 imaginem
1312 2263 1513 2326 Amazonum
1532 2263 1654 2325 circum
1674 2260 1794 2325 Dianae
1813 2260 1978 2346 Ephesiae

771 2390 861 2434 aram
892 2367 1096 2446 saltantium,
1129 2389 1208 2453 quas
1239 2389 1256 2432 e
1283 2366 1474 2434 Callimachi
1498 2367 1645 2432 versibus
1668 2375 1778 2431 uotam
1801 2367 1976 2434 habemus.

772 2472 856 2540 Nam
880 2476 1028 2553 τυρρθχνν
1052 2475 1150 2539 fuisse
1172 2473 1265 2538 illam
1288 2473 1491 2538 saltationem
1514 2472 1675 2537 Lucianus
1689 2473 1714 2553 ³)
1734 2482 1842 2558 aperte
1863 2474 1975 2552 docet3

772 2584 864 2646 cuius
887 2581 964 2644 haec
989 2587 1063 2645 suut
1087 2580 1202 2646 verba:
1228 2579 1466 2655 Λακεδαιμόνιοι
1569 2580 1656 2659 ταρὰ
1681 2579 1894 2652 Πολυδεύκους
1923 2581 1975 2646 καὶ

774 2687 928 2763 Κάστορος
954 2683 1147 2764 καρυατίζειν
1173 2687 1323 2762 μαθόντες
1348 2707 1374 2751 a.
1389 2706 1419 2769 q.
1433 2707 1458 2750 a.

817 2793 939 2857 Eodem
971 2799 1081 2857 autem
1111 2794 1176 2857 ritu
1208 2791 1286 2856 alibi
1318 2812 1445 2877 quoque
1473 2790 1611 2856 Dianam
1634 2797 1667 2855 et
1689 2792 1868 2856 Amazones
1894 2792 1976 2859 cele·

772 2898 878 2964 brasse
896 2897 1047 2962 videntur
1065 2899 1219 2983 virgines.
1241 2897 1320 2962 Erat
1339 2897 1497 2962 Pausania
1517 2903 1597 2961 teste
1610 2896 1636 2973 ⁰)
1656 2896 1787 2981 Spartae
1807 2897 1975 2984 templum

772 3004 932 3091 quoddam
961 3003 1082 3068 Dianae
1112 3025 1256 3082 sacrum,
1288 3005 1344 3068 ubi
1368 3010 1475 3068 sancto
1499 3024 1630 3067 munere
1653 3004 1872 3090 fungebantur
1898 3029 1977 3085 ταρ-

772 3112 846 3176 θθνοι
871 3110 1060 3187 καλούμεναι
1087 3112 1171 3174 κατὰ
1196 3111 1303 3174 ταύτὰ
1327 3117 1397 3182 ταῖς
1422 3114 1504 3181 θεαῖς
1525 3112 1577 3174 καὶ
1599 3107 1692 3175 αὗται
1713 3110 1973 3197 quomodo?

773 3216 993 3287 Αευιιιττθδει.
1018 3214 1253 3297 Quamobrem?
1278 3216 1435 3295 Quoniam
1460 3216 1611 3281 mortales
1630 3219 1768 3301 speciem
1788 3217 1974 3284 referebant

771 3327 987 3400 Amazonum,
1024 3323 1083 3388 hae
1119 3329 1228 3390 autem
1264 3328 1300 3387 ut
1335 3325 1405 3408 ipsa
1439 3322 1506 3386 Dea
1541 3324 1739 3387 vehebantur
1773 3323 1857 3407 equis
1892 3325 1973 3387 aldis

772 3436 925 3515 erantque
952 3467 991 3479 -
1017 3436 1055 3494 ut
1078 3437 1209 3494 utamur
1232 3432 1355 3515 poetico
1378 3429 1474 3495 verbo
1499 3466 1541 3477 —
1567 3450 1660 3493 verae
1685 3430 1886 3494 λευκόπωλον.

817 3537 879 3601 Res
910 3539 979 3621 ipsa
1008 3536 1154 3621 loquitur
1185 3557 1241 3620 pro
1272 3554 1322 3601 se:
1353 3557 1418 3600 uon
1442 3556 1531 3599 secus
1555 3556 1590 3599 ac
1613 3537 1682 3620 ipsa
1706 3534 1808 3599 Diana
1831 3540 1974 3602 comites

771 3646 841 3709 eius
870 3646 952 3707 mari
982 3646 1186 3730 progenitae,
1218 3664 1313 3707 cursu
1344 3642 1510 3706 celerrimo
1533 3662 1662 3726 campos
1685 3647 1717 3706 et
1739 3662 1878 3726 aequora
1904 3666 1974 3729 per-

769 3749 906 3814 lustrare
929 3748 1060 3826 solitae,
1085 3753 1174 3835 equis
1197 3750 1351 3815 vehentes
1374 3748 1474 3833 vulgo
1498 3747 1710 3833 fingebantur.
1736 3748 1836 3811 lirant
1856 3758 1973 3815 autem

716 3939 719 3945 Α
772 3862 914 3921 armatas
937 3863 974 3919 ut
998 3858 1067 3941 ipsa
1091 3856 1157 3920 Dea
1178 3855 1318 3921 lunaris:
1338 3853 1433 3941 peltis
1453 3854 1592 3932 lunatis,
1612 3856 1765 3932 arcubus,
1786 3858 1970 3923 securibus.

772 3960 843 4025 Tali
867 3966 981 4026 ornatu
1005 3962 1124 4026 Amazo

1023 4065 1075 4132 vel
1097 4069 1235 4131 intactae
1258 4069 1378 4153 segetis
1401 4088 1457 4151 per
1481 4088 1608 4132 summa
1632 4065 1754 4131 volarat

908 4175 1056 4260 gramina
1079 4193 1135 4237 nec
1158 4179 1281 4236 teneras
1305 4194 1400 4237 cursu
1425 4172 1569 4238 laesisset
1593 4175 1706 4237 aristas

909 4280 961 4344 vel
985 4300 1072 4344 mare
1095 4300 1151 4365 par
1173 4279 1317 4342 medium
1341 4279 1442 4344 fluctu
1467 4300 1618 4365 suspensa
1642 4281 1784 4342 tumenti

908 4387 1005 4450 ferret
1027 4388 1089 4450 iter
1111 4384 1221 4450 celeris
1244 4405 1302 4449 nec
1325 4387 1488 4470 tingueret
1509 4406 1644 4469 aequora
1667 4384 1802 4469 plantas.

818 4493 972 4562 Ceterum
994 4488 1127 4558 Orosius
1141 4491 1166 4571 ¹)
1188 4494 1311 4577 optimo
1335 4495 1406 4558 iure
1430 4494 1612 4557 observavit
1635 4488 1807 4556 Camillam
1832 4492 1977 4561 Amazo-

810 4693 835 4753 1)
854 4693 966 4740 bliouuet
983 4689 1066 4753 Suppl.
1085 4689 1128 4747 Vl,
1145 4691 1203 4738 435.
1411 4690 1438 4750 2)
1457 4688 1546 4736 Robert
1565 4687 1637 4736 Arch.
1657 4687 1774 4735 Mircbeu
1793 4686 1842 4735 tab.
1862 4687 1915 4739 ΙΙΙ.

809 4771 902 4834 a)111‚
921 4773 961 4829 10,
972 4770 995 4822 7.
1413 4770 1441 4832 4)
1460 4769 1551 4818 Polluc.
1569 4768 1613 4827 IV,
1633 4769 1690 4817 104.

809 4854 836 4916 o)
854 4853 883 4900 dc
899 4852 984 4901 Saltst.
1004 4852 1043 4900 10.
1413 4850 1440 4913 d)
1457 4848 1505 4908 111,
1525 4851 1565 4909 ld,
1579 4852 1601 4898 l.

808 4932 1012 4996 l)1aex.ltocch.
1031 4930 1045 4981 Ῑ
1065 4932 1187 4996 laaoeqq.
