<?xml version="1.0" encoding="UTF-8"?>
<!DOCTYPE html PUBLIC "-//W3C//DTD XHTML 1.0 Transitional//EN"
    "http://www.w3.org/TR/xhtml1/DTD/xhtml1-transitional.dtd">
<html xmlns="http://www.w3.org/1999/xhtml" xml:lang="en" lang="en">
 <head>
  <title>
</title>
<meta http-equiv="Content-Type" content="text/html;charset=utf-8" />
  <meta name='ocr-system' content='tesseract 3.04.00' />
  <meta name='ocr-capabilities' content='ocr_page ocr_carea ocr_par ocr_line ocrx_word'/>
</head>
<body>
  <div class='ocr_page' id='page_1' title='image "./mnemosyne04verdgoog_0110.png"; bbox 0 0 5125 6150; ppageno 0'>
   <div class='ocr_carea' id='block_1_1' title="bbox 1093 805 1775 875">
    <p class='ocr_par' dir='ltr' id='par_1_1' title="bbox 1093 805 1775 875">
     <span class='ocr_line' id='line_1_1' title="bbox 1093 805 1775 875; baseline 0 -2"><span class='ocrx_word' id='word_1_1' title='bbox 1093 825 1274 875; x_wconf 71' lang='lat' dir='ltr'>incasurus.</span> <span class='ocrx_word' id='word_1_2' title='bbox 1407 830 1414 841; x_wconf 90' lang='lat'><em>·</em></span> <span class='ocrx_word' id='word_1_3' title='bbox 1712 805 1775 874; x_wconf 80' lang='lat'>107</span> 
     </span>
    </p>
   </div>
   <div class='ocr_carea' id='block_1_2' title="bbox 592 988 1779 2776">
    <p class='ocr_par' dir='ltr' id='par_1_2' title="bbox 592 988 1779 1693">
     <span class='ocr_line' id='line_1_2' title="bbox 592 988 1778 1078; baseline 0.003 -27"><span class='ocrx_word' id='word_1_4' title='bbox 592 1011 639 1053; x_wconf 84' lang='lat' dir='ltr'>rs.</span> <span class='ocrx_word' id='word_1_5' title='bbox 668 988 734 1054; x_wconf 83' lang='lat'>526</span> <span class='ocrx_word' id='word_1_6' title='bbox 758 1012 838 1075; x_wconf 66' lang='lat' dir='ltr'>sqq,</span> <span class='ocrx_word' id='word_1_7' title='bbox 869 992 925 1056; x_wconf 94' lang='lat' dir='ltr'>ubi</span> <span class='ocrx_word' id='word_1_8' title='bbox 956 990 1041 1057; x_wconf 94' lang='lat' dir='ltr'>idem</span> <span class='ocrx_word' id='word_1_9' title='bbox 1065 998 1292 1078; x_wconf 82' lang='lat' dir='ltr'><strong>argumentum</strong></span> <span class='ocrx_word' id='word_1_10' title='bbox 1316 994 1350 1055; x_wconf 95' lang='lat' dir='ltr'>in</span> <span class='ocrx_word' id='word_1_11' title='bbox 1373 990 1435 1056; x_wconf 91' lang='lat' dir='ltr'>alio</span> <span class='ocrx_word' id='word_1_12' title='bbox 1458 996 1610 1056; x_wconf 86' lang='lat' dir='ltr'>contextu</span> <span class='ocrx_word' id='word_1_13' title='bbox 1634 989 1778 1056; x_wconf 77' lang='lat' dir='ltr'>estella</span> 
     </span>
     <span class='ocr_line' id='line_1_3' title="bbox 594 1096 1776 1183; baseline -0.002 -24"><span class='ocrx_word' id='word_1_14' title='bbox 594 1106 667 1159; x_wconf 90' lang='lat' dir='ltr'>tum</span> <span class='ocrx_word' id='word_1_15' title='bbox 692 1096 731 1161; x_wconf 90' lang='lat' dir='ltr'>de</span> <span class='ocrx_word' id='word_1_16' title='bbox 754 1096 817 1161; x_wconf 91' lang='lat' dir='ltr'>alio</span> <span class='ocrx_word' id='word_1_17' title='bbox 840 1097 986 1174; x_wconf 90' lang='lat' dir='ltr'>homine,</span> <span class='ocrx_word' id='word_1_18' title='bbox 1007 1119 1081 1162; x_wconf 85' lang='lat' dir='ltr'>cunr</span> <span class='ocrx_word' id='word_1_19' title='bbox 1101 1097 1153 1162; x_wconf 88' lang='lat' dir='ltr'>hle</span> <span class='ocrx_word' id='word_1_20' title='bbox 1172 1101 1390 1183; x_wconf 81' lang='lat' dir='ltr'>unusquisque</span> <span class='ocrx_word' id='word_1_21' title='bbox 1410 1097 1447 1162; x_wconf 91' lang='lat' dir='ltr'>de</span> <span class='ocrx_word' id='word_1_22' title='bbox 1467 1118 1524 1162; x_wconf 88' lang='lat' dir='ltr'>auo</span> <span class='ocrx_word' id='word_1_23' title='bbox 1544 1118 1636 1162; x_wconf 90' lang='lat' dir='ltr'>sensu</span> <span class='ocrx_word' id='word_1_24' title='bbox 1651 1097 1776 1161; x_wconf 87' lang='lat' dir='ltr'>iudicet.</span> 
     </span>
     <span class='ocr_line' id='line_1_4' title="bbox 596 1200 1778 1289; baseline 0.001 -26"><span class='ocrx_word' id='word_1_25' title='bbox 596 1200 698 1266; x_wconf 83' lang='lat' dir='ltr'>Verba</span> <span class='ocrx_word' id='word_1_26' title='bbox 722 1223 802 1287; x_wconf 88' lang='lat' dir='ltr'>quae</span> <span class='ocrx_word' id='word_1_27' title='bbox 826 1210 900 1267; x_wconf 92' lang='lat' dir='ltr'>sunt</span> <span class='ocrx_word' id='word_1_28' title='bbox 923 1227 975 1267; x_wconf 88' lang='lat' dir='ltr'>nee</span> <span class='ocrx_word' id='word_1_29' title='bbox 997 1204 1055 1266; x_wconf 80' lang='lat' dir='ltr'>eidi</span> <span class='ocrx_word' id='word_1_30' title='bbox 1078 1204 1153 1266; x_wconf 85' lang='lat' dir='ltr'>enim</span> <span class='ocrx_word' id='word_1_31' title='bbox 1176 1204 1330 1289; x_wconf 81' lang='lat' dir='ltr'>qnieqnnm</span> <span class='ocrx_word' id='word_1_32' title='bbox 1353 1225 1399 1268; x_wconf 89' lang='lat' dir='ltr'>vs.</span> <span class='ocrx_word' id='word_1_33' title='bbox 1423 1201 1486 1270; x_wconf 82' lang='lat'>607</span> <span class='ocrx_word' id='word_1_34' title='bbox 1506 1224 1580 1267; x_wconf 89' lang='lat' dir='ltr'>cum</span> <span class='ocrx_word' id='word_1_35' title='bbox 1599 1201 1778 1267; x_wconf 87' lang='lat' dir='ltr'>anteceden-</span> 
     </span>
     <span class='ocr_line' id='line_1_5' title="bbox 595 1307 1777 1396; baseline 0 -25"><span class='ocrx_word' id='word_1_36' title='bbox 595 1309 681 1372; x_wconf 80' lang='lat' dir='ltr'>tibus</span> <span class='ocrx_word' id='word_1_37' title='bbox 716 1308 827 1374; x_wconf 90' lang='lat' dir='ltr'>eodem</span> <span class='ocrx_word' id='word_1_38' title='bbox 862 1309 955 1374; x_wconf 92' lang='lat' dir='ltr'>modo</span> <span class='ocrx_word' id='word_1_39' title='bbox 989 1316 1063 1374; x_wconf 90' lang='lat' dir='ltr'>sunt</span> <span class='ocrx_word' id='word_1_40' title='bbox 1098 1311 1319 1396; x_wconf 86' lang='lat' dir='ltr'>coniungenda</span> <span class='ocrx_word' id='word_1_41' title='bbox 1349 1316 1443 1395; x_wconf 91' lang='lat' dir='ltr'>atque</span> <span class='ocrx_word' id='word_1_42' title='bbox 1477 1331 1523 1373; x_wconf 70' lang='lat' dir='ltr'>vs,</span> <span class='ocrx_word' id='word_1_43' title='bbox 1549 1307 1613 1373; x_wconf 81' lang='lat'>919</span> <span class='ocrx_word' id='word_1_44' title='bbox 1646 1308 1777 1372; x_wconf 89' lang='lat' dir='ltr'>huiusce</span> 
     </span>
     <span class='ocr_line' id='line_1_6' title="bbox 594 1412 1776 1501; baseline -0.003 -23"><span class='ocrx_word' id='word_1_45' title='bbox 594 1412 670 1478; x_wconf 87' lang='lat' dir='ltr'>libri</span> <span class='ocrx_word' id='word_1_46' title='bbox 690 1436 766 1479; x_wconf 90' lang='lat' dir='ltr'>cum</span> <span class='ocrx_word' id='word_1_47' title='bbox 785 1417 825 1478; x_wconf 95' lang='lat' dir='ltr'>iis</span> <span class='ocrx_word' id='word_1_48' title='bbox 845 1436 924 1501; x_wconf 90' lang='lat' dir='ltr'>quae</span> <span class='ocrx_word' id='word_1_49' title='bbox 944 1415 991 1479; x_wconf 93' lang='lat' dir='ltr'>ibi</span> <span class='ocrx_word' id='word_1_50' title='bbox 1010 1416 1215 1495; x_wconf 89' lang='lat' dir='ltr'>antecedunt;</span> <span class='ocrx_word' id='word_1_51' title='bbox 1236 1416 1491 1481; x_wconf 90' lang='lat' dir='ltr'>subandiendum</span> <span class='ocrx_word' id='word_1_52' title='bbox 1511 1421 1559 1479; x_wconf 89' lang='lat' dir='ltr'>est</span> <span class='ocrx_word' id='word_1_53' title='bbox 1578 1415 1623 1478; x_wconf 84' lang='lat' dir='ltr'>ito</span> <span class='ocrx_word' id='word_1_54' title='bbox 1641 1436 1699 1477; x_wconf 90' lang='lat' dir='ltr'>nen</span> <span class='ocrx_word' id='word_1_55' title='bbox 1718 1419 1776 1490; x_wconf 77' lang='lat' dir='ltr'>eat3</span> 
     </span>
     <span class='ocr_line' id='line_1_7' title="bbox 596 1521 1779 1607; baseline -0.001 -23"><span class='ocrx_word' id='word_1_56' title='bbox 596 1541 651 1585; x_wconf 88' lang='lat' dir='ltr'>nec</span> <span class='ocrx_word' id='word_1_57' title='bbox 683 1521 745 1584; x_wconf 90' lang='lat' dir='ltr'>sibi</span> <span class='ocrx_word' id='word_1_58' title='bbox 778 1524 864 1585; x_wconf 92' lang='lat' dir='ltr'>enim</span> <span class='ocrx_word' id='word_1_59' title='bbox 895 1523 1065 1607; x_wconf 86' lang='lat' dir='ltr'>quisquam</span> <span class='ocrx_word' id='word_1_60' title='bbox 1095 1527 1181 1599; x_wconf 85' lang='lat' dir='ltr'>cett,</span> <span class='ocrx_word' id='word_1_61' title='bbox 1214 1542 1293 1607; x_wconf 89' lang='lat' dir='ltr'>quae</span> <span class='ocrx_word' id='word_1_62' title='bbox 1325 1521 1420 1588; x_wconf 85' lang='lat' dir='ltr'>rerba</span> <span class='ocrx_word' id='word_1_63' title='bbox 1443 1543 1459 1587; x_wconf 89' lang='grc' dir='ltr'>θ</span> <span class='ocrx_word' id='word_1_64' title='bbox 1482 1521 1584 1586; x_wconf 86' lang='lat' dir='ltr'>forma</span> <span class='ocrx_word' id='word_1_65' title='bbox 1607 1522 1779 1585; x_wconf 88' lang='lat' dir='ltr'>sententiae</span> 
     </span>
     <span class='ocr_line' id='line_1_8' title="bbox 595 1625 1132 1693; baseline 0.006 -4"><span class='ocrx_word' id='word_1_66' title='bbox 595 1625 811 1692; x_wconf 89' lang='lat' dir='ltr'>antecedentis</span> <span class='ocrx_word' id='word_1_67' title='bbox 833 1627 926 1693; x_wconf 87' lang='lat' dir='ltr'>facile</span> <span class='ocrx_word' id='word_1_68' title='bbox 950 1632 1132 1692; x_wconf 90' lang='lat' dir='ltr'>sumuntur.</span> 
     </span>
    </p>

    <p class='ocr_par' dir='ltr' id='par_1_3' title="bbox 592 1731 1779 2776">
     <span class='ocr_line' id='line_1_9' title="bbox 640 1731 1779 1819; baseline -0.001 -23"><span class='ocrx_word' id='word_1_69' title='bbox 640 1731 686 1796; x_wconf 88' lang='lat' dir='ltr'>Ut</span> <span class='ocrx_word' id='word_1_70' title='bbox 718 1754 815 1819; x_wconf 91' lang='lat' dir='ltr'>supra</span> <span class='ocrx_word' id='word_1_71' title='bbox 844 1735 909 1797; x_wconf 90' lang='lat' dir='ltr'>iam</span> <span class='ocrx_word' id='word_1_72' title='bbox 936 1736 1046 1799; x_wconf 90' lang='lat' dir='ltr'>monui</span> <span class='ocrx_word' id='word_1_73' title='bbox 1071 1734 1224 1799; x_wconf 77' lang='lat' dir='ltr'>Heinsius</span> <span class='ocrx_word' id='word_1_74' title='bbox 1247 1733 1341 1799; x_wconf 90' lang='lat' dir='ltr'>aliter</span> <span class='ocrx_word' id='word_1_75' title='bbox 1363 1743 1467 1798; x_wconf 88' lang='lat' dir='ltr'>censet</span> <span class='ocrx_word' id='word_1_76' title='bbox 1489 1733 1526 1798; x_wconf 90' lang='lat' dir='ltr'>de</span> <span class='ocrx_word' id='word_1_77' title='bbox 1549 1731 1779 1819; x_wconf 89' lang='lat' dir='ltr'>significatione</span> 
     </span>
     <span class='ocr_line' id='line_1_10' title="bbox 597 1838 1779 1923; baseline -0.003 -20"><span class='ocrx_word' id='word_1_78' title='bbox 597 1840 769 1903; x_wconf 87' lang='lat' dir='ltr'>verborum</span> <span class='ocrx_word' id='word_1_79' title='bbox 804 1860 885 1923; x_wconf 90' lang='lat' dir='ltr'>quae</span> <span class='ocrx_word' id='word_1_80' title='bbox 919 1846 993 1903; x_wconf 92' lang='lat' dir='ltr'>sunt</span> <span class='ocrx_word' id='word_1_81' title='bbox 1025 1863 1140 1903; x_wconf 90' lang='lat' dir='ltr'>nee-</span> <span class='ocrx_word' id='word_1_82' title='bbox 1160 1839 1236 1903; x_wconf 81' lang='lat' dir='ltr'>enim</span> <span class='ocrx_word' id='word_1_83' title='bbox 1269 1862 1316 1904; x_wconf 88' lang='lat' dir='ltr'>vs.</span> <span class='ocrx_word' id='word_1_84' title='bbox 1342 1838 1418 1904; x_wconf 80' lang='lat'>607.</span> <span class='ocrx_word' id='word_1_85' title='bbox 1453 1838 1535 1904; x_wconf 82' lang='lat' dir='ltr'>Sunt</span> <span class='ocrx_word' id='word_1_86' title='bbox 1568 1838 1644 1903; x_wconf 88' lang='lat' dir='ltr'>haec</span> <span class='ocrx_word' id='word_1_87' title='bbox 1677 1839 1779 1922; x_wconf 89' lang='lat' dir='ltr'>ipsius</span> 
     </span>
     <span class='ocr_line' id='line_1_11' title="bbox 595 1944 1779 2031; baseline -0.003 -22"><span class='ocrx_word' id='word_1_88' title='bbox 595 1946 692 2010; x_wconf 81' lang='lat' dir='ltr'>rerba</span> <span class='ocrx_word' id='word_1_89' title='bbox 714 1952 758 2030; x_wconf 92' lang='lat' dir='ltr'>(p.</span> <span class='ocrx_word' id='word_1_90' title='bbox 782 1944 876 2026; x_wconf 84' lang='lat'><strong>137):</strong></span> <span class='ocrx_word' id='word_1_91' title='bbox 903 1945 1108 2031; x_wconf 82' lang='lat' dir='ltr'>„Begrirndet</span> <span class='ocrx_word' id='word_1_92' title='bbox 1133 1946 1210 2011; x_wconf 79' lang='lat' dir='ltr'>wind</span> <span class='ocrx_word' id='word_1_93' title='bbox 1234 1945 1334 2011; x_wconf 85' lang='lat' dir='ltr'>durch</span> <span class='ocrx_word' id='word_1_94' title='bbox 1357 1970 1502 2031; x_wconf 86' lang='lat' dir='ltr'>neqne-</span> <span class='ocrx_word' id='word_1_95' title='bbox 1516 1945 1593 2009; x_wconf 82' lang='lat' dir='ltr'>enim</span> <span class='ocrx_word' id='word_1_96' title='bbox 1616 1944 1704 2007; x_wconf 88' lang='lat' dir='ltr'>nicht</span> <span class='ocrx_word' id='word_1_97' title='bbox 1727 1964 1779 2028; x_wconf 76' lang='lat' dir='ltr'>ge·</span> 
     </span>
     <span class='ocr_line' id='line_1_12' title="bbox 593 2050 1779 2138; baseline -0.003 -22"><span class='ocrx_word' id='word_1_98' title='bbox 593 2052 666 2117; x_wconf 90' lang='lat' dir='ltr'>rade</span> <span class='ocrx_word' id='word_1_99' title='bbox 691 2051 747 2116; x_wconf 89' lang='lat' dir='ltr'>das</span> <span class='ocrx_word' id='word_1_100' title='bbox 771 2050 980 2117; x_wconf 89' lang='lat' dir='ltr'>nnmittelbar</span> <span class='ocrx_word' id='word_1_101' title='bbox 1002 2052 1283 2138; x_wconf 90' lang='lat' dir='ltr'>Vorhergebende,</span> <span class='ocrx_word' id='word_1_102' title='bbox 1314 2052 1447 2117; x_wconf 89' lang='lat' dir='ltr'>sondem</span> <span class='ocrx_word' id='word_1_103' title='bbox 1471 2053 1521 2117; x_wconf 92' lang='lat' dir='ltr'>die</span> <span class='ocrx_word' id='word_1_104' title='bbox 1543 2072 1642 2138; x_wconf 85' lang='lat' dir='ltr'>ganza</span> <span class='ocrx_word' id='word_1_105' title='bbox 1664 2051 1779 2115; x_wconf 90' lang='lat' dir='ltr'>bereits</span> 
     </span>
     <span class='ocr_line' id='line_1_13' title="bbox 594 2154 1777 2244; baseline -0.002 -23"><span class='ocrx_word' id='word_1_106' title='bbox 594 2158 802 2244; x_wconf 88' lang='lat' dir='ltr'>mannigfaoh</span> <span class='ocrx_word' id='word_1_107' title='bbox 825 2158 983 2223; x_wconf 81' lang='lat' dir='ltr'>erhirtete</span> <span class='ocrx_word' id='word_1_108' title='bbox 1005 2158 1124 2235; x_wconf 82' lang='lat' dir='ltr'>These,</span> <span class='ocrx_word' id='word_1_109' title='bbox 1149 2159 1198 2224; x_wconf 92' lang='lat' dir='ltr'>die</span> <span class='ocrx_word' id='word_1_110' title='bbox 1219 2181 1266 2222; x_wconf 87' lang='lat' dir='ltr'>vs.</span> <span class='ocrx_word' id='word_1_111' title='bbox 1289 2157 1352 2223; x_wconf 85' lang='lat'>589</span> <span class='ocrx_word' id='word_1_112' title='bbox 1373 2157 1403 2224; x_wconf 85' lang='lat' dir='ltr'>ff.</span> <span class='ocrx_word' id='word_1_113' title='bbox 1423 2158 1585 2224; x_wconf 87' lang='lat' dir='ltr'>nochmals</span> <span class='ocrx_word' id='word_1_114' title='bbox 1601 2154 1777 2222; x_wconf 88' lang='lat' dir='ltr'>formuliert</span> 
     </span>
     <span class='ocr_line' id='line_1_14' title="bbox 595 2263 1778 2350; baseline -0.001 -23"><span class='ocrx_word' id='word_1_115' title='bbox 595 2264 692 2328; x_wconf 87' lang='lat' dir='ltr'>war&#39;’.</span> <span class='ocrx_word' id='word_1_116' title='bbox 724 2263 821 2328; x_wconf 90' lang='lat' dir='ltr'>Nullo</span> <span class='ocrx_word' id='word_1_117' title='bbox 852 2265 946 2330; x_wconf 91' lang='lat' dir='ltr'>modo</span> <span class='ocrx_word' id='word_1_118' title='bbox 973 2267 1143 2350; x_wconf 89' lang='lat' dir='ltr'>quiequam</span> <span class='ocrx_word' id='word_1_119' title='bbox 1167 2264 1367 2330; x_wconf 82' lang='lat' dir='ltr'>detracturus</span> <span class='ocrx_word' id='word_1_120' title='bbox 1391 2287 1464 2330; x_wconf 92' lang='lat' dir='ltr'>sum</span> <span class='ocrx_word' id='word_1_121' title='bbox 1488 2265 1526 2330; x_wconf 91' lang='lat' dir='ltr'>de</span> <span class='ocrx_word' id='word_1_122' title='bbox 1549 2266 1673 2330; x_wconf 89' lang='lat' dir='ltr'>meritis</span> <span class='ocrx_word' id='word_1_123' title='bbox 1696 2284 1778 2328; x_wconf 89' lang='lat' dir='ltr'>com-</span> 
     </span>
     <span class='ocr_line' id='line_1_15' title="bbox 595 2368 1777 2458; baseline -0.001 -25"><span class='ocrx_word' id='word_1_124' title='bbox 595 2371 746 2434; x_wconf 89' lang='lat' dir='ltr'>mentarii</span> <span class='ocrx_word' id='word_1_125' title='bbox 775 2370 872 2434; x_wconf 93' lang='lat' dir='ltr'>huius</span> <span class='ocrx_word' id='word_1_126' title='bbox 901 2373 964 2434; x_wconf 84' lang='lat' dir='ltr'>viri</span> <span class='ocrx_word' id='word_1_127' title='bbox 988 2371 1180 2448; x_wconf 86' lang='lat' dir='ltr'>doctissimi,</span> <span class='ocrx_word' id='word_1_128' title='bbox 1206 2392 1286 2456; x_wconf 88' lang='lat' dir='ltr'>quae</span> <span class='ocrx_word' id='word_1_129' title='bbox 1309 2377 1341 2436; x_wconf 89' lang='lat' dir='ltr'>et</span> <span class='ocrx_word' id='word_1_130' title='bbox 1363 2392 1481 2458; x_wconf 90' lang='lat' dir='ltr'>magna</span> <span class='ocrx_word' id='word_1_131' title='bbox 1505 2378 1579 2436; x_wconf 90' lang='lat' dir='ltr'>sunt</span> <span class='ocrx_word' id='word_1_132' title='bbox 1602 2376 1635 2435; x_wconf 91' lang='lat' dir='ltr'>et</span> <span class='ocrx_word' id='word_1_133' title='bbox 1656 2368 1777 2444; x_wconf 87' lang='lat' dir='ltr'>multa,</span> 
     </span>
     <span class='ocr_line' id='line_1_16' title="bbox 593 2475 1778 2543; baseline -0.002 -3"><span class='ocrx_word' id='word_1_134' title='bbox 593 2484 735 2541; x_wconf 81' lang='lat' dir='ltr'>attamen</span> <span class='ocrx_word' id='word_1_135' title='bbox 767 2478 904 2542; x_wconf 89' lang='lat' dir='ltr'>arbitror</span> <span class='ocrx_word' id='word_1_136' title='bbox 934 2498 1008 2542; x_wconf 90' lang='lat' dir='ltr'>eum</span> <span class='ocrx_word' id='word_1_137' title='bbox 1037 2480 1071 2542; x_wconf 92' lang='lat' dir='ltr'>in</span> <span class='ocrx_word' id='word_1_138' title='bbox 1099 2499 1237 2543; x_wconf 89' lang='lat' dir='ltr'>errorem</span> <span class='ocrx_word' id='word_1_139' title='bbox 1261 2477 1475 2543; x_wconf 82' lang='lat' dir='ltr'>excusabilem</span> <span class='ocrx_word' id='word_1_140' title='bbox 1498 2478 1655 2543; x_wconf 89' lang='lat' dir='ltr'>incidisse.</span> <span class='ocrx_word' id='word_1_141' title='bbox 1688 2475 1778 2539; x_wconf 90' lang='lat' dir='ltr'>Hanc</span> 
     </span>
     <span class='ocr_line' id='line_1_17' title="bbox 594 2583 1777 2671; baseline -0.002 -24"><span class='ocrx_word' id='word_1_142' title='bbox 594 2585 814 2668; x_wconf 86' lang='lat' dir='ltr'>quaestionem</span> <span class='ocrx_word' id='word_1_143' title='bbox 846 2589 954 2651; x_wconf 90' lang='lat' dir='ltr'>autem</span> <span class='ocrx_word' id='word_1_144' title='bbox 985 2583 1023 2648; x_wconf 90' lang='lat' dir='ltr'>de</span> <span class='ocrx_word' id='word_1_145' title='bbox 1051 2605 1113 2649; x_wconf 84' lang='lat' dir='ltr'>usu</span> <span class='ocrx_word' id='word_1_146' title='bbox 1137 2584 1439 2671; x_wconf 77' lang='lat' dir='ltr'>particulaeetenn‘m</span> <span class='ocrx_word' id='word_1_147' title='bbox 1463 2584 1679 2669; x_wconf 78' lang='lat' dir='ltr'>(nequeenim)</span> <span class='ocrx_word' id='word_1_148' title='bbox 1704 2602 1777 2646; x_wconf 91' lang='lat' dir='ltr'>cum</span> 
     </span>
     <span class='ocr_line' id='line_1_18' title="bbox 592 2688 1469 2776; baseline 0.003 -23"><span class='ocrx_word' id='word_1_149' title='bbox 592 2689 692 2754; x_wconf 90' lang='lat' dir='ltr'>latius</span> <span class='ocrx_word' id='word_1_150' title='bbox 713 2694 839 2775; x_wconf 89' lang='lat' dir='ltr'>pateat,</span> <span class='ocrx_word' id='word_1_151' title='bbox 863 2688 969 2774; x_wconf 90' lang='lat' dir='ltr'>paullo</span> <span class='ocrx_word' id='word_1_152' title='bbox 993 2693 1151 2776; x_wconf 88' lang='lat' dir='ltr'>copiosius</span> <span class='ocrx_word' id='word_1_153' title='bbox 1174 2697 1367 2756; x_wconf 86' lang='lat' dir='ltr'>tractaturus</span> <span class='ocrx_word' id='word_1_154' title='bbox 1387 2712 1469 2756; x_wconf 85' lang='lat' dir='ltr'>sum.</span> 
     </span>
    </p>
   </div>
   <div class='ocr_carea' id='block_1_3' title="bbox 659 3133 1711 3316">
    <p class='ocr_par' dir='ltr' id='par_1_4' title="bbox 659 3133 1711 3316">
     <span class='ocr_line' id='line_1_19' title="bbox 703 3133 1671 3196; baseline 0.004 -16"><span class='ocrx_word' id='word_1_155' title='bbox 703 3134 823 3181; x_wconf 83' lang='lat' dir='ltr'>nrarm</span> <span class='ocrx_word' id='word_1_156' title='bbox 845 3133 1062 3181; x_wconf 74' lang='lat' dir='ltr'>amrmemus</span> <span class='ocrx_word' id='word_1_157' title='bbox 1085 3136 1279 3196; x_wconf 81' lang='lat' dir='ltr'>rmnrnann,</span> <span class='ocrx_word' id='word_1_158' title='bbox 1304 3136 1415 3194; x_wconf 77' lang='lat' dir='ltr'>roano,</span> <span class='ocrx_word' id='word_1_159' title='bbox 1440 3137 1480 3183; x_wconf 85' lang='lat' dir='ltr'>nr</span> <span class='ocrx_word' id='word_1_160' title='bbox 1502 3137 1671 3196; x_wconf 73' lang='lat' dir='ltr'>proruero,</span> 
     </span>
     <span class='ocr_line' id='line_1_20' title="bbox 659 3237 1711 3316; baseline 0.001 -14"><span class='ocrx_word' id='word_1_161' title='bbox 659 3256 757 3303; x_wconf 82' lang='lat' dir='ltr'>onan.</span> <span class='ocrx_word' id='word_1_162' title='bbox 781 3257 845 3302; x_wconf 84' lang='lat' dir='ltr'>uno</span> <span class='ocrx_word' id='word_1_163' title='bbox 867 3244 1035 3316; x_wconf 73' lang='lat' dir='ltr'>stowam,</span> <span class='ocrx_word' id='word_1_164' title='bbox 1059 3257 1123 3303; x_wconf 82' lang='lat' dir='ltr'>nnn</span> <span class='ocrx_word' id='word_1_165' title='bbox 1146 3258 1179 3303; x_wconf 85' lang='lat' dir='ltr'>m</span> <span class='ocrx_word' id='word_1_166' title='bbox 1201 3257 1264 3304; x_wconf 83' lang='lat' dir='ltr'>nra</span> <span class='ocrx_word' id='word_1_167' title='bbox 1288 3258 1381 3316; x_wconf 78' lang='lat' dir='ltr'>rnnr,</span> <span class='ocrx_word' id='word_1_168' title='bbox 1406 3258 1469 3304; x_wconf 75' lang='lat' dir='ltr'>mro</span> <span class='ocrx_word' id='word_1_169' title='bbox 1493 3237 1711 3306; x_wconf 74' lang='lat' dir='ltr'>miramus?</span> 
     </span>
    </p>
   </div>
   <div class='ocr_carea' id='block_1_4' title="bbox 588 3438 1776 4263">
    <p class='ocr_par' dir='ltr' id='par_1_5' title="bbox 588 3438 1776 4263">
     <span class='ocr_line' id='line_1_21' title="bbox 640 3438 1774 3525; baseline 0.002 -24"><span class='ocrx_word' id='word_1_170' title='bbox 640 3438 778 3518; x_wconf 63' lang='lat' dir='ltr'>Marinio,</span> <span class='ocrx_word' id='word_1_171' title='bbox 810 3438 892 3523; x_wconf 87' lang='lat' dir='ltr'>quod</span> <span class='ocrx_word' id='word_1_172' title='bbox 922 3441 1038 3515; x_wconf 86' lang='lat' dir='ltr'>seiam,</span> <span class='ocrx_word' id='word_1_173' title='bbox 1069 3440 1194 3523; x_wconf 90' lang='lat' dir='ltr'>primus</span> <span class='ocrx_word' id='word_1_174' title='bbox 1224 3438 1334 3503; x_wconf 91' lang='lat' dir='ltr'>docuit</span> <span class='ocrx_word' id='word_1_175' title='bbox 1361 3440 1466 3502; x_wconf 83' lang='lat' dir='ltr'>etenim</span> <span class='ocrx_word' id='word_1_176' title='bbox 1490 3439 1666 3525; x_wconf 88' lang='lat' dir='ltr'>significare</span> <span class='ocrx_word' id='word_1_177' title='bbox 1689 3439 1774 3504; x_wconf 92' lang='lat' dir='ltr'>idem</span> 
     </span>
     <span class='ocr_line' id='line_1_22' title="bbox 594 3543 1773 3632; baseline 0.003 -25"><span class='ocrx_word' id='word_1_178' title='bbox 594 3544 659 3608; x_wconf 90' lang='lat' dir='ltr'>fere</span> <span class='ocrx_word' id='word_1_179' title='bbox 682 3551 777 3629; x_wconf 90' lang='lat' dir='ltr'>atque</span> <span class='ocrx_word' id='word_1_180' title='bbox 798 3550 971 3626; x_wconf 81' lang='lat' dir='ltr'>praeterea,</span> <span class='ocrx_word' id='word_1_181' title='bbox 988 3566 1092 3626; x_wconf 81' lang='lat' dir='ltr'>porro.</span> <span class='ocrx_word' id='word_1_182' title='bbox 1116 3544 1250 3629; x_wconf 80' lang='lat' dir='ltr'>Scripsit</span> <span class='ocrx_word' id='word_1_183' title='bbox 1271 3548 1356 3610; x_wconf 91' lang='lat' dir='ltr'>enim</span> <span class='ocrx_word' id='word_1_184' title='bbox 1380 3543 1507 3630; x_wconf 91' lang='lat' dir='ltr'>(Opusc.</span> <span class='ocrx_word' id='word_1_185' title='bbox 1532 3545 1587 3610; x_wconf 86' lang='lat' dir='ltr'>alt.</span> <span class='ocrx_word' id='word_1_186' title='bbox 1608 3567 1678 3632; x_wconf 89' lang='lat' dir='ltr'>pag.</span> <span class='ocrx_word' id='word_1_187' title='bbox 1700 3546 1773 3627; x_wconf 85' lang='lat'>30):</span> 
     </span>
     <span class='ocr_line' id='line_1_23' title="bbox 595 3649 1774 3738; baseline 0.004 -25"><span class='ocrx_word' id='word_1_188' title='bbox 595 3649 709 3727; x_wconf 83' lang='lat' dir='ltr'>„Hanc</span> <span class='ocrx_word' id='word_1_189' title='bbox 727 3654 797 3713; x_wconf 84' lang='lat' dir='ltr'>vim</span> <span class='ocrx_word' id='word_1_190' title='bbox 816 3651 911 3715; x_wconf 88' lang='lat' dir='ltr'>habet</span> <span class='ocrx_word' id='word_1_191' title='bbox 930 3652 1050 3728; x_wconf 79' lang='lat' dir='ltr'>etenim,</span> <span class='ocrx_word' id='word_1_192' title='bbox 1071 3653 1104 3715; x_wconf 88' lang='lat' dir='ltr'>in</span> <span class='ocrx_word' id='word_1_193' title='bbox 1123 3673 1185 3737; x_wconf 93' lang='lat' dir='ltr'>quo</span> <span class='ocrx_word' id='word_1_194' title='bbox 1204 3652 1280 3714; x_wconf 79' lang='lat' dir='ltr'>enim</span> <span class='ocrx_word' id='word_1_195' title='bbox 1299 3652 1436 3716; x_wconf 90' lang='lat' dir='ltr'>refertur</span> <span class='ocrx_word' id='word_1_196' title='bbox 1454 3674 1516 3717; x_wconf 92' lang='lat' dir='ltr'>non</span> <span class='ocrx_word' id='word_1_197' title='bbox 1535 3652 1573 3717; x_wconf 93' lang='lat' dir='ltr'>ad</span> <span class='ocrx_word' id='word_1_198' title='bbox 1593 3656 1774 3738; x_wconf 80' lang='lat' dir='ltr'>proximum</span> 
     </span>
     <span class='ocr_line' id='line_1_24' title="bbox 594 3756 1776 3844; baseline 0.003 -24"><span class='ocrx_word' id='word_1_199' title='bbox 594 3758 742 3841; x_wconf 88' lang='lat' dir='ltr'>superius</span> <span class='ocrx_word' id='word_1_200' title='bbox 775 3765 1022 3843; x_wconf 82' lang='lat' dir='ltr'>argumentum,</span> <span class='ocrx_word' id='word_1_201' title='bbox 1054 3757 1109 3821; x_wconf 89' lang='lat' dir='ltr'>sed</span> <span class='ocrx_word' id='word_1_202' title='bbox 1140 3756 1178 3821; x_wconf 90' lang='lat' dir='ltr'>ad</span> <span class='ocrx_word' id='word_1_203' title='bbox 1209 3763 1314 3822; x_wconf 91' lang='lat' dir='ltr'>totum</span> <span class='ocrx_word' id='word_1_204' title='bbox 1344 3757 1384 3822; x_wconf 87' lang='lat' dir='ltr'>id&#39;</span> <span class='ocrx_word' id='word_1_205' title='bbox 1401 3758 1484 3844; x_wconf 87' lang='lat' dir='ltr'>quod</span> <span class='ocrx_word' id='word_1_206' title='bbox 1508 3762 1704 3844; x_wconf 89' lang='lat' dir='ltr'>propositum</span> <span class='ocrx_word' id='word_1_207' title='bbox 1728 3767 1776 3825; x_wconf 90' lang='lat' dir='ltr'>est</span> 
     </span>
     <span class='ocr_line' id='line_1_25' title="bbox 593 3861 1774 3948; baseline 0.002 -20"><span class='ocrx_word' id='word_1_208' title='bbox 593 3861 633 3928; x_wconf 91' lang='lat' dir='ltr'>ad</span> <span class='ocrx_word' id='word_1_209' title='bbox 666 3862 964 3939; x_wconf 89' lang='lat' dir='ltr'>demonstrandum,</span> <span class='ocrx_word' id='word_1_210' title='bbox 995 3870 1033 3927; x_wconf 94' lang='lat' dir='ltr'>ut</span> <span class='ocrx_word' id='word_1_211' title='bbox 1064 3884 1155 3948; x_wconf 90' lang='lat' dir='ltr'>saepe</span> <span class='ocrx_word' id='word_1_212' title='bbox 1185 3861 1266 3927; x_wconf 93' lang='lat' dir='ltr'>nihil</span> <span class='ocrx_word' id='word_1_213' title='bbox 1290 3884 1387 3947; x_wconf 88' lang='lat' dir='ltr'>paene</span> <span class='ocrx_word' id='word_1_214' title='bbox 1411 3867 1452 3929; x_wconf 93' lang='lat' dir='ltr'>sit</span> <span class='ocrx_word' id='word_1_215' title='bbox 1475 3865 1562 3930; x_wconf 90' lang='lat' dir='ltr'>aliud</span> <span class='ocrx_word' id='word_1_216' title='bbox 1587 3869 1647 3929; x_wconf 89' lang='lat' dir='ltr'>nisi</span> <span class='ocrx_word' id='word_1_217' title='bbox 1664 3888 1774 3948; x_wconf 80' lang='lat' dir='ltr'>porro,</span> 
     </span>
     <span class='ocr_line' id='line_1_26' title="bbox 589 3969 1774 4057; baseline 0.003 -25"><span class='ocrx_word' id='word_1_218' title='bbox 589 3977 767 4052; x_wconf 82' lang='lat' dir='ltr'>praetereo,</span> <span class='ocrx_word' id='word_1_219' title='bbox 791 3974 918 4034; x_wconf 87' lang='lat' dir='ltr'>tantum</span> <span class='ocrx_word' id='word_1_220' title='bbox 941 3969 1023 4055; x_wconf 91' lang='lat' dir='ltr'>qnod</span> <span class='ocrx_word' id='word_1_221' title='bbox 1046 3971 1331 4055; x_wconf 85' lang='lat' dir='ltr'>argumentationis</span> <span class='ocrx_word' id='word_1_222' title='bbox 1354 3970 1544 4057; x_wconf 87' lang='lat' dir='ltr'>significatio</span> <span class='ocrx_word' id='word_1_223' title='bbox 1569 3972 1710 4036; x_wconf 88' lang='lat' dir='ltr'>subest¹’.</span> <span class='ocrx_word' id='word_1_224' title='bbox 1739 3971 1774 4035; x_wconf 92' lang='lat' dir='ltr'>ln</span> 
     </span>
     <span class='ocr_line' id='line_1_27' title="bbox 593 4074 1775 4164; baseline -0.001 -24"><span class='ocrx_word' id='word_1_225' title='bbox 593 4078 674 4140; x_wconf 86' lang='lat' dir='ltr'>serie</span> <span class='ocrx_word' id='word_1_226' title='bbox 704 4077 807 4159; x_wconf 89' lang='lat' dir='ltr'>igitur</span> <span class='ocrx_word' id='word_1_227' title='bbox 837 4082 1101 4161; x_wconf 87' lang='lat' dir='ltr'>argumentorum</span> <span class='ocrx_word' id='word_1_228' title='bbox 1131 4074 1323 4160; x_wconf 90' lang='lat' dir='ltr'>particulam</span> <span class='ocrx_word' id='word_1_229' title='bbox 1356 4078 1461 4140; x_wconf 78' lang='lat' dir='ltr'>etenim</span> <span class='ocrx_word' id='word_1_230' title='bbox 1492 4077 1667 4164; x_wconf 89' lang='lat' dir='ltr'>significare</span> <span class='ocrx_word' id='word_1_231' title='bbox 1699 4077 1775 4140; x_wconf 90' lang='lat' dir='ltr'>dicit</span> 
     </span>
     <span class='ocr_line' id='line_1_28' title="bbox 588 4188 758 4263; baseline 0.006 -20"><span class='ocrx_word' id='word_1_232' title='bbox 588 4188 758 4263; x_wconf 81' lang='lat' dir='ltr'>praeterea.</span> 
     </span>
    </p>
   </div>
   <div class='ocr_carea' id='block_1_5' title="bbox 589 4284 1777 4902">
    <p class='ocr_par' dir='ltr' id='par_1_6' title="bbox 593 4284 1775 4468">
     <span class='ocr_line' id='line_1_29' title="bbox 641 4284 1775 4371; baseline 0 -20"><span class='ocrx_word' id='word_1_233' title='bbox 641 4284 785 4351; x_wconf 82' lang='lat' dir='ltr'>Conferri</span> <span class='ocrx_word' id='word_1_234' title='bbox 814 4287 906 4351; x_wconf 87' lang='lat' dir='ltr'>iubet</span> <span class='ocrx_word' id='word_1_235' title='bbox 927 4284 991 4354; x_wconf 85' lang='lat' dir='ltr'>Oie.</span> <span class='ocrx_word' id='word_1_236' title='bbox 1016 4307 1073 4371; x_wconf 90' lang='lat' dir='ltr'>pro</span> <span class='ocrx_word' id='word_1_237' title='bbox 1098 4285 1196 4351; x_wconf 89' lang='lat' dir='ltr'>Balbo</span> <span class='ocrx_word' id='word_1_238' title='bbox 1220 4285 1294 4370; x_wconf 76' lang='lat'>§24</span> <span class='ocrx_word' id='word_1_239' title='bbox 1318 4292 1350 4351; x_wconf 89' lang='lat' dir='ltr'>et</span> <span class='ocrx_word' id='word_1_240' title='bbox 1370 4286 1429 4366; x_wconf 84' lang='lat'>32;</span> <span class='ocrx_word' id='word_1_241' title='bbox 1454 4287 1540 4351; x_wconf 88' lang='lat' dir='ltr'>Verr.</span> <span class='ocrx_word' id='word_1_242' title='bbox 1566 4285 1612 4351; x_wconf 91' lang='grc' dir='ltr'>ΙΙΙ</span> <span class='ocrx_word' id='word_1_243' title='bbox 1639 4286 1712 4361; x_wconf 86' lang='grc'><strong>178,</strong></span> <span class='ocrx_word' id='word_1_244' title='bbox 1738 4285 1775 4351; x_wconf 90' lang='lat' dir='ltr'>de</span> 
     </span>
     <span class='ocr_line' id='line_1_30' title="bbox 593 4390 1397 4468; baseline -0.001 -12"><span class='ocrx_word' id='word_1_245' title='bbox 593 4391 686 4457; x_wconf 86' lang='lat' dir='ltr'>Finn.</span> <span class='ocrx_word' id='word_1_246' title='bbox 708 4390 724 4455; x_wconf 94' lang='lat'><em>1</em></span> <span class='ocrx_word' id='word_1_247' title='bbox 748 4391 778 4468; x_wconf 88' lang='grc'>3,</span> <span class='ocrx_word' id='word_1_248' title='bbox 803 4390 896 4456; x_wconf 83' lang='lat' dir='ltr'>Tusa.</span> <span class='ocrx_word' id='word_1_249' title='bbox 920 4390 966 4457; x_wconf 93' lang='lat' dir='ltr'>Ill</span> <span class='ocrx_word' id='word_1_250' title='bbox 990 4391 1044 4468; x_wconf 81' lang='lat'>20,</span> <span class='ocrx_word' id='word_1_251' title='bbox 1069 4391 1107 4456; x_wconf 88' lang='lat' dir='ltr'>de</span> <span class='ocrx_word' id='word_1_252' title='bbox 1129 4391 1202 4455; x_wconf 92' lang='lat' dir='ltr'>Nat.</span> <span class='ocrx_word' id='word_1_253' title='bbox 1228 4390 1266 4457; x_wconf 87' lang='lat' dir='ltr'>D.</span> <span class='ocrx_word' id='word_1_254' title='bbox 1290 4391 1321 4456; x_wconf 96' lang='lat' dir='ltr'>Il</span> <span class='ocrx_word' id='word_1_255' title='bbox 1345 4391 1397 4457; x_wconf 85' lang='lat'>77.</span> 
     </span>
    </p>

    <p class='ocr_par' dir='ltr' id='par_1_7' title="bbox 589 4496 1777 4902">
     <span class='ocr_line' id='line_1_31' title="bbox 637 4496 1775 4583; baseline 0 -22"><span class='ocrx_word' id='word_1_256' title='bbox 637 4497 673 4561; x_wconf 91' lang='lat' dir='ltr'>In</span> <span class='ocrx_word' id='word_1_257' title='bbox 705 4501 901 4564; x_wconf 88' lang='lat' dir='ltr'>enarratione</span> <span class='ocrx_word' id='word_1_258' title='bbox 931 4500 948 4583; x_wconf 59' lang='grc' dir='ltr'>ᾗ</span> <span class='ocrx_word' id='word_1_259' title='bbox 970 4498 990 4563; x_wconf 88' lang='grc'><strong>3</strong></span> <span class='ocrx_word' id='word_1_260' title='bbox 1021 4496 1097 4562; x_wconf 91' lang='lat' dir='ltr'>libri</span> <span class='ocrx_word' id='word_1_261' title='bbox 1120 4498 1158 4563; x_wconf 91' lang='lat' dir='ltr'>de</span> <span class='ocrx_word' id='word_1_262' title='bbox 1181 4497 1272 4562; x_wconf 87' lang='lat' dir='ltr'>Finn.</span> <span class='ocrx_word' id='word_1_263' title='bbox 1298 4499 1358 4563; x_wconf 91' lang='lat' dir='ltr'>hoc</span> <span class='ocrx_word' id='word_1_264' title='bbox 1381 4501 1442 4563; x_wconf 90' lang='lat' dir='ltr'>ait:</span> <span class='ocrx_word' id='word_1_265' title='bbox 1470 4496 1647 4582; x_wconf 88' lang='lat' dir='ltr'>„particula</span> <span class='ocrx_word' id='word_1_266' title='bbox 1670 4498 1775 4562; x_wconf 85' lang='lat' dir='ltr'>etenim</span> 
     </span>
     <span class='ocr_line' id='line_1_32' title="bbox 590 4605 1775 4690; baseline -0.001 -21"><span class='ocrx_word' id='word_1_267' title='bbox 590 4606 720 4669; x_wconf 88' lang='lat' dir='ltr'>utimur</span> <span class='ocrx_word' id='word_1_268' title='bbox 752 4627 814 4670; x_wconf 91' lang='lat' dir='ltr'>non</span> <span class='ocrx_word' id='word_1_269' title='bbox 849 4611 915 4669; x_wconf 89' lang='lat' dir='ltr'>tam</span> <span class='ocrx_word' id='word_1_270' title='bbox 950 4626 1025 4669; x_wconf 89' lang='lat' dir='ltr'>cum</span> <span class='ocrx_word' id='word_1_271' title='bbox 1058 4608 1204 4690; x_wconf 84' lang='lat' dir='ltr'>proxima</span> <span class='ocrx_word' id='word_1_272' title='bbox 1234 4605 1477 4679; x_wconf 89' lang='lat' dir='ltr'>confirmamus,</span> <span class='ocrx_word' id='word_1_273' title='bbox 1510 4625 1607 4689; x_wconf 88' lang='lat' dir='ltr'>quam</span> <span class='ocrx_word' id='word_1_274' title='bbox 1637 4627 1709 4670; x_wconf 91' lang='lat' dir='ltr'>enm</span> <span class='ocrx_word' id='word_1_275' title='bbox 1741 4607 1775 4669; x_wconf 94' lang='lat' dir='ltr'>in</span> 
     </span>
     <span class='ocr_line' id='line_1_33' title="bbox 591 4710 1776 4797; baseline -0.002 -22"><span class='ocrx_word' id='word_1_276' title='bbox 591 4713 745 4776; x_wconf 86' lang='lat' dir='ltr'>universa</span> <span class='ocrx_word' id='word_1_277' title='bbox 775 4714 1051 4797; x_wconf 88' lang='lat' dir='ltr'>argumentatione</span> <span class='ocrx_word' id='word_1_278' title='bbox 1082 4710 1313 4797; x_wconf 89' lang='lat' dir='ltr'>progredimur,</span> <span class='ocrx_word' id='word_1_279' title='bbox 1347 4716 1383 4773; x_wconf 92' lang='lat' dir='ltr'>ut</span> <span class='ocrx_word' id='word_1_280' title='bbox 1415 4732 1506 4796; x_wconf 89' lang='lat' dir='ltr'>saepe</span> <span class='ocrx_word' id='word_1_281' title='bbox 1537 4711 1601 4775; x_wconf 88' lang='lat' dir='ltr'>fere</span> <span class='ocrx_word' id='word_1_282' title='bbox 1625 4712 1710 4775; x_wconf 93' lang='lat' dir='ltr'>idem</span> <span class='ocrx_word' id='word_1_283' title='bbox 1734 4712 1776 4774; x_wconf 92' lang='lat' dir='ltr'>sit</span> 
     </span>
     <span class='ocr_line' id='line_1_34' title="bbox 589 4816 1777 4902; baseline -0.002 -20"><span class='ocrx_word' id='word_1_284' title='bbox 589 4839 626 4882; x_wconf 89' lang='lat' dir='ltr'>ac</span> <span class='ocrx_word' id='word_1_285' title='bbox 644 4840 752 4899; x_wconf 83' lang='lat' dir='ltr'>porro,</span> <span class='ocrx_word' id='word_1_286' title='bbox 767 4816 959 4900; x_wconf 81' lang='lat' dir='ltr'>praeteren&#39;&#39;.</span> <span class='ocrx_word' id='word_1_287' title='bbox 983 4817 1113 4882; x_wconf 88' lang='lat' dir='ltr'>Praeter</span> <span class='ocrx_word' id='word_1_288' title='bbox 1132 4817 1219 4882; x_wconf 88' lang='lat' dir='ltr'>locos</span> <span class='ocrx_word' id='word_1_289' title='bbox 1239 4837 1335 4902; x_wconf 90' lang='lat' dir='ltr'>supra</span> <span class='ocrx_word' id='word_1_290' title='bbox 1353 4816 1514 4893; x_wconf 91' lang='lat' dir='ltr'>laudatos,</span> <span class='ocrx_word' id='word_1_291' title='bbox 1534 4817 1668 4881; x_wconf 86' lang='lat' dir='ltr'>conferri</span> <span class='ocrx_word' id='word_1_292' title='bbox 1687 4816 1777 4881; x_wconf 90' lang='lat' dir='ltr'>iubet</span> 
     </span>
    </p>
   </div>
   <div class='ocr_carea' id='block_1_6' title="bbox 591 4922 1007 4988">
    <p class='ocr_par' dir='ltr' id='par_1_8' title="bbox 591 4922 1007 4988">
     <span class='ocr_line' id='line_1_35' title="bbox 591 4922 1007 4988; baseline 0 0"><span class='ocrx_word' id='word_1_293' title='bbox 591 4922 631 4987; x_wconf 86' lang='lat' dir='ltr'>de</span> <span class='ocrx_word' id='word_1_294' title='bbox 656 4923 731 4988; x_wconf 87' lang='lat' dir='ltr'>Div.</span> <span class='ocrx_word' id='word_1_295' title='bbox 755 4922 786 4988; x_wconf 91' lang='lat' dir='ltr'>ll</span> <span class='ocrx_word' id='word_1_296' title='bbox 810 4922 852 4987; x_wconf 88' lang='lat'>89</span> <span class='ocrx_word' id='word_1_297' title='bbox 876 4931 909 4988; x_wconf 92' lang='lat' dir='ltr'>et</span> <span class='ocrx_word' id='word_1_298' title='bbox 934 4922 1007 4988; x_wconf 81' lang='lat'>142.</span> 
     </span>
    </p>
   </div>
   <div class='ocr_carea' id='block_1_7' title="bbox 0 0 2568 6150">
    <p class='ocr_par' dir='ltr' id='par_1_9' title="bbox 0 0 2568 6150">
     <span class='ocr_line' id='line_1_36' title="bbox 0 0 2568 6150; baseline 0 0"><span class='ocrx_word' id='word_1_299' title='bbox 0 0 2568 6150; x_wconf 95' lang='lat' dir='ltr'> </span> 
     </span>
    </p>
   </div>
  </div>
 </body>
</html>
