5125 6150
795 799 862 865 420
1323 817 1443 866 ursus.

793 984 835 1048 τί
860 982 974 1062 ἀλογον
996 984 1078 1048 δοκεῖ
1098 979 1174 1048 εἶναι
1198 982 1284 1062 παροί
1305 1006 1381 1048 τισιν
1402 984 1443 1063 Χ,
1468 985 1674 1050 Laurentiani
1692 983 1806 1050 codIcis
1826 983 1979 1049 librarius

794 1095 894 1156 nimio
931 1090 1097 1157 molimine
1127 1090 1229 1156 δοκοῦν
1260 1093 1439 1177 rescripsit,
1472 1094 1590 1156 vitium
1620 1094 1653 1155 in
1685 1091 1782 1157 verbo
1805 1111 1977 1176 quaerens;

795 1198 975 1284 simplicius
1006 1205 1038 1263 et
1068 1202 1175 1265 verius
1205 1198 1401 1285 Stephanus:
1424 1200 1512 1263 ἀλλά
1536 1198 1603 1263 καί
1629 1190 1643 1262 ί
1665 1196 1780 1276 ἀλογον
1805 1197 1896 1263 δοκεῖ.
1922 1196 1978 1262 Or.

795 1306 891 1370 XXX
921 1304 1017 1390 §171
1049 1305 1107 1377 τάς
1138 1306 1243 1377 ἀντίας
1266 1305 1325 1375 τάς
1350 1305 1465 1368 ἐκτῶν
1489 1304 1623 1384 κύρβεων
1650 1305 1701 1369 καί
1727 1310 1784 1369 τῶν
1808 1305 1977 1371 εὔπλων.

793 1412 845 1478 Sic
869 1412 900 1476 X
923 1410 1098 1477 heIIIssime
1121 1433 1177 1497 pro
1200 1412 1252 1476 καί
1277 1418 1335 1476 τῶν
1358 1417 1531 1490 στολῶν,
1555 1419 1592 1476 ut
1615 1414 1736 1497 optime
1759 1411 1841 1476 vidit
1859 1409 1979 1497 Taylo

793 1540 863 1596 rus;
899 1518 1104 1583 laurentiani
1138 1517 1306 1596 librarius,
1342 1517 1512 1584 infeliciter
1544 1539 1628 1583 nunc
1660 1539 1801 1605 quoque,
1832 1517 1883 1582 καί
1916 1523 1977 1582 τῶν

795 1622 928 1689 ὅπλων
947 1625 1043 1690 dedit.

840 1732 940 1797 Affine
960 1733 1010 1796 his
1029 1733 1147 1795 vitium
1166 1736 1215 1796 est
1234 1736 1345 1796 natum
1365 1753 1404 1796 ex
1422 1733 1595 1796 immutata
1613 1734 1823 1797 recentiorum
1839 1751 1980 1816 pronun-

794 1842 943 1914 tiatione,
979 1859 995 1903 e
1030 1837 1163 1924 syllabis
1193 1839 1312 1902 iniuria
1342 1843 1398 1903 aut
1428 1840 1554 1902 extritis
1585 1844 1642 1902 aut
1672 1839 1816 1923 repetitis
1847 1843 1979 1922 propter

791 1943 1006 2009 consimilium
1026 1946 1239 2019 vicinitatem,
1265 1964 1281 2008 e
1302 1964 1398 2028 prava
1417 1942 1468 2008 vel
1487 1946 1705 2010 coniunctione
1725 1943 1978 2009 dirimendorum

791 2049 844 2116 vel
876 2048 1163 2116 continuandorum
1194 2050 1412 2135 diremptione.
1444 2049 1636 2134 Frequenter
1666 2050 1838 2115 admodum
1867 2053 1901 2113 in
1924 2051 1978 2115 hir

792 2159 928 2244 impegit
950 2155 1089 2221 Palatini
1111 2157 1221 2221 scribo.
1253 2155 1306 2221 Sic
1330 2177 1361 2220 v.
1375 2176 1401 2220 c.
1427 2153 1479 2220 Or.
1504 2155 1536 2220 ΙΙ
1555 2157 1572 2240 §
1594 2155 1633 2222 71
1660 2156 1747 2222 dedit
1764 2161 1817 2220 τοῦ
1842 2155 1980 2220 ε’πιλύ-

792 2288 863 2328 τον
894 2263 981 2341 βίον,
1007 2263 1207 2327 ἐπιλοίπου
1233 2266 1301 2348 ipse
1325 2265 1471 2328 correxit.
1497 2262 1549 2328 Sic
1572 2261 1624 2327 Or.
1649 2262 1692 2326 IV
1715 2262 1804 2346 §182
1829 2264 1892 2327 ε’στι
1917 2261 1978 2339 μὲν

794 2370 851 2434 ὑπὸ
882 2370 982 2447 λίγα,
1013 2371 1069 2434 ubi
1100 2365 1125 2435 O
1156 2368 1212 2444 μὲν
1237 2371 1361 2433 omittit
1383 2371 1473 2453 quasi
1494 2371 1541 2433 ita
1564 2390 1678 2433 verum
1702 2372 1745 2433 sit
1768 2370 1976 2445 restitutum

792 2476 909 2543 melius
938 2476 1024 2541 haud
1055 2475 1163 2561 paullo
1194 2475 1420 2540 Marklandus:
1453 2476 1582 2553 ἐστιν,
1606 2477 1621 2538 ε’
1630 2501 1645 2540 ν
1669 2475 1863 2556 ὑπολίγρ.
1892 2475 1977 2542 lbid.

793 2584 890 2669 §193
926 2581 1013 2648 ἀλλά
1044 2582 1128 2657 λίγα
1159 2581 1192 2645 τί
1223 2587 1281 2645 τῶν
1313 2581 1446 2659 πάντον,
1478 2582 1562 2647 unde
1592 2581 1751 2647 Sluiterus
1776 2585 1860 2647 eruit
1881 2583 1977 2646 ἀλλ’

792 2688 1060 2766 ἀλογώτατον
1101 2688 1271 2754 πάνταν.
1315 2686 1368 2752 Or.
1400 2686 1443 2751 Vl
1475 2688 1575 2773 §222
1614 2685 1661 2752 ίνα
1701 2689 1807 2767 (ab)
1839 2690 1977 2764 μηνυτὴς

793 2797 909 2873 γίνοιτο
940 2794 1129 2880 Stephanus.
1162 2793 1215 2859 Or.
1240 2793 1299 2858 VH
1321 2796 1339 2879 ξ
1359 2794 1420 2859 22:
1446 2796 1542 2858 καίτοι
1567 2796 1592 2859 εί
1618 2797 1715 2871 Φὴσ·
1740 2799 1790 2869 μίν
1814 2796 1896 2860 δεῖν
1919 2797 1979 2867 τίον

792 2904 899 2979 μορίοιν
918 2900 1110 2982 ἀφανίζοντα
1132 2915 1200 2966 κτλ.
1223 2900 1264 2978 Χ,
1289 2901 1423 2979 Φιίσας
1448 2903 1482 2977 μ’
1503 2900 1607 2965 ίδείν
1626 2901 1783 2966 Reislsius
1808 2901 1978 2979 [ίοφιίσας

792 3008 966 3085 dubitatur,
990 3009 1025 3084 μ’
1050 3006 1122 3072 Orio
1145 3005 1253 3071 nullus
1276 3006 1378 3073 editor
1402 3003 1520 3072 Graece
1542 3006 1657 3072 callens
1680 3009 1868 3094 repudiabit.
1894 3008 1977 3074 lbid.

792 3115 891 3200 §342
925 3116 976 3178 καί
1008 3111 1126 3190 ἕτοιμος
1157 3113 1260 3189 ἤμην
1284 3114 1326 3179 X.
1356 3112 1438 3180 Oum
1463 3114 1595 3201 Lysiam
1619 3117 1699 3190 ἤμην
1722 3115 1838 3180 dixisse
1860 3137 1977 3201 purum

792 3225 834 3286 sit
864 3220 1025 3306 probabile
1056 3225 1089 3285 et
1119 3220 1271 3284 absonum
1296 3220 1462 3285 indicativi
1485 3222 1725 3305 imperfectum.
1749 3221 1914 3287 Scheibius
1938 3226 1980 3288 εί-

792 3328 828 3402 ριί
860 3329 1044 3412 proposuit,
1075 3346 1150 3390 nam
1181 3333 1237 3390 aut
1266 3326 1327 3391 hoc
1350 3330 1522 3411 requiritur
1546 3334 1601 3392 aut
1626 3327 1697 3402 είον.
1721 3326 1773 3392 Or.
1799 3327 1874 3393 VIII
1896 3331 1914 3414 ς
1936 3329 1978 3395 5:

792 3436 844 3499 οὐκ
881 3434 1009 3497 ἐκεῖνο
1044 3456 1120 3501 παι
1158 3438 1233 3510 (πῶς
1267 3454 1326 3497 sec.
1359 3431 1497 3510 Scheib.)
1527 3435 1744 3510 ἀπαλλαγῆτέ
1774 3459 1831 3510 μου
1855 3435 1896 3512 Χ,
1922 3439 1978 3501 οὐκ

792 3539 807 3603 ί
814 3563 906 3619 χειν
937 3536 1040 3610 ὅπως
1071 3537 1097 3603 0
1129 3538 1251 3616 (Urbin.
1282 3538 1368 3619 117),
1402 3540 1570 3605 manifesta
1596 3544 1777 3606 coniectura
1800 3542 1853 3606 sed
1877 3542 1977 3609 felici.

794 3644 846 3710 Or.
879 3645 925 3708 IX
958 3645 1036 3730 §21
1071 3645 1219 3725 πραχθεὶς
1252 3645 1293 3722 Χ,
1327 3646 1500 3725 παραχθείς
1533 3646 1712 3711 Markland.
1746 3646 1798 3712 Or.
1822 3648 1853 3711 X
1876 3650 1892 3733 §
1912 3648 1977 3714 22:

793 3752 946 3827 μεγίστης
981 3751 1006 3813 δ’
1031 3752 1119 3823 οὔσης
1151 3775 1201 3825 μοι
1233 3760 1288 3825 τῆς
1320 3756 1479 3830 σνροφορῖιι
1511 3754 1537 3817 εί
1566 3752 1797 3833 ἀποφεύξεται,
1829 3755 1925 3834 τούτῳ
1950 3758 1978 3821 δ’

792 3858 905 3930 οὐδενὸς
932 3854 1098 3932 ἀξιώσει
1123 3858 1487 3937 canonizationem
1512 3881 1640 3945 prorsus
1663 3864 1730 3925 sine
1753 3882 1845 3925 sensu
1868 3865 1901 3925 in
1926 3862 1959 3926 X
1968 3886 1976 3941 ;

793 3967 981 4030 sententiam
1013 3968 1214 4050 recuperavit
1245 3964 1455 4030 Marklandus
1486 3964 1646 4045 (Oontius)
1670 3969 1853 4032 coniiciens:
1878 3970 1977 4049 τούτῳ

794 4071 820 4136 δ’
844 4071 905 4136 οὐδ.
937 4068 985 4144 ἀξ
994 4073 1005 4134 ί
1014 4094 1076 4149 ας,
1105 4073 1136 4134 εί
1163 4095 1276 4148 κακογ.
1302 4070 1468 4136 ἀλώσεται.
1494 4073 1698 4160 Peragrapho
1721 4075 1899 4159 sequentib
1926 4077 1978 4140 λί-

793 4202 847 4254 γοι
874 4179 903 4240 ἐν
926 4187 963 4256 τῇ
988 4179 1075 4242 πόλει
1101 4178 1439 4241 κατεσκεύασται
1463 4178 1512 4255 X,
1538 4182 1873 4245 κατεσκίδασται
1897 4180 1978 4246 Bru·

794 4284 857 4348 lert
886 4289 919 4348 et
948 4282 1107 4348 Reiskius
1145 4282 1197 4347 Or.
1230 4283 1291 4347 XII
1321 4284 1402 4369 §27
1435 4282 1545 4349 ἔπειτα
1576 4286 1615 4363 X,
1650 4286 1740 4350 ε’πεί
1762 4311 1821 4351 τοι
1845 4285 1976 4374 Taylor,

793 4390 877 4474 quod
909 4396 1016 4455 tamen
1046 4412 1108 4455 non
1139 4393 1284 4455 emulum
1317 4391 1475 4456 editorum
1506 4391 1657 4476 plausum
1689 4392 1775 4458 tulit.
1807 4392 1867 4459 Sed
1898 4394 1978 4460 tulit

793 4495 930 4561 Oanteri'
949 4499 1129 4561 coniectura
1159 4496 1198 4560 ad
1229 4498 1247 4581 ς
1267 4495 1319 4573 29,
1350 4518 1368 4561 a
1397 4499 1501 4563 codice
1524 4498 1643 4563 Veneto
1666 4499 1796 4586 Taylori
1819 4506 1890 4586 post
1912 4523 1978 4567 cor-

791 4601 953 4678 roborate,
975 4607 1065 4667 cuius
1085 4603 1187 4668 scriba
1206 4606 1238 4667 in
1258 4603 1344 4667 idem
1362 4605 1527 4670 inciderit:
1552 4610 1602 4671 νῦν
1622 4605 1653 4671 δὲ
1677 4607 1783 4686 ταρά
1807 4613 1874 4672 τοῦ
1898 4631 1977 4675 ποτε

792 4707 844 4771 καί
870 4709 1003 4784 λήψεσθε
1025 4709 1118 4789 δίκην,
1140 4732 1213 4775 cum
1233 4710 1264 4773 X
1284 4713 1431 4796 praebeat
1451 4716 1524 4791 παρ’
1542 4714 1637 4778 αὐτοῦ
1649 4737 1735 4779 ποτε.
1759 4714 1976 4781 Multifariam

792 4820 978 4898 corruptum
991 4825 1039 4879 est
1051 4815 1104 4881 Or.
1118 4815 1197 4881 Xlll
1209 4819 1226 4901 ᾖ
1240 4816 1276 4882 8:
1298 4820 1350 4895 ἐφ’
1362 4812 1403 4889 νίς
1425 4822 1613 4893 ὴτιαοῑεν
1632 4822 1686 4895 τίον
1700 4821 1811 4900 είριίννρν
1825 4824 1974 4889 ποιεῖσθαι

792 4918 1026 4997 Λακεδαιμίνιοι
1048 4943 1120 5007 pro:
1142 4926 1195 5004 ἐφ’
1214 4917 1255 4994 οίς
1280 4920 1296 4986 ἕ
1303 4947 1363 4987 τοι
1370 4947 1435 5001 μοι
1460 4921 1528 5003 είεν,
1549 4927 1632 5011 quod
1653 4928 1906 5014 apographorum
1927 4933 1976 4994 vi-
