5125 6150
740 853 752 875 .
788 803 853 867 142
1293 819 1464 866 casuros.
1509 856 1515 865 .

786 1002 955 1067 agnoscere
990 984 1098 1065 potui:
1134 983 1241 1045 omnia
1275 980 1362 1044 fluxa
1392 987 1468 1045 sunt
1495 988 1527 1045 et
1556 983 1678 1046 ineerta
1708 1003 1863 1068 saepeque
1894 983 1977 1047 nihil

783 1109 912 1173 prorsus
941 1087 1091 1171 dispicio,
1117 1088 1233 1171 quibus
1255 1086 1335 1150 locis
1358 1085 1492 1152 Crueius
1515 1095 1657 1152 veterem
1680 1092 1872 1174 scripturam
1894 1110 1977 1153 com-

785 1194 878 1257 mode
902 1196 1079 1278 agnoverit.
1103 1192 1188 1256 Fieri
1212 1199 1317 1277 potest
1341 1199 1379 1256 ut
1402 1194 1642 1279 photographns
1666 1194 1783 1258 claram
1808 1202 1840 1258 et
1859 1197 1977 1279 perspi-

784 1320 879 1364 cuam
902 1301 1079 1384 imaginem
1104 1320 1164 1362 non
1190 1298 1329 1362 valuerit
1351 1301 1529 1383 exprimere
1552 1302 1723 1383 ipsumque
1744 1299 1858 1366 folium
1878 1308 1977 1364 trans-

783 1407 922 1468 missum
955 1403 1052 1466 fuerit
1082 1406 1114 1466 in
1148 1400 1354 1468 Germaniam
1383 1403 1422 1466 ad
1447 1401 1616 1482 Grusium;
1641 1404 1755 1468 itidem
1780 1404 1848 1469 fieri
1872 1412 1978 1491 potest

784 1518 820 1573 ut
854 1511 1135 1593 septuagenarium
1171 1530 1223 1572 me
1257 1512 1321 1572 mei
1351 1508 1435 1573 oculi
1465 1508 1628 1587 deficiant;
1663 1510 1718 1574 sed
1752 1511 1828 1594 quid
1858 1508 1976 1575 refert?

783 1614 922 1680 Nullum
953 1615 1089 1679 dubium
1121 1618 1196 1699 quin
1220 1611 1353 1679 Crusius
1377 1634 1491 1678 verum
1515 1616 1674 1678 invenerit
1697 1618 1867 1700 omniaque
1890 1624 1975 1680 recte

784 1720 995 1804 descripserit.
1020 1719 1138 1784 Merito
1162 1717 1359 1804 plaudimus.

826 1827 972 1890 Pertinet
995 1826 1215 1910 fragmentum
1238 1824 1311 1888 inde
1334 1824 1373 1888 ab
1398 1822 1553 1888 Hercheri
1573 1845 1646 1910 pag.
1669 1824 1722 1891 72.
1737 1824 1775 1889 3:
1797 1823 1976 1908 elpyetKrro

782 1932 870 2008 μόνος
902 1952 1003 2015 usque
1034 1930 1073 1995 ad
1103 1952 1158 2015 pg.
1192 1928 1244 1995 74.
1259 1927 1321 1994 27:
1353 1927 1516 2000 ἕαώονοαν
1546 1936 1578 1993 et
1610 1933 1689 1994 satis
1721 1932 1799 1995 bene
1823 1934 1975 1997 convenit

782 2060 857 2103 oum
875 2044 967 2101 textu
987 2035 1090 2121 qualis
1110 2039 1143 2099 in
1162 2038 1256 2099 unico
1280 2033 1463 2098 Florentino
1486 2034 1568 2099 libro
1593 2042 1738 2101 servatus
1761 2044 1826 2112 est,
1850 2058 1869 2101 a
1892 2057 1975 2120 quc,

781 2149 820 2209 ut
840 2164 940 2228 nuper
960 2143 1120 2219 vidimus,
1141 2140 1291 2206 Thebana
1310 2143 1450 2204 recensio
1472 2140 1710 2225 aliquantulum
1724 2142 1859 2220 recedit,
1872 2164 1975 2228 quum

784 2249 878 2313 modo
907 2247 1001 2332 plura
1030 2247 1161 2323 habeat,
1194 2245 1289 2309 modo
1321 2246 1481 2329 pauciora.
1508 2246 1673 2311 Adnotabo
1698 2250 1838 2331 potiores
1862 2247 1977 2311 discre

782 2356 925 2438 pontias,
947 2359 984 2417 ut
1004 2354 1115 2417 statim
1135 2356 1286 2435 appareat
1304 2371 1360 2414 nos
1380 2348 1432 2413 vel
1452 2371 1567 2434 parum
1583 2350 1634 2415 vel
1650 2350 1731 2415 nihil
1743 2350 1833 2416 illinc
1845 2350 1974 2416 lucrari.

783 2457 892 2522 Veluti
914 2480 945 2543 p.
968 2457 1020 2523 72.
1034 2456 1072 2521 8:
1094 2459 1126 2522 ot
1147 2460 1281 2527 τοιοῦτος
1300 2450 1399 2532 οἷος,
1420 2477 1561 2541 papyms
1577 2456 1674 2521 habet
1692 2457 1846 2535 ὁποῖος,
1867 2478 1978 2541 quem·

782 2563 957 2628 admodum
977 2585 1008 2647 p.
1024 2561 1111 2627 73.5
1132 2564 1230 2626 etiam
1250 2560 1428 2625 Florentiae
1448 2564 1605 2646 scriptum
1625 2567 1673 2626 est
1692 2563 1837 2635 τοιαύτην
1858 2562 1975 2628 ὁποίαν.

783 2668 843 2753 Pg.
870 2668 922 2733 72.
939 2667 980 2731 10
1005 2666 1210 2731 Mithridates
1233 2673 1282 2730 est
1305 2663 1401 2744 ὦχρός
1426 2691 1461 2730 τε
1486 2668 1539 2730 καὶ
1564 2668 1695 2745 λεπτός,
1715 2662 1764 2731 οἷον
1788 2669 1823 2739 ts
1847 2674 1976 2745 τραῦμα

785 2775 867 2853 ἔχων
903 2775 931 2836 ἐν
967 2782 1005 2850 τῇ
1037 2777 1127 2850 ψυχῇ
1161 2772 1266 2847 θερμόν
1298 2796 1332 2834 τε
1365 2772 1416 2834 καὶ
1449 2774 1601 2850 γλυκύ,
1632 2772 1688 2837 sed
1717 2776 1751 2836 in
1781 2795 1904 2860 papyro
1928 2783 1977 2839 est

784 2878 920 2955 δριμύ,
947 2877 1031 2962 quod
1049 2898 1124 2941 sane
1144 2898 1206 2940 non
1227 2877 1368 2941 deterius
1387 2883 1445 2942 est.
1468 2878 1528 2963 Pg.
1552 2874 1663 2942 7212
1683 2900 1740 2963 pro
1764 2879 1861 2956 arsy
1871 2903 1975 2959 χανε

785 3004 868 3048 nova
897 2982 994 3048 lectio
1026 2989 1075 3047 est
1106 2981 1239 3062 ἔτυχε.
1273 2982 1334 3068 Pg.
1361 2980 1470 3047 72.l7
1503 2983 1628 3046 editum
1660 2992 1723 3048 est:
1748 2985 1773 3047 ol
1796 2986 1859 3061 γὰρ
1885 2985 1973 3055 κύνες

782 3089 1072 3167 Φνλῶοσοντες
1117 3089 1271 3164 ἐμήνυσαν
1313 3087 1444 3164 αὐτούς,
1481 3088 1663 3152 Hercherus
1697 3097 1807 3154 sutem
1841 3094 1977 3155 inseruit

783 3195 956 3260 articulum
986 3198 1039 3275 (ol)
1071 3194 1298 3272 Φναάοοοντνς.
1331 3194 1495 3258 Adnotant
1527 3194 1665 3259 editores
1695 3196 1777 3260 nihil
1801 3197 1977 3262 sevidisse

782 3307 907 3386 praeter
929 3300 1057 3365 literam
1078 3309 1118 3377 N,
1139 3300 1194 3365 sed
1215 3301 1310 3364 breve
1329 3302 1471 3384 spatium
1493 3300 1578 3383 quod
1597 3301 1773 3384 praecedit,
1791 3306 1846 3366 vix
1866 3324 1977 3388 capere

782 3410 923 3491 potuisse
962 3413 1085 3492 septem
1124 3406 1234 3470 literas
1274 3414 1500 3481 ΦΥΛΑΣΣΟ,
1538 3405 1708 3490 multoque
1739 3410 1848 3472 minus
1878 3407 1978 3473 latere

783 3510 958 3577 articulum
978 3534 1074 3596 quem
1094 3511 1274 3577 Hercherus
1297 3514 1492 3576 inseruisset.
1512 3511 1626 3595 ltaque
1646 3533 1698 3576 eos
1719 3513 1807 3599 fugit
1818 3512 1978 3580 Cobetum

783 3618 895 3680 Mnem.
923 3616 1009 3680 1859
1033 3641 1064 3703 p.
1091 3615 1157 3681 238
1182 3618 1356 3681 correxisse
1381 3617 1566 3687 ὑλάοοοντες
1591 3638 1725 3702 eamque
1746 3620 1845 3683 etiam
1863 3622 1980 3706 papyri

784 3721 954 3786 lectionem
983 3723 1081 3786 fuisse
1105 3724 1258 3806 suspicor,
1282 3724 1376 3786 utin
1400 3729 1539 3807 angusto
1564 3724 1667 3806 spatio
1691 3743 1754 3787 non
1777 3730 1899 3809 septem
1924 3725 1980 3789 sed

783 3849 838 3892 sex
869 3825 980 3891 literae
1013 3826 1209 3892 delitescant.
1244 3828 1305 3912 Pg.
1333 3824 1385 3892 72.
1400 3826 1462 3891 20:
1494 3827 1563 3904 μεθ’
1591 3828 1706 3905 ἡμέραν
1731 3827 1762 3891 li
1786 3830 1978 3905 toleratura

783 3933 915 4011 ἐμήνυσε
936 3935 977 4012 τῷ
997 3933 1229 4013 decalvari
1249 3932 1397 4008 ονμβοὶν·
1412 3953 1553 4019 papyrus
1565 3939 1780 4017 repraesentat
1791 3932 1977 3999 lectionem:

784 4038 798 4102 d
819 4037 983 4119 οἰκο[νδμος
1005 4039 1135 4113 ἐμήνυσε
1156 4037 1340 4119 MrJOpstdrp
1358 4039 1407 4119 [rt
1427 4036 1588 4120 ουμβοίν],
1607 4037 1661 4101 sed
1674 4038 1834 4122 praecedit
1847 4038 1978 4118 lacuna,

785 4149 824 4208 ut
847 4144 980 4208 fortasse
1004 4146 1160 4227 scriptum
1185 4143 1301 4207 fuerit:
1326 4144 1393 4216 μεθ’
1417 4144 1533 4220 ἡμέραν
1557 4142 1588 4205 δὲ
1612 4143 1653 4221 τῷ
1678 4142 1812 4222 δεσπότῃ
1835 4145 1849 4208 t
1873 4145 1980 4209 clueat

785 4273 843 4324 μος
875 4250 1005 4323 ἐμήνυσε
1039 4248 1211 4328 Μιθριδάτῃ
1240 4247 1274 4311 τὸ
1300 4247 1439 4326 συμβάν,
1465 4269 1544 4332 quae
1568 4269 1642 4312 sane
1666 4251 1756 4332 peior
1778 4247 1883 4314 lectio.
1916 4250 1977 4336 Pg.

787 4353 839 4418 72.
854 4353 914 4417 28:
940 4353 1072 4431 Χαιρέας
1096 4354 1153 4428 μὲν
1177 4348 1225 4415 οὖν
1250 4352 1536 4430 ἀπαγόμενος,
1562 4375 1644 4417 nova
1665 4356 1802 4437 emergit
1821 4357 1981 4438 scriptura

784 4456 1141 4533 οννοοπαγόμενος.
1178 4456 1237 4541 Pg.
1272 4453 1384 4521 73.4:
1421 4458 1452 4519 ds
1488 4457 1662 4535 παραδείσῳ
1698 4459 1796 4534 τινί,
1828 4461 1861 4520 in
1893 4481 1979 4524 novo

785 4562 966 4646 fragmento
996 4565 1079 4626 τινί
1107 4561 1205 4626 deest.
1238 4560 1299 4646 Pg.
1327 4560 1413 4626 73.9
1441 4565 1474 4626 in
1498 4562 1680 4627 Florentino
1704 4562 1811 4626 codice
1833 4571 1898 4629 est:
1924 4567 1979 4639 rip

786 4668 848 4744 γὰρ
873 4670 977 4743 πηγὴν
997 4668 1147 4743 duodenus
1167 4670 1221 4729 τοῦ
1243 4666 1388 4742 μεγάλου
1413 4666 1607 4743 αἵματος·
1632 4667 1781 4731 Reiskius
1801 4677 1980 4735 correxerat

786 4775 928 4846 λήματος
961 4771 1057 4855 idque
1080 4772 1263 4837 Hercherus
1286 4774 1422 4856 recepit;
1456 4769 1596 4837 Cobetus
1618 4777 1729 4838 autem
1751 4773 1863 4837 Μοιθννι.
1890 4773 1978 4839 1859

786 4897 817 4959 ρ.
842 4876 926 4944 279:
960 4875 1165 4961 „Suspicor’',
1195 4877 1321 4959 inquit,
1352 4878 1619 4954 τολμήματος
1644 4898 1758 4942 verum
1781 4898 1866 4956 esse,
1892 4880 1979 4965 quod
