5125 6150
1169 814 1378 863 ruuororons.
1803 798 1866 864 123

685 983 719 1044 in
749 1000 786 1044 ea
816 1000 849 1045 re
876 985 908 1045 et
931 980 1173 1067 Thucydideum
1197 982 1278 1047 foret
1301 980 1514 1058 ποιησάμενος,
1540 982 1614 1065 quia
1637 982 1669 1045 in
1693 982 1867 1067 periphrasi

686 1086 782 1151 verbo
804 1085 909 1150 medio
934 1107 1014 1172 opus
1036 1108 1103 1152 esse
1125 1093 1264 1165 constat,
1291 1107 1365 1151 nam
1389 1086 1597 1165 ἀπαρίθμησιν
1621 1090 1769 1153 ποιεῖσθαι
1794 1087 1867 1152 dioi-

686 1198 739 1256 tur
762 1214 819 1277 pro
843 1194 1037 1270 ἀπαριθμεῖν,
1062 1199 1099 1257 ut
1122 1195 1241 1278 passim
1265 1193 1350 1278 apud
1374 1199 1519 1258 nostrum
1538 1189 1690 1272 ι’ίμιλλαν,
1711 1196 1869 1274 ἀποχώρη-

687 1322 744 1375 σιν,
777 1300 933 1379 οὶρπαγην,
960 1300 1131 1377 διοίγνωσιν,
1156 1299 1307 1379 έξέτασιν,
1333 1298 1441 1377 δίωξιν,
1466 1299 1574 1378 έξοδον,
1599 1300 1784 1378 ε’πεκδρομην
1807 1307 1866 1366 eto.

689 1407 837 1471 ποιεῖσθαι
861 1426 918 1491 pro
942 1405 1155 1482 ἁμιλλᾶσθαι,
1176 1407 1358 1486 οίποχωρεῒν,
1378 1403 1537 1486 οὶρποίζειν,
1558 1404 1788 1484 διαγιγνώσκειν
1807 1412 1867 1472 etc.

689 1512 810 1576 Parum
842 1518 947 1576 temen
977 1511 1149 1589 commode,
1181 1512 1291 1590 fateor,
1321 1510 1420 1598 vulgo
1442 1514 1630 1598 interpretes
1654 1518 1760 1578 mente
1783 1534 1868 1599 repe·

690 1623 793 1682 tentes
825 1621 1091 1703 praepositionem
1122 1620 1206 1682 κατιί
1236 1616 1434 1704 intellegunt
1463 1620 1612 1683 σκοπείτω
1644 1617 1675 1683 δέ
1705 1643 1751 1691 τις
1783 1619 1867 1684 κατδι

689 1726 757 1797 τοὺς
779 1725 903 1804 χρθνους
925 1725 976 1790 καί
997 1725 1042 1803 μίη
1065 1724 1150 1789 κατὰ
1169 1725 1442 1804 τὴνοίπαρίίμησιν
1455 1730 1511 1789 τῶν
1524 1724 1677 1802 ὀνομάτων
1691 1763 1734 1774 -
1746 1726 1870 1792 πιστεύ-

689 1853 746 1900 σας
767 1828 847 1910 (scil.
868 1831 981 1910 ταύτης)
992 1835 1126 1906 μᾶλλον.
1146 1830 1249 1911 Quare
1260 1831 1451 1910 ridendum,
1465 1853 1504 1895 an
1517 1839 1573 1896 aut
1592 1833 1869 1911 reseraturum

689 1939 756 2001 sive
780 1936 859 2000 duce
883 1933 1054 2001 scholiasta
1076 1938 1262 2002 ποιείσθω
1288 1937 1512 2024 corrigendum
1537 1941 1589 2015 sit,
1614 1945 1670 2003 aut
1693 1941 1799 2024 potius
1823 1949 1868 2020 τῇ

689 2043 969 2121 οξπαριθμήσει
1004 2050 1061 2107 τῶν
1090 2045 1245 2120 θνομιίτων
1276 2047 1448 2115 πιστεύσας
1479 2048 1612 2123 μᾶλλον.
1649 2043 1800 2112 Ceterum
1829 2067 1868 2110 ue

690 2150 736 2213 sic
764 2149 892 2233 quidem
923 2147 1030 2214 locum
1061 2149 1153 2235 plane
1181 2150 1351 2237 intellego,
1382 2173 1457 2217 nam
1480 2173 1581 2237 neque
1604 2152 1869 2238 praepositionem

689 2254 720 2326 ές
749 2260 858 2338 (qnam
890 2251 1017 2320 Classen
1051 2254 1181 2336 delevit)
1203 2260 1236 2321 in
1261 2255 1398 2322 formula
1421 2259 1452 2330 θς
1478 2260 1519 2323 τα
1542 2258 1795 2337 προγεγενημένα
1819 2263 1878 2332 ση-“

688 2363 807 2436 μαίνειν
837 2360 933 2444 (quod
965 2364 992 2425 si
1023 2383 1136 2426 sanum
1167 2369 1265 2440 esset,
1298 2369 1492 2449 expectasses
1522 2364 1667 2430 additum
1689 2389 1726 2429 τε
1750 2365 1800 2430 καί
1825 2364 1868 2429 rol

690 2467 951 2546 ἑπιγεγενημένα)
972 2475 1003 2532 et
1023 2467 1164 2533 desidero
1183 2473 1313 2535 maioris
1334 2473 1486 2556 temporis
1498 2474 1592 2556 spatii
1604 2470 1868 2558 significationem

688 2575 825 2659 oppositi
845 2576 977 2653 minori,
999 2575 1081 2660 quod
1101 2585 1369 2642 commemoratur
1387 2581 1420 2641 in
1439 2578 1653 2661 sequentihus.
1676 2576 1762 2642 Hinc
1781 2579 1870 2641 venit
1966 2622 1968 2627 -

686 2683 721 2744 in
744 2687 885 2745 mentem
910 2682 938 2752 ἐς
964 2679 1079 2759 <έτος>
1103 2684 1145 2747 τιί
1169 2706 1240 2748 που
1264 2684 1459 2761 γεγενημένα
1485 2682 1702 2758 σημαινόντων.

733 2784 850 2850 Totum
880 2793 988 2851 sutem
1019 2785 1141 2865 locum,
1168 2787 1323 2856 Classenii
1345 2795 1473 2854 secutus
1495 2791 1800 2874 interpunctionem,
1824 2792 1869 2855 sio

688 2892 912 2978 corrigendum
936 2914 1002 2958 esse
1026 2897 1183 2979 suspicor:

734 3001 883 3062 σκοπείτω
908 2999 939 3064 δέ
962 3023 1008 3072 τις
1033 3003 1119 3065 κατὰ
1143 3000 1212 3071 τοὺς
1235 3001 1359 3081 χρόνους
1385 3001 1435 3066 καί
1457 3002 1501 3077 μη
1528 3010 1566 3083 τῇ
1590 3001 1867 3081 οίπαριθμιίτει

688 3112 745 3170 τῶν
777 3107 930 3183 θνομθτων
961 3114 1017 3172 τῶν
1049 3110 1228 3188 ἑκασταχοῦ
1261 3108 1278 3182 ἢ
1310 3108 1466 3188 οίρχθντων
1488 3112 1505 3184 ἢ
1530 3107 1592 3173 cirri
1615 3116 1707 3183 τιμῆς
1733 3131 1809 3180 τινος
1835 3107 1865 3179 ές

688 3211 802 3293 (ἔτος)
834 3214 875 3278 τοί
909 3237 980 3277 που
1010 3214 1269 3292 γεγενημένα
1303 3215 1507 3290 σημαινόντων
1531 3215 1700 3286 πιστεύσας
1724 3218 1864 3290 μᾶλλον·

687 3320 720 3383 οὐ
750 3320 812 3398 γὰρ
844 3319 970 3397 ἀκριβές
1003 3320 1101 3384 έστιν·
1133 3316 1174 3391 τίς
1199 3321 1251 3385 καί
1277 3319 1458 3400 ἀρχομένοις
1482 3321 1534 3386 καί
1558 3324 1684 3398 μεσοῡσι
1710 3319 1760 3384 καί
1786 3316 1865 3391 ὅπως

688 3424 781 3505 ἔτυχέ
806 3449 846 3504 τιρ
870 3425 1034 3503 ἐπεγένετί
1053 3452 1091 3491 τι.
1115 3427 1199 3490 κατὰ
1222 3428 1286 3504 θέρη
1307 3426 1339 3492 δὲ
1360 3427 1410 3490 καί
1429 3432 1585 3506 χειμῶνας
1607 3427 1746 3504 ἀριθμῶν,
1767 3422 1866 3505 ὥσπερ

687 3530 887 3609 γέγραπται,
920 3533 1053 3610 εὑρέσει,
1078 3532 1112 3610 ἐξ
1136 3533 1277 3608 ἡμισείας
1303 3532 1444 3610 ἑκατέρου
1468 3537 1520 3597 τοῦ
1544 3532 1680 3596 ένιαωτοῡ
1703 3534 1757 3606 την
1781 3530 1867 3596 δυ’να-

687 3661 738 3713 μιν
764 3637 904 3717 έχοντυς,
930 3638 1003 3702 δέκα
1027 3640 1083 3715 μέν
1107 3640 1191 3717 θέρη,
1216 3638 1296 3710 ίσονς
1317 3637 1348 3702 δέ
1371 3646 1527 3719 χειμῶνας
1551 3640 1593 3718 τῷ
1617 3640 1721 3718 πρώτω
1741 3637 1866 3717 πολέμῳ

686 3742 760 3822 τῷδε
780 3745 1016 3822 γεγενημένους.
1038 3745 1158 3811 Vocula
1176 3770 1244 3825 που,
1264 3745 1393 3823 auaui,
1413 3750 1485 3831 apte
1504 3744 1671 3831 respondet
1683 3765 1867 3833 praegresso

687 3873 937 3931 εαασταχομ

732 4062 818 4141 36,1
850 4067 1065 4143 παραινοῦντες
1096 4060 1141 4130 ὅτι
1169 4063 1314 4141 μάλιστα
1336 4066 1442 4130 ταύτοί
1465 4088 1501 4129 τε
1524 4063 1705 4150 γιγνώσκειν
1726 4061 1778 4125 καί
1803 4084 1867 4126 πει-

685 4170 793 4249 ρᾶσθαι
826 4169 987 4247 Βοιωτούς,
1012 4169 1157 4249 Ἀργείων
1181 4171 1361 4247 γενομένους
1384 4175 1498 4251 πρῶτον
1522 4170 1632 4240 αὐτοὺς
1657 4166 1865 4247 ξυμμάχους,

685 4273 768 4348 αὖθις
800 4276 907 4352 μετὰ
938 4283 1113 4339 Βοιωτῶν
1137 4276 1294 4354 ’Λργείονς
1317 4275 1570 4352 Λακεδαιμονίοις
1596 4280 1719 4345 ποιῆσαι
1742 4271 1868 4350 ξυμμα-

683 4403 759 4464 χους
784 4383 849 4447 κτέ.
881 4380 1012 4446 Frustra
1036 4380 1142 4447 locum
1166 4384 1210 4448 sic
1233 4384 1389 4470 scriptum
1414 4388 1523 4447 tuetur
1545 4380 1684 4458 Classen,
1708 4400 1764 4445 neo
1787 4378 1866 4443 diffi-

685 4487 841 4553 cultatem
881 4494 1042 4566 removet,
1077 4491 1144 4552 imo
1179 4496 1292 4575 auget,
1330 4489 1434 4554 Hudii
1469 4490 1647 4554 coniectura
1681 4483 1867 4553 verisimilis

685 4593 867 4673 admodum,
901 4596 1011 4660 πείθειν
1042 4595 1194 4661 excidisse
1224 4600 1298 4682 post
1329 4598 1500 4674 πειρᾶσθαι.
1525 4593 1611 4658 Mihi
1634 4599 1690 4657 aut
1713 4590 1867 4657 Ulrichsii

683 4703 836 4765 correctio
863 4702 969 4777 μετὰ
995 4703 1154 4781 Κορινθί
1161 4726 1207 4766 ων
1231 4702 1413 4788 recipienda
1434 4701 1563 4766 videtur
1585 4708 1642 4765 aut
1665 4698 1759 4763 verba
1780 4696 1865 4773 μετὰ

683 4811 814 4870 Βοιωτῶν
839 4827 905 4872 esse
929 4806 1069 4872 delenda.
