5125 6150
752 891 755 895 .
795 834 860 899 204
1315 852 1456 899 usurus.

798 1017 964 1082 cecidisset:
990 1015 1165 1082 verisimile
1188 1037 1264 1102 ergo
1289 1022 1335 1081 est
1361 1018 1411 1080 hio
1433 1014 1506 1080 illos
1529 1037 1590 1080 non
1615 1037 1633 1080 a
1656 1016 1801 1081 Medioeo
1824 1017 1981 1102 pendere,

797 1124 851 1189 sed
881 1123 971 1188 illius
1002 1121 1193 1209 exemplum.
1217 1122 1378 1208 duplicem
1410 1123 1558 1187 habuisse
1588 1121 1757 1187 lectionem
1789 1124 1925 1187 cessisset
1948 1131 1982 1189 et

796 1235 903 1316 (supra
934 1232 1103 1315 scriptum)
1134 1230 1304 1306 cecidisset,
1329 1231 1465 1314 quaein
1489 1229 1633 1294 Mediceo
1657 1229 1810 1295 coaluerit
1831 1233 1865 1294 in
1891 1253 1983 1294 ceces-

793 1337 897 1413 sissct,
916 1356 991 1400 oum
1010 1335 1110 1401 altera
1129 1335 1269 1413 familia,
1292 1338 1345 1401 oui
1363 1324 1421 1400 hac
1440 1342 1524 1401 certe
1543 1339 1575 1400 in
1595 1357 1629 1401 re
1649 1339 1776 1422 cognati
1795 1334 1982 1413 deteriores,

795 1443 948 1509 cecidisset
970 1445 1132 1527 reciperet.

838 1549 881 1614 H.
906 1548 959 1625 IV,
986 1545 1015 1613 7.
1045 1548 1082 1613 In
1112 1551 1219 1634 iurgio
1248 1551 1333 1613 inter
1357 1546 1547 1613 Marcellum
1571 1548 1707 1635 Eprium
1731 1554 1763 1614 et
1786 1548 1981 1614 Helvidium

794 1655 941 1720 Priscum
964 1656 1015 1720 hio
1040 1656 1216 1720 contendit:

839 1762 950 1827 Fuisse
985 1761 1175 1846 Vespasiano
1213 1764 1388 1826 amicitiam
1424 1783 1498 1826 cnm
1532 1761 1672 1827 Thrasea
1705 1762 1823 1828 Sorano
1858 1762 1981 1841 Screti03

793 1891 928 1955 quorum
959 1875 1156 1934 accusatores
1187 1872 1312 1933 etiamsi
1336 1871 1444 1954 puniri
1468 1890 1530 1934 non
1554 1876 1716 1954 oporteat,
1741 1872 1894 1934 ostentari
1916 1891 1982 1933 non

792 1975 914 2041 debere.

837 2080 908 2146 Non
931 2083 1035 2167 ignoti
1058 2082 1197 2147 hominis
1216 2082 1268 2146 hic
1288 2084 1462 2167 requiritur
1479 2103 1612 2158 nomen,
1633 2081 1685 2146 sed
1707 2080 1820 2146 nobilis
1840 2079 1983 2146 alicuius

792 2187 970 2253 delatorum
993 2190 1159 2264 victimae,
1184 2187 1374 2273 nullumque
1398 2194 1464 2253 tam
1488 2196 1601 2274 aptum
1625 2209 1720 2274 quam
1740 2189 1873 2265 Senecae,
1895 2188 1983 2273 quod

794 2295 946 2380 praebent
968 2294 1148 2360 deteriores.

839 2400 882 2465 Η.
914 2399 967 2478 IV,
1000 2400 1052 2465 22.
1088 2400 1185 2486 Spem
1220 2404 1479 2488 oppugnantium
1510 2399 1675 2480 (Germani
1706 2402 1741 2465 hi
1772 2408 1846 2465 sunt
1877 2407 1985 2465 castra

794 2508 938 2574 Romana
968 2513 1202 2594 oppugnantes)
1233 2509 1371 2593 augebat
1402 2507 1581 2593 amplitudo
1612 2507 1705 2584 valli,
1738 2507 1821 2591 quod
1857 2506 1985 2571 duabus

793 2615 974 2700 legionibus
1015 2617 1114 2678 situm
1153 2617 1208 2680 vir
1251 2617 1391 2699 quinque
1425 2613 1515 2678 milia
1549 2620 1745 2680 armatorum
1780 2615 1985 2677 Romanorum

795 2721 977 2786 tuebantur.

838 2826 988 2910 Ineptum
1012 2824 1170 2890 emblema
1194 2826 1391 2889 manorum
1413 2847 1476 2890 non
1500 2832 1549 2890 est
1570 2828 1604 2890 in
1627 2825 1845 2890 deterioribus.

840 2932 921 2996 Addi
952 2940 1083 3017 possunt
1114 2932 1164 2995 his
1193 2934 1354 2996 innumeri
1385 2930 1465 3008 looi,
1490 2935 1522 2995 in
1546 2933 1661 3017 quibus
1684 2930 1892 2996 emendandis
1913 2933 1983 2996 iam

793 3059 868 3105 cnm
892 3037 1144 3117 „deterioribus”
1169 3037 1234 3103 illis
1258 3037 1380 3103 dudum
1403 3038 1539 3104 editores
1558 3041 1775 3116 consentiunt,
1796 3044 1827 3101 et
1848 3037 1984 3104 sortasse

794 3168 905 3232 operae
924 3148 1064 3231 pretium
1084 3146 1181 3211 fuerit
1200 3146 1389 3232 diligentius
1408 3149 1508 3211 etiam
1527 3168 1627 3210 unum
1648 3155 1680 3210 et
1698 3144 1983 3211 alterumillorum

794 3263 941 3319 excutere
965 3253 1128 3329 codicum,
1154 3256 1180 3316 si
1204 3253 1285 3317 forte
1308 3250 1370 3317 alia
1392 3253 1439 3316 ibi
1458 3251 1593 3329 lateant,
1614 3274 1693 3337 quae
1713 3273 1731 3316 a
1750 3253 1984 3316 recentioribus

794 3362 913 3425 criticis
945 3359 1086 3423 nondum
1118 3361 1182 3422 sint
1204 3361 1351 3434 inventa,
1377 3380 1450 3422 oum
1475 3364 1582 3423 tamen
1605 3357 1722 3443 Lipsiis
1747 3366 1778 3422 et
1801 3356 1984 3443 Madvigiis

793 3466 926 3551 indigna
955 3487 1017 3529 non
1048 3466 1177 3530 fuerint.
1208 3464 1261 3550 Sic
1291 3465 1421 3530 demum
1453 3466 1632 3550 apparebit,
1665 3464 1748 3549 quod
1777 3466 1900 3549 etipse
1926 3486 1984 3549 pro

794 3572 883 3637 virili
916 3577 1006 3657 parte
1042 3573 1256 3636 demonstrare
1291 3579 1421 3636 conatus
1456 3593 1527 3635 sum
1563 3570 1727 3655 prudentis
1761 3590 1827 3635 esse
1858 3572 1982 3635 critici:

796 3678 889 3757 ,inde
911 3680 1048 3755 bonum,
1072 3680 1228 3763 reperitur
1250 3679 1323 3754 ubi,
1348 3678 1408 3742 sibi
1432 3699 1556 3742 sumere
1580 3676 1736 3761 semper'’.

834 3785 931 3849 ,Nunc
962 3791 1070 3849 autem
1094 3823 1136 3832 -
1160 3784 1193 3848 id
1216 3784 1301 3869 quod
1326 3787 1453 3870 cognati
1476 3791 1524 3849 est
1547 3786 1730 3868 argumenti
1755 3820 1795 3830 -
1820 3803 1925 3846 unum
1951 3790 1984 3846 et

792 3891 931 3957 alterum
962 3889 1069 3955 locum
1100 3891 1244 3966 afferam,
1276 3892 1333 3955 ubi
1364 3891 1478 3955 tradita
1510 3889 1603 3955 lectio
1634 3894 1676 3954 sit
1698 3888 1878 3964 retinenda,
1904 3910 1982 3953 cum

792 3997 831 4062 ad
862 4018 914 4063 eos
948 3997 1181 4063 emendationes
1212 4000 1276 4062 sint
1307 4001 1504 4083 propositae,
1536 4019 1616 4083 quae
1647 4003 1704 4061 aut
1733 3998 1771 4061 ab
1801 3996 1982 4062 editoribus

792 4109 936 4188 receptae
967 4107 1033 4168 iam
1057 4106 1138 4180 sint,
1163 4110 1219 4168 aut
1243 4125 1411 4189 magnam,
1437 4107 1540 4188 primo
1564 4111 1646 4168 certe
1670 4109 1816 4188 aspectu,
1840 4102 1983 4168 habeant

793 4213 861 4274 veri
897 4213 1043 4295 speciem.
1076 4209 1172 4274 Haud
1202 4213 1288 4274 enim
1317 4210 1431 4275 inutile
1459 4210 1587 4275 videtur
1618 4233 1670 4272 cer
1693 4208 1880 4274 reiioiendae
1903 4209 1984 4276 illae

792 4317 856 4379 sint
880 4319 989 4400 paucis
1014 4316 1240 4381 demonstrare.

842 4424 879 4487 A.
912 4421 968 4499 XI,
995 4422 1025 4487 2.
1059 4421 1130 4508 Ipsa
1161 4422 1359 4503 (Messalina)
1386 4423 1424 4488 ad
1446 4425 1619 4508 perniciem
1645 4422 1807 4506 Poppaeae
1830 4420 1984 4502 festinat,

792 4529 947 4603 subditis,
979 4532 1034 4613 qui
1065 4535 1182 4595 terrore
1213 4532 1346 4594 carceris
1377 4530 1416 4594 ad
1447 4529 1661 4594 voluntariam
1693 4536 1829 4593 mortem
1858 4530 1985 4614 propel-

792 4635 908 4712 lerent,
943 4635 1020 4700 adeo
1055 4638 1167 4722 ignaro
1202 4633 1352 4712 caesare,
1382 4645 1420 4700 ut
1450 4657 1565 4721 paucos
1595 4642 1666 4720 post
1698 4636 1764 4700 dies
1794 4634 1984 4720 epulantem

793 4742 877 4827 apud
908 4764 941 4808 se
969 4745 1122 4807 maritum
1145 4746 1214 4809 eius
1238 4741 1417 4828 Scipionem
1442 4749 1687 4828 percontaretur,
1711 4764 1768 4807 our
1790 4745 1857 4806 sine
1881 4765 1985 4812 uxore

793 4848 1021 4928 discubuisset,
1046 4855 1141 4934 atque
1162 4849 1218 4916 ille
1241 4850 1383 4915 functam
1408 4850 1472 4915 tato
1495 4850 1705 4936 responderet.

840 4956 902 5020 Pro
913 4958 1101 5038 responderet
1110 4955 1271 5022 Acidalius
1283 4959 1467 5044 respondere,
1481 4957 1622 5022 Ritterus
1634 4959 1798 5043 respondet,
1811 4955 1984 5028 Ernestius
