5125 6150
988 812 1196 859 uvsnounruu
1219 812 1284 859 sno.
1308 812 1453 860 unucuu.
1751 799 1813 863 157

621 976 726 1056 ἰχίιίι,
756 977 802 1051 μίι
832 976 900 1039 cieri
932 975 1036 1056 ἰχθύος
1069 974 1139 1053 ὅφιν
1171 974 1308 1040 ἐπιδώσει
1340 979 1439 1057 αὐτῷ;
1466 978 1482 1052 ἢ
1508 977 1560 1040 καί
1588 979 1670 1057 (εἰ)
1695 981 1814 1053 αἰτήσει

620 1084 688 1163 pido,
714 1084 758 1158 μίι
784 1082 921 1146 ἐπιδώσει
946 1084 1028 1159 αὐτῷ
1051 1081 1189 1160 σκορπίοι
1206 1079 1246 1162 ¹);

668 1287 712 1349 At
747 1291 823 1347 sunt
856 1284 890 1347 hi
924 1283 1002 1359 loci,
1037 1292 1075 1348 ut
1106 1287 1239 1368 quisque
1270 1284 1378 1361 videt,
1411 1287 1494 1349 sicut
1525 1285 1582 1350 olii
1611 1286 1814 1363 huiusmodi,

621 1390 873 1474 Synoptioorum
906 1392 1111 1472 praesertim,
1144 1389 1343 1474 complures,
1376 1390 1414 1454 nd
1438 1390 1688 1477 intelligendum
1713 1396 1816 1477 aperti

621 1502 719 1580 atque
753 1496 914 1580 perspicui
949 1499 981 1558 et
1015 1493 1130 1559 leviter
1165 1501 1293 1560 tantum
1324 1499 1550 1573 contaminati;
1587 1499 1671 1562 unde
1706 1497 1742 1561 fit
1777 1502 1816 1562 ut

621 1600 721 1666 semel
755 1600 828 1664 sede
862 1602 938 1665 vitii
971 1607 1096 1685 reperto
1130 1601 1220 1666 nullo
1252 1605 1382 1687 negotio
1415 1605 1575 1686 personari
1607 1605 1739 1688 possint.
1777 1602 1814 1666 In

620 1708 870 1772 abstrusioribus
899 1727 975 1770 vero
999 1711 1030 1770 et
1054 1705 1308 1791 perplexionibus
1332 1710 1359 1770 si
1382 1708 1465 1772 forte
1489 1708 1633 1772 fraudem
1658 1708 1814 1774 detexisse

621 1819 654 1877 et
683 1833 798 1875 verum
829 1812 939 1875 videre
969 1811 1028 1874 tibi
1059 1811 1197 1888 videare,
1230 1812 1312 1876 nihil
1343 1815 1552 1897 praecipitare
1583 1815 1758 1898 praestabit
1782 1820 1814 1879 et

622 1919 820 2001 suspiciones
844 1922 916 1979 tuas
940 1937 1060 1979 nonum
1084 1937 1227 2000 premere
1250 1920 1283 1980 in
1308 1938 1437 1981 annum.

667 2022 740 2107 Ego
773 2026 874 2097 certe,
906 2041 946 2084 ne
976 2023 1045 2105 ipse
1067 2023 1175 2105 inepte
1199 2024 1401 2086 committam
1425 2022 1507 2106 quod
1531 2025 1564 2086 in
1588 2023 1689 2088 altero
1713 2045 1815 2109 repre

621 2126 759 2191 bendere
783 2125 886 2201 soleo,
911 2124 1044 2190 soidulis
1067 2127 1101 2188 in
1126 2124 1254 2210 aliquod
1278 2131 1406 2211 tempus
1429 2129 1593 2212 repositis,
1618 2128 1712 2193 hodie
1736 2130 1814 2201 sotis

621 2231 743 2295 habebo
774 2252 829 2294 vv.
862 2229 912 2294 dd.
946 2236 1004 2292 τῶι
1037 2229 1202 2294 ἐπαϊόντων
1225 2231 1338 2294 τούτων
1363 2231 1429 2309 πέρι
1452 2232 1571 2296 iudicio
1596 2238 1660 2298 tres
1685 2239 1813 2296 tantum

620 2336 707 2400 locos
731 2356 770 2399 ex
790 2334 968 2421 Evangelio
991 2334 1035 2399 St.
1056 2336 1158 2399 Marci
1179 2338 1382 2421 permittere,
1401 2342 1439 2400 ut
1458 2357 1585 2400 mecum
1604 2338 1813 2416 considerent,

621 2443 685 2504 nisi
708 2439 882 2504 molestum
906 2447 972 2515 est,
996 2461 1075 2503 num
1098 2444 1218 2505 mirum
1241 2443 1276 2503 in
1300 2440 1434 2504 modum
1456 2440 1640 2526 interpolati
1664 2445 1737 2507 sint.

666 2643 727 2708 Er.
752 2665 812 2708 sec.
838 2644 976 2707 Marcam
999 2644 1030 2707 ΙΙ
1044 2641 1085 2707 :9
1105 2664 1169 2727 seq.
1194 2641 1292 2709 Oodd.
1318 2644 1485 2708 exhibent:

666 2749 698 2812 τί
729 2749 811 2811 ἕστίν
841 2749 1045 2824 εὐκοπώτερον
1076 2750 1171 2812 εἰπεῖν
1202 2750 1244 2828 τῷ
1276 2749 1495 2826 παραλυτικῷ·
1530 2748 1680 2827 οἰφίειταί
1703 2772 1755 2811 σου
1779 2749 1811 2811 αί

620 2854 793 2932 οἰμαρτίαι,
826 2852 843 2927 ἢ
869 2855 982 2917 εἰπεῖν·
1008 2851 1104 2930 ἔγειρε
1129 2853 1181 2915 καί
1207 2847 1277 2931 οἰροι
1297 2853 1349 2916 τὸν
1373 2852 1558 2929 epidauro
1581 2877 1633 2916 σοιι
1657 2854 1708 2917 καί
1733 2877 1812 2931 περι-

619 2960 732 3037 ποίτει;
763 2957 812 3023 ἵνα
837 2958 868 3022 δὲ
892 2959 993 3031 εἰδεῖτε
1016 2954 1062 3022 dri
1089 2956 1228 3032 ἐξουσίαν
1252 2957 1320 3035 ἔχει
1346 2959 1359 3022 ί
1385 2959 1446 3028 οἰὸς
1469 2962 1523 3020 τοῦ
1547 2960 1700 3036 οἰιθριίποιι
1722 2957 1812 3037 οἰΦιί-

620 3090 669 3130 ναι
704 3064 865 3142 οἰμαρτίας
900 3064 950 3128 tet
987 3071 1044 3138 τῆς
1078 3070 1156 3141 γῆς,
1192 3061 1326 3146 [λέγει
1361 3064 1410 3142 τῷ
1447 3066 1729 3146 παραλυτικῷ]
1764 3063 1809 3128 σοί

619 3171 720 3247 λέγω·
753 3169 869 3250 ἔγειρε,
901 3166 971 3248 ἆρον
1003 3170 1054 3233 τδι
1086 3167 1272 3247 αριίββατίι
1305 3192 1357 3233 σου
1383 3170 1435 3232 καί
1461 3167 1565 3246 ὕπαγε
1590 3171 1634 3241 εἰς
1657 3173 1708 3233 τὸν
1732 3166 1810 3235 οἰείι

621 3302 674 3341 σου
699 3274 813 3356 arist).

667 3381 768 3460 Quem
813 3381 942 3447 tandem
985 3401 1083 3444 usum
1119 3381 1148 3442 ἓν
1183 3388 1246 3452 τοῖς
1281 3377 1551 3458 συμφραζομέιοις
1588 3381 1723 3445 habeant
1757 3402 1809 3445 vv.

620 3487 739 3562 λέγει
773 3487 822 3566 τῷ
858 3487 1125 3563 παραλυτικῷ
1162 3485 1248 3549 haud
1280 3485 1373 3550 facile
1407 3485 1534 3550 dixeris.
1566 3484 1649 3563 Quin
1681 3507 1810 3571 prorsus

620 3612 853 3677 supervacanea
884 3599 969 3656 sunt.
1003 3591 1281 3671 Quemadmodum
1305 3594 1409 3666 enim,
1433 3591 1491 3654 ubi
1513 3588 1561 3653 ίνα
1587 3591 1618 3655 δὲ
1643 3592 1741 3664 εἰδεῖτε
1764 3595 1811 3656 ait

619 3697 725 3773 Iesus,
757 3717 832 3761 sane
864 3719 960 3781 quam
990 3697 1165 3762 absurdum
1196 3697 1309 3761 fuisset
1339 3698 1372 3759 in
1405 3696 1511 3759 media
1534 3700 1692 3761 sententia
1714 3699 1811 3761 inter-

623 3823 740 3888 ponere
771 3806 892 3866 τοῦτο
924 3802 1044 3878 λέγει
1075 3810 1162 3874 τοῖς
1186 3807 1485 3879 γραμματεῦσι
1509 3800 1565 3865 vel
1586 3801 1691 3866 simile
1714 3801 1809 3885 quid,

622 3937 820 3948 ---—-—-

656 4013 684 4078 l)
708 4013 829 4062 Bussrus
850 4012 914 4060 hunc
931 4011 1009 4060 locum
1026 4011 1155 4060 secundnm
1175 4012 1276 4059 {ormam
1293 4026 1353 4074 quae
1369 4010 1463 4059 videtur
1480 4012 1601 4068 Romana,
1621 4012 1654 4060 ita
1671 4013 1807 4063 constituite

619 4095 679 4142 τίνα
696 4092 723 4142 ii
742 4091 769 4157 ἰξ
788 4092 855 4154 ὑμῶν
873 4094 916 4140 τδν
933 4090 1032 4153 πατίρα
1049 4092 1061 4140 d
1079 4092 1130 4149 οίδς
1147 4091 1247 4147 αἰτήσει
1267 4089 1349 4153 ixion,
1366 4090 1409 4139 καί
1424 4091 1482 4139 ἀντί
1499 4090 1585 4153 ἰχθύος
1601 4091 1656 4154 idio
1673 4090 1742 4154 αὐτῷ
1759 4090 1809 4142 ἰπι·

619 4175 707 4231 διίστη
725 4176 739 4232 ii
757 4174 799 4223 ιιαί
816 4172 917 4230 αἰτιίσει
936 4173 988 4234 ᾠόν,
1006 4171 1122 4222 ἰπιδοίσει
1144 4170 1225 4227 <δί>
1248 4173 1376 4233 σκορπίον;

653 4258 679 4312 2)
702 4256 829 4315 Similiter,
852 4256 897 4304 nisi
914 4255 977 4319 quod
995 4255 1064 4303 initio
1083 4259 1136 4318 post
1153 4271 1175 4303 v.
1193 4252 1269 4301 εἰπεῖν
1286 4255 1372 4302 metius
1389 4254 1506 4301 omittunt
1524 4259 1564 4316 τῷ
1582 4264 1735 4314 παραλοτ
1758 4260 1808 4316 xp:

655 4337 748 4388 uasta.
767 4338 843 4387 ΙΧιδ
861 4354 908 4402 aeq.
935 4338 966 4385 τί
984 4336 1034 4399 γάρ
1056 4333 1126 4384 ἰσπιν
1144 4334 1309 4396 εἰκοπιίτερον
1326 4335 1415 4384 εἰπεῖν·
1433 4335 1555 4397 ἀφίενταί
1567 4353 1612 4383 σοο
1629 4337 1659 4383 αι’
1673 4335 1810 4396 ἁμαρτίαι,

620 4420 635 4477 ii
653 4422 729 4468 εἰπεῖν
746 4420 827 4482 ’ίγειρε
844 4418 886 4467 καί
902 4415 1046 4480 περιπιίτεις
1064 4418 1104 4465 ἵνα
1122 4414 1148 4464 δί
1165 4415 1249 4472 εἰδῆτε
1265 4415 1305 4464 ἰίτι
1322 4412 1437 4480 ἰξοιισίαν
1454 4415 1512 4477 ’ίχει
1531 4415 1543 4463 d
1561 4416 1612 4472 ιιίδς
1626 4418 1672 4463 τοῦ
1686 4414 1810 4477 ostentm

621 4499 664 4549 ἰπί
687 4504 734 4557 τῆς
757 4503 806 4561 γῆς
823 4499 920 4560 ιίῷιίναι
939 4499 1079 4560 ἁμαρτίας,
1096 4499 1184 4562 [τότε
1202 4496 1295 4559 λέγει
1314 4502 1354 4558 τῷ
1373 4497 1611 4560 παραλοτιιιῷ]’
1632 4495 1737 4559 ἑγερίείς
1754 4493 1809 4556 ἆρόν

621 4599 667 4630 σου
685 4582 731 4636 τὴν
749 4583 833 4636 κλίνην
850 4584 892 4629 καί
911 4580 995 4642 δ’παγε
1012 4579 1048 4636 εἰς
1065 4581 1108 4628 τδν
1126 4575 1189 4628 οἰκον
1208 4595 1261 4627 σου.

654 4667 709 4712 Luc.
735 4663 814 4712 V.'28
829 4679 878 4726 aeq.
901 4664 932 4709 τί
952 4658 1023 4710 ἐστὶν
1047 4659 1210 4720 εἷιιεοπιίτερον
1234 4659 1323 4708 εἰπεῖν·
1343 4658 1474 4719 οἰφίοονταί
1490 4677 1528 4707 σοι
1547 4661 1577 4708 αί
1591 4659 1714 4720 ιίμαρτίαι
1732 4660 1809 4716 cocti

617 4745 710 4796 εἰπεῖν·
735 4743 815 4805 ’ίγειρε
834 4742 877 4791 ιιαί
894 4742 1036 4803 mimirum
1055 4743 1095 4789 tta
1113 4740 1140 4789 δδ
1158 4740 1241 4796 εἰδῆτε
1260 4740 1299 4789 dri
1317 4741 1330 4789 d
1349 4742 1399 4796 οἰὸς
1417 4744 1463 4788 τοῦ
1481 4740 1603 4800 οἰνίροίποο
1622 4737 1735 4804 ἐξουσίαν
1752 4739 1810 4802 ’ἔχει

618 4824 662 4876 int
685 4830 732 4883 τῆς
754 4828 803 4888 γῆς
820 4823 918 4885 ἀφιέναι
937 4823 1063 4885 ἁμαρτίας
1086 4819 1189 4888 [sim
1208 4827 1250 4883 τῷ
1270 4821 1553 4888 παραλελομίνῳ]·
1573 4824 1617 4871 σοί
1632 4821 1711 4886 λε’γιι·
1731 4819 1810 4884 ’ίγειρε

620 4909 663 4957 καί
680 4907 741 4969 ipae
758 4908 788 4954 τὸ
806 4904 921 4954 κλινίδιον
939 4921 984 4952 σον
1001 4905 1102 4964 πορεύου
1120 4903 1156 4962 εἰς
1174 4905 1217 4952 τδν
1234 4899 1298 4952 οἰκον
1315 4920 1368 4953 σον.
