5125 6150
686 864 755 928 422
1058 879 1101 926 nu
1124 879 1356 928 nnrsrorrsnsm
1377 881 1515 930 rnornu.

688 1048 780 1112 oticis
799 1051 831 1108 at
850 1065 984 1109 avorum
1006 1051 1186 1109 nostrorum
1209 1046 1414 1129 „equitibus”
1435 1054 1468 1112 et
1487 1068 1568 1131 quae
1586 1048 1679 1134 plura
1694 1056 1772 1117 sunt
1783 1051 1878 1118 huius

688 1153 815 1237 generis
828 1148 864 1228 1).

733 1255 846 1339 Itaque
875 1257 979 1320 iocoso
1010 1254 1147 1339 quodam
1176 1255 1308 1341 linguae
1340 1255 1430 1341 lapsu
1461 1259 1495 1323 rt
1528 1259 1653 1339 σίλφιον
1685 1282 1771 1327 nune
1803 1263 1879 1329 dicit

689 1361 892 1448 Sycophanta
923 1360 992 1424 ἀντὶ
1024 1365 1077 1424 τοῦ
1108 1360 1245 1440 χρυσίου,
1277 1364 1312 1425 in
1336 1364 1495 1443 proverbio
1526 1386 1601 1430 vero
1626 1373 1703 1432 tunc
1726 1372 1879 1454 temporis

688 1469 786 1532 fuisse
811 1467 898 1531 Batti
921 1465 1076 1551 silphium
1100 1466 1293 1531 confidenter
1315 1488 1415 1552 neg03
1441 1471 1468 1533 si
1490 1469 1553 1534 fuit
1576 1492 1738 1556 unquam,
1761 1511 1803 1523 -
1826 1475 1878 1539 sed

688 1575 745 1637 vix
780 1571 813 1634 id
844 1570 935 1636 credo
967 1608 1009 1620 —
1041 1593 1079 1635 ex
1110 1573 1178 1656 ipso
1210 1571 1268 1636 hoc
1300 1574 1412 1637 comici
1443 1575 1511 1640 ioco
1540 1575 1635 1641 fluxit
1663 1576 1748 1642 illud
1778 1599 1879 1665 genus

687 1675 847 1762 loquendi.

734 1910 787 1974 Vs.
820 1910 896 1975 904.
933 1906 985 1974 Ad
1019 1908 1275 1994 Sycophantam,
1313 1912 1368 1994 qui
1400 1913 1520 1995 patriae
1552 1932 1585 1977 se
1617 1916 1878 1980 amantissimum

688 2038 755 2082 esse
787 2016 965 2101 perhibuit,
998 2017 1048 2078 vir
1079 2014 1205 2078 Iustus:
1231 2015 1303 2092 „die
1325 2016 1429 2096 letter,
1455 2040 1522 2080 eene
1546 2018 1727 2100 aprieota?”
1754 2059 1796 2070 —
1820 2019 1879 2087 Oui

688 2103 907 2208 Sycophanta:
938 2143 1135 2197 „vesanemne
1158 2143 1202 2183 me
1225 2142 1287 2183 esee
1304 2121 1442 2203 potae?”
1468 2160 1510 2172 —
1535 2122 1646 2189 Iustus
1670 2125 1761 2190 dein:
1788 2150 1879 2205 „mer-

688 2235 771 2292 eator
792 2226 931 2308 ipitur?”
956 2226 1041 2290 Tum
1064 2225 1139 2290 illa:

914 2335 981 2410 οοοί,
1007 2332 1190 2406 σκήπτομαί
1212 2333 1245 2408 γ’
1265 2329 1340 2396 ὅταν
1363 2332 1469 2412 τύχω,
1494 2370 1536 2382 -

687 2441 743 2504 ubi
763 2460 839 2504 cave
858 2460 897 2503 ne
917 2439 1115 2522 obtemperes
1134 2436 1380 2502 Hemsterhusio
1403 2440 1507 2504 invita
1529 2438 1643 2526 lingua
1666 2479 1707 2491 —
1736 2442 1823 2527 quod
1845 2446 1876 2508 in

687 2546 743 2611 tali
769 2549 839 2611 viro
865 2548 991 2609 mireris
1011 2544 1215 2609 -suadenti
1235 2545 1318 2624 rim
1331 2545 1367 2623 ²).
1397 2547 1512 2626 „Finpo
1532 2547 1629 2610 certe”
1650 2585 1693 2597 -
1715 2551 1764 2614 ait
1782 2550 1878 2615 homo

686 2673 823 2737 nequam
836 2689 878 2700 ·-
894 2658 1102 2729 „mercatorem
1119 2673 1163 2712 me
1182 2672 1253 2727 eree,
1274 2650 1369 2713 οοοοοόο
1378 2652 1453 2736 fert
1472 2651 1552 2715 rea'’.
1572 2651 1692 2718 Eadem
1713 2661 1825 2720 autem
1845 2659 1878 2720 in

685 2756 911 2822 Ecclesiazusis
931 2755 1085 2842 leguntur
1102 2756 1214 2820 verba:
1236 2753 1385 2836 »ἔμπορος
1399 2752 1476 2821 εἶναι
1490 2758 1704 2836 οκοὶποομοοι”.
1726 2759 1770 2824 ut
1781 2761 1878 2846 proba

685 2868 835 2930 novimus
864 2884 1016 2948 quorsum
1041 2864 1211 2947 utrobique
1234 2865 1432 2946 respiciatur.
1457 2863 1674 2930 Mer-catorum
1697 2867 1878 2932 commodis

684 2971 773 3057 leges
802 2969 1010 3056 invigilantes
1040 2990 1096 3054 per
1125 2969 1272 3054 hibernos
1304 2975 1431 3033 tantum
1462 2990 1606 3048 menses,
1638 2972 1757 3056 quibus
1787 2971 1878 3038 nnlla

685 3085 753 3143 erat
775 3080 956 3163 navigatio,
980 3097 1091 3140 eorum
1113 3073 1186 3140 lites
1210 3077 1282 3154 (τὰς
1308 3074 1478 3150 ἐμπορικὰς
1504 3074 1607 3156 δίκας)
1630 3080 1685 3163 agi
1709 3078 1876 3144 iubebant.

683 3183 794 3268 Itaque
814 3185 841 3246 si
861 3185 932 3267 quis
952 3184 1143 3246 intentatam
1162 3181 1224 3244 sibi
1242 3180 1336 3245 litem
1356 3179 1479 3246 differre
1498 3180 1641 3259 volebat,
1664 3191 1876 3249 mercatorem

685 3311 717 3354 se
741 3288 965 3374 profitebatur:
991 3290 1036 3352 sic
1059 3308 1120 3350 non
1144 3285 1260 3351 licebat
1283 3292 1356 3351 ante
1380 3289 1561 3371 proximam
1585 3288 1727 3353 hiemem
1748 3310 1825 3355 eum
1845 3294 1876 3354 in

684 3398 735 3459 ius
754 3415 866 3459 vocare
881 3392 915 3473 ³).
937 3396 1004 3457 Aut
1023 3391 1152 3457 volebat
1169 3391 1308 3476 aliquem
1330 3395 1396 3456 sine
1417 3414 1505 3457 mora
1517 3392 1736 3457 damnandum
1749 3414 1876 3461 curare:

686 3498 836 3577 »ἔμπορος
869 3498 954 3573 εἱμο”
985 3499 1089 3562 aiebat
1119 3503 1261 3583 tempore
1292 3497 1424 3561 hiberno
1456 3497 1548 3562 litem
1580 3497 1620 3562 ad
1644 3501 1876 3590 magistratum

685 3606 839 3680 deferens,
861 3611 892 3668 et
912 3604 1003 3668 brevi
1024 3624 1091 3668 rem
1110 3602 1195 3687 apud
1216 3602 1450 3667 thesmothetas
1469 3602 1637 3667 diiudicari
1657 3606 1828 3688 oportebat
1840 3605 1874 3684 ⁴).

685 3710 908 3776 Demosthenis
939 3716 1046 3774 autem
1071 3715 1173 3773 aetate
1196 3709 1278 3771 intra
1302 3731 1392 3771 οοοοοο
1414 3730 1536 3771 mensem
1559 3716 1777 3775 mercatorum
1802 3710 1875 3776 lites

685 3818 809 3882 decerni
840 3816 928 3902 leges
958 3816 1126 3892 iubebant,
1159 3813 1213 3878 sed
1244 3816 1384 3878 comicus
1408 3835 1482 3878 cum
1507 3814 1636 3879 vivebat
1659 3815 1806 3882 nondum
1831 3820 1875 3882 in·

685 3923 830 3988 valuerat
852 3922 912 3985 hoc
936 3926 993 3984 τῶν
1017 3920 1159 3995 ἐμμήνων
1182 3918 1268 3983 δοκῶν
1292 3921 1490 3983 institutum.

730 4028 822 4093 Nunc
853 4030 908 4111 qui
940 4025 1084 4111 loquitur
1108 4028 1259 4109 quoniam
1284 4025 1568 4111 sycophantiam,
1593 4045 1710 4109 parum
1735 4034 1787 4092 est
1812 4030 1876 4094 veri

684 4134 807 4211 simile,
838 4137 939 4197 immo
971 4131 1118 4196 credibile
1147 4134 1275 4196 omnino
1308 4152 1372 4195 non
1405 4134 1469 4206 est,
1494 4151 1568 4194 eum
1591 4129 1680 4195 aliud
1706 4132 1787 4216 quid
1812 4137 1874 4199 iam

686 4244 842 4325 cogitare,
878 4237 963 4321 quod
998 4260 1059 4302 non
1094 4259 1111 4302 e
1142 4258 1175 4301 re
1205 4236 1372 4301 iudiciaria
1404 4235 1458 4301 sed
1489 4257 1506 4300 e
1536 4238 1605 4300 vita
1636 4242 1807 4304 communi
1837 4242 1876 4304 sit

685 4347 886 4421 desumtum;
921 4346 954 4407 in
989 4342 1214 4407 Ecclesiazusis
1244 4348 1370 4417 autem,
1407 4341 1462 4405 ubi
1497 4340 1608 4405 eadem
1640 4344 1739 4407 verba
1769 4347 1875 4410 iocum

686 4453 835 4538 praebere
859 4448 1062 4533 supradixi,
1088 4470 1148 4512 non
1172 4445 1265 4511 aliter
1288 4466 1383 4530 quam
1408 4451 1515 4510 nostro
1538 4445 1606 4510 loco
1630 4466 1699 4512 esse
1722 4452 1876 4535 interpra

688 4627 884 4643 ..ι-ν’·-

719 4744 743 4801 1)
761 4740 815 4789 vid.
832 4741 861 4788 ad
880 4737 943 4787 Nnb.
960 4738 1017 4786 248.

718 4824 745 4885 2)
764 4821 818 4870 vid.
836 4822 895 4869 ann.
913 4822 962 4868 aas
979 4823 1024 4867 ete.

718 4905 745 4952 3}
764 4903 819 4950 vid.
839 4904 890 4964 bys
910 4900 979 4949 xvn
998 4903 1040 4961 ςῡ,
1060 4898 1163 4960 Heayoh.
1181 4913 1199 4944 ο.
1217 4912 1239 4946 v.
1257 4894 1386 4954 Ἴμβριος,
1402 4892 1495 4941 Pollae.
1513 4891 1577 4941 VIII
1595 4892 1656 4953 §BL

718 4986 746 5046 4)
767 4983 887 5031 Demosth.
906 4981 1013 5031 lllllllIl
1032 4979 1114 5037 initio,
1131 4978 1198 5042 [Aa]
1218 4978 1274 5041 Rep.
1294 4975 1350 5024 ath.
1369 4974 1400 5021 ⁵9
1418 4976 1463 5035 §a
