5125 6150
689 797 732 861 70
1073 814 1117 861 ιο
1140 813 1372 861 merorum
1392 811 1486 860 im

685 994 890 1060 scribendum
925 1015 994 1058 esee
1027 1015 1085 1078 pro
1121 992 1298 1068 ἕρειβάτιιτ.
1334 992 1539 1078 Quomquem
1573 991 1710 1058 liboutor
1741 993 1878 1059 oouoedo

686 1100 769 1164 mihi
792 1120 921 1184 quoque
943 1114 1129 1183 suspectum
1153 1135 1196 1147 -
1220 1101 1254 1162 iu
1278 1097 1433 1162 Pieetoeri
1455 1114 1541 1163 oerto
1561 1119 1616 1162 ore
1639 1134 1682 1145 —
1703 1119 1773 1164 eene
1794 1097 1877 1162 illud

686 1205 849 1283 ίρειβάτης
874 1204 927 1268 vel
950 1204 1096 1281 ίριβάτης
1106 1253 1114 1280 ,
1139 1225 1214 1268 cum
1234 1225 1349 1288 purum
1367 1216 1519 1289 apparent
1537 1225 1596 1268 our
1612 1211 1779 1267 nontam
1797 1204 1878 1269 hene

683 1334 751 1377 esee
773 1333 868 1376 erem
891 1314 1072 1396 suspioetur
1094 1309 1177 1374 ulter
1199 1310 1458 1374 Atheniensium.

732 1417 767 1480 ld
798 1438 900 1481 uuum
931 1415 1051 1502 liquet,
1075 1419 1236 1480 oomioum
1259 1435 1343 1480 nuno
1366 1436 1493 1500 quoque
1514 1417 1640 1480 imitari
1661 1415 1758 1480 verbo
1780 1419 1878 1502 trogi-

683 1543 811 1597 oorum;
835 1522 891 1587 sed
914 1524 1067 1586 obeourus
1090 1536 1198 1587 manet
1223 1520 1313 1585 loeus
1335 1542 1439 1606 noque
1458 1521 1559 1586 habeo
1577 1521 1661 1606 quod
1681 1542 1876 1607 proponam,

684 1632 747 1692 nisi
778 1628 864 1712 quod
895 1625 1031 1703 ,ι’ίτοτις
1054 1626 1152 1705 epe?
1176 1648 1240 1691 non
1263 1642 1378 1712 poetae
1400 1626 1455 1692 eod
1477 1626 1668 1712 glossatoris
1688 1627 1786 1693 verbo
1809 1648 1877 1693 eese

684 1733 832 1798 arbitror.

728 1944 782 2009 Ve.
807 1943 870 2008 331
885 1965 952 2028 sqq.
976 1946 1006 2008 Δ
1028 1963 1105 2028 roge
1128 1964 1186 2007 euo
1210 1942 1353 2028 proditos
1375 1964 1409 2008 ee
1432 1950 1613 2028 queruntur
1634 1943 1746 2009 alites:

1001 2048 1124 2127 παρέβη
1149 2050 1207 2124 μέν
1229 2050 1359 2123 δεσμοὺς
1384 2050 1554 2129 άρχαίους,

1002 2154 1125 2230 παρέβη
1150 2154 1177 2218 δ’
1200 2151 1302 2233 ὅρκους
1327 2154 1460 2232 ίρνίίιιν·

866 2262 908 2331 είς
932 2260 965 2325 δέ
987 2260 1074 2324 ίίλον
1097 2259 1247 2336 εἰιάλεσε,
1271 2259 1437 2340 παρέβαλέ
1460 2263 1489 2324 τ’
1513 2259 1571 2336 έμέ
1595 2260 1681 2339 παρά

865 2364 953 2443 γένος
976 2366 1105 2446 άνέοιον,
1129 2361 1203 2443 ὅπερ
1226 2365 1306 2442 ἐξότ’
1331 2364 1448 2442 ἐγένετ’
1473 2365 1523 2429 ἐπ’
1547 2365 1575 2428 έ

863 2470 914 2548 μοί
939 2471 1087 2546 πολέμιον
1110 2471 1243 2549 έτράφη.

730 2577 930 2644 Ultimorum
952 2598 1108 2643 veroum
1131 2598 1282 2642 numeros
1305 2583 1471 2663 oorruptoe
1492 2597 1560 2642 esee
1584 2583 1744 2642 testantur
1766 2600 1876 2645 vorsus

686 2683 881 2768 antistrophi
911 2681 1131 2761 (ete-351),
1162 2683 1298 2747 verbum
1328 2693 1438 2747 autem
1468 2681 1692 2760 παραβάλλειν
1722 2684 1799 2748 hino
1830 2692 1877 2751 eet

685 2788 846 2865 alienum,
878 2809 979 2872 neque
1010 2791 1147 2852 atticum
1170 2796 1219 2851 eet
1242 2787 1329 2864 ε’ξίτε
1354 2808 1412 2872 pro
1436 2787 1470 2864 έξ
1492 2784 1572 2864 hoo,
1597 2810 1700 2873 neque
1723 2793 1878 2875 praeposi·

686 2897 789 2957 tiones
813 2897 900 2970 ταριέ
919 2902 951 2958 et
972 2894 1024 2958 ἐπί
1042 2895 1090 2958 ita
1109 2892 1254 2957 adhiberi
1272 2898 1457 2977 potuerunt.
1476 2892 1588 2978 itaquo
1606 2901 1730 2979 portem
1747 2896 1877 2980 quidem

685 3001 842 3064 vitiorum
873 2997 962 3062 tollit
991 2999 1025 3062 id
1057 2998 1142 3084 quod
1172 3001 1341 3084 proposuit
1372 2995 1477 3063 Groen
1507 2997 1579 3076 ίτερ
1615 2999 1650 3077 ἐξ
1672 2997 1741 3064 ίτιιι
1765 3002 1876 3078 ’γένετ’

686 3106 752 3180 έμοί
784 3105 930 3178 πολέμιον
954 3105 1093 3185 έτράφη,
1118 3127 1181 3170 non
1205 3112 1313 3169 tamen
1337 3104 1471 3181 sufficit,
1494 3106 1550 3170 sed
1573 3108 1748 3190 requiritur
1769 3112 1877 3193 potius

684 3211 907 3276 huiuscemodi
930 3211 1024 3295 quid:

776 3319 818 3385 είς
844 3316 876 3381 δέ
899 3317 985 3381 δόλον
1010 3316 1187 3391 ένέβαλέ
1210 3340 1278 3392 με,
1302 3315 1417 3391 ίεῦρέ
1439 3339 1481 3379 τε
1506 3317 1800 3396 παρεκάλεσεν

776 3422 862 3499 γένος
887 3421 1006 3486 άνίοιον
1030 3423 1087 3485 ἐπ’
1112 3419 1181 3498 ἔμ’,
1205 3417 1278 3500 ὅπερ
1304 3421 1338 3497 έξ
1361 3418 1431 3485 ὅταν
1453 3422 1564 3497 ’γένετ’
1589 3422 1655 3487 atet

775 3550 827 3602 μοι
852 3527 997 3600 πολέμιον
1021 3525 1152 3606 ε’τράφη.

732 3737 785 3801 Vs.
811 3736 876 3802 395
898 3759 964 3822 eqq.
997 3736 1149 3822 Euelpidi
1172 3740 1301 3823 roguuti
1323 3738 1380 3802 ubi
1404 3736 1604 3823 sepulturum
1627 3743 1693 3805 eint
1715 3743 1879 3808 inventuri

686 3846 714 3907 ei
737 3845 770 3906 in
796 3864 907 3929 pugno
931 3844 970 3907 ab
994 3844 1107 3908 ovibus
1130 3843 1325 3919 occidentur,
1348 3845 1455 3908 iooane
1477 3844 1676 3910 Pieetoeruo:

1002 3950 1016 4012 ί
1041 3949 1230 4024 Κεραμεικὸς
1255 3947 1378 4025 δέξεται
1402 3948 1457 4030 opi·

1003 4053 1136 4135 δημοσίᾳ
1161 4054 1224 4132 γάρ
1247 4051 1298 4117 ίνα
1321 4059 1485 4132 ταφῶμεν,

1002 4161 1142 4237 φήσομεν
1166 4158 1239 4237 τρίς
1264 4158 1334 4229 τοὺς
1359 4159 1571 4237 στρατηγούς,

1003 4263 1174 4343 μαχομένω
1198 4272 1261 4335 τοῖς
1286 4267 1475 4339 πολεμίοισιν

1046 4370 1211 4433 άποίιινείν
1235 4370 1265 4433 έν
1289 4372 1447 4447 Ὀρνεαῖς,

686 4477 742 4538 ubi
781 4475 896 4538 Οννιοοι
919 4475 996 4539 urbs
1019 4473 1171 4560 Argolico
1195 4497 1257 4540 non
1280 4482 1409 4562 propter
1431 4497 1541 4541 censos
1563 4478 1718 4561 quosdam
1742 4481 1881 4545 recondi·

685 4583 753 4653 tas,
785 4600 865 4663 quoe
897 4580 1128 4664 deprehendero
1159 4581 1220 4645 sibi
1254 4584 1414 4647 visisunt
1437 4585 1646 4666 interpretes,
1672 4583 1726 4648 sed
1749 4591 1882 4670 propter

686 4682 792 4748 solum
827 4687 967 4749 nominis
1001 4706 1118 4749 sonum
1152 4694 1434 4751 commemoretur.
1469 4686 1531 4751 Sed
1566 4688 1625 4753 hoo
1659 4691 1693 4751 in
1728 4693 1879 4754 transitu.

685 4785 811 4850 Vitium
843 4790 1050 4854 manifestum
1080 4790 1139 4855 ulit
1171 4811 1282 4855 vereue
1313 4791 1472 4856 eeoundue
1503 4813 1521 4857 a
1552 4792 1681 4879 duotylo
1704 4796 1878 4879 incipiene;

685 4899 880 4977 quapropter
909 4894 1041 4967 δημόσια
1065 4898 1234 4981 proposuit
1257 4896 1403 4974 Brunolr,
1428 4896 1555 4975 ίημίίεν
1579 4897 1682 4965 Kook.
1706 4898 1822 4979 Qualia
1844 4904 1879 4966 iu
