5125 6150
688 813 753 881 174
1192 831 1360 882 numurus.

685 1005 826 1064 mentem
846 1019 1055 1083 eorumquae
1073 997 1226 1085 leguntur
1246 996 1350 1063 Schol.
1368 996 1459 1063 llied.
1480 996 1591 1076 n494,
1614 997 1669 1062 nbi
1693 996 1731 1062 de
1753 996 1861 1062 eedem

683 1105 740 1171 illa
771 1107 851 1171 bove
883 1126 987 1170 sermo
1012 1104 1064 1170 fit:
1095 1105 1342 1181 attrectantes
1364 1109 1471 1170 πιῖσαο
1495 1106 1638 1169 Βοιωτίαν
1660 1104 1862 1177 ίιινιίσασα

685 1213 844 1288 irenside,
869 1210 924 1276 sed
948 1215 1120 1277 necessario
1144 1210 1370 1298 corrigendum
1393 1218 1457 1276 est:
1483 1210 1707 1275 θκλιίσασα.

729 1428 826 1514 §791
859 1426 916 1499 dics
947 1428 985 1494 ἂν
1017 1431 1086 1509 ἐρῶν
1117 1453 1165 1500 τις
1198 1431 1239 1500 είς
1271 1429 1306 1493 τὸ
1337 1430 1457 1508 θέατρον
1480 1428 1639 1507 παρίλθοι,
1663 1429 1862 1508 ἐσωφρονίσθη

684 1535 749 1600 ἰδὼν
780 1533 838 1599 ὅσα
869 1533 1011 1614 ἔρωτος
1045 1535 1150 1600 κακὰ
1182 1535 1292 1610 clun.
1317 1536 1457 1621 Apparet
1481 1535 1568 1600 foede
1591 1540 1776 1620 corruptum
1799 1554 1865 1598 esse

684 1644 865 1727 optativum
897 1641 1057 1720 παρέλθοι,
1089 1641 1143 1705 sed
1174 1644 1252 1706 setis
1280 1648 1399 1706 certam
1423 1644 1647 1707 correctionem
1669 1661 1731 1705 non
1754 1640 1865 1716 video,

684 1767 758 1811 nem
793 1746 867 1833 plus
899 1768 962 1813 une
992 1746 1164 1833 probabilis
1196 1749 1248 1811 vie
1279 1746 1458 1812 ostenditur
1465 1767 1473 1823 ;
1506 1746 1561 1812 sed
1584 1747 1739 1812 offirmare
1762 1749 1867 1812 susim

684 1853 886 1918 scribendum
909 1873 993 1919 esse:
1018 1849 1077 1918 θσα
1100 1853 1192 1932 ἔρως
1216 1856 1323 1918 κακοὶ
1348 1861 1473 1919 τελεῖ.

728 2071 818 2158 583.
854 2073 907 2138 Fit
938 2095 1042 2138 sermo
1074 2072 1112 2139 de
1142 2073 1298 2140 histrione
1328 2076 1384 2159 qui
1415 2094 1516 2159 quum
1547 2074 1678 2138 Aiacem
1708 2073 1867 2138 furiosum

684 2188 810 2266 ageret,
842 2182 903 2259 οὐχ
935 2181 1149 2258 ὑποκρίνασθαι
1181 2184 1298 2255 μανίαν
1330 2181 1418 2245 α’)ιλὰ
1440 2183 1603 2259 μαίνεσθαι
1628 2181 1720 2249 atsto
1745 2181 1866 2252 οίκίτος

684 2285 722 2350 ἄν
752 2310 809 2351 τινι
841 2285 950 2361 ἔδοξεν.
986 2285 1164 2352 Pleudebet
1187 2287 1337 2374 populus,
1361 2286 1416 2353 sed
1439 2294 1629 2372 spectatores
1650 2285 1870 2373 intelligentes

683 2399 772 2458 erent
802 2401 866 2464 τοῖς
896 2394 1027 2464 ἐπαίνοις
1060 2394 1111 2457 καὶ
1145 2395 1231 2458 αὐτοὶ
1263 2397 1318 2468 eor
1349 2391 1489 2458 ἄνοιαν
1512 2401 1567 2468 τῆς
1590 2393 1740 2473 ίρχιίσοοις
1764 2395 1870 2458 ίπιιια-

685 2504 865 2571 λύπτοντες.
890 2499 976 2564 Imo:
1001 2504 1055 2572 τίον
1080 2500 1210 2567 ἀνίαν.

729 2718 822 2804 §od
858 2718 954 2783 Brevi
984 2725 1056 2804 post
1085 2716 1141 2783 ille
1172 2718 1287 2784 histrio
1317 2721 1466 2805 resipuit,
1501 2716 1558 2787 dcc
1584 2719 1636 2783 καί
1662 2726 1785 2790 νοσῆσαι
1811 2718 1868 2784 ὑπὸ

687 2826 788 2899 edm
823 2829 861 2894 ὧι
896 2826 1013 2897 ciendos
1046 2825 1095 2889 ἐπὶ
1127 2827 1226 2906 μανίᾳ
1258 2825 1604 2902 κατεγνωσμένον.
1636 2825 1732 2890 Hunc
1760 2824 1868 2891 locum

685 2930 795 2996 sedulo
830 2930 1025 3017 perpendent
1057 2933 1247 3015 interpretes
1273 2926 1400 3016 ¹quibus
1434 2952 1509 2996 sene
1543 2930 1694 2996 videntur
1723 2930 1869 3015 Apostoli

684 3038 781 3104 verbu
804 3058 884 3123 quoe
907 3040 1115 3103 inveniuntur
1134 3041 1167 3102 in
1188 3037 1288 3124 Epist.
1310 3037 1349 3102 ed
1369 3035 1440 3104 Gal.
1462 3037 1502 3103 ll.
1524 3036 1577 3114 11,
1597 3037 1636 3104 cf.
1657 3038 1767 3102 Moeso.
1782 3036 1868 3104 1878

684 3168 714 3231 p.
750 3144 824 3208 102.
860 3143 909 3208 Ad
941 3144 1229 3210 commendandum
1259 3143 1342 3208 illud
1373 3144 1456 3229 quod
1486 3142 1554 3209 illic
1585 3147 1796 3221 coniecerom,
1828 3144 1868 3209 cf.

685 3253 782 3314 etiem
806 3249 910 3315 Schol.
935 3251 1033 3314 Arist.
1058 3249 1138 3334 1qu.
1163 3249 1217 3314 46.

1177 3446 1374 3529 Becipdcecs.

731 3631 799 3715 51.
832 3631 876 3695 Ut
906 3637 1055 3716 appareat
1087 3629 1162 3716 quid
1193 3629 1308 3707 velim,
1341 3634 1515 3697 necessario
1545 3630 1640 3717 poulo
1670 3630 1762 3717 plura
1788 3632 1870 3696 mihi

685 3736 886 3802 describenda
920 3745 1023 3801 erunt.
1060 3735 1205 3802 Ridicule
1241 3737 1364 3802 dixerat
1399 3736 1614 3823 Lexiphsnes:
1649 3739 1788 3815 γράμμα
1824 3737 1869 3806 ἐπὶ

686 3843 804 3917 πήπινίν
835 3866 863 3906 τι
898 3848 955 3906 τῶν
987 3842 1065 3917 ἐμῶν
1097 3842 1204 3922 κομιδῇ
1230 3843 1371 3922 νεοχμόν.
1395 3842 1515 3907 Deinde
1538 3842 1669 3907 Lucieni
1693 3846 1782 3908 iocus
1805 3864 1872 3928 per·

686 3948 786 4014 fucilis
809 3947 977 4013 intellectu
1001 3956 1066 4012 est:
1092 3948 1145 4022 ἤδη
1170 3949 1233 4025 γάρ
1257 3973 1287 4012 τι
1312 3950 1364 4012 καὶ
1389 3948 1455 4025 περὶ
1475 3951 1607 4028 αὐχμῶν
1628 3950 1700 4024 ἡμῖν
1716 3950 1849 4030 γράφεις
1862 3969 1870 4025 ;

687 4053 748 4122 Cui
778 4053 993 4140 Leriphunes,
1025 4054 1057 4118 οὐ
1081 4055 1177 4130 θῆτα,
1203 4057 1326 4138 inquit,
1350 4054 1416 4119 οὐδὲ
1439 4056 1565 4133 αὐχμὸν
1589 4051 1672 4119 είτον
1698 4058 1771 4119 ἀλλ’
1795 4053 1868 4133 ὅρα

687 4183 746 4227 σοι
769 4161 803 4224 τθ
827 4160 1018 4238 ἀρτιγραφὲς
1042 4156 1117 4223 οὕτω
1143 4169 1298 4225 καλεῖν.
1324 4160 1386 4227 Hic
1409 4168 1446 4225 ut
1469 4160 1595 4246 lepidus
1617 4159 1705 4226 locus
1726 4163 1785 4243 sit,
1807 4182 1870 4226 nou

687 4269 806 4332 vitium
836 4268 989 4330 sermonis
1020 4264 1243 4341 eximendum,
1274 4266 1328 4331 sed
1360 4265 1445 4331 ultro
1475 4266 1677 4331 inferendum
1707 4273 1770 4344 est,
1796 4288 1871 4331 nem

687 4376 810 4456 quot-ies
850 4371 1047 4456 Lexiphunes
1083 4392 1117 4435 os
1151 4374 1271 4457 sperit,
1309 4375 1445 4457 turpiter
1479 4372 1608 4436 labitur.
1651 4372 1735 4451 Quid
1768 4375 1872 4458 igitur

687 4475 829 4539 dixerut?
852 4479 944 4542 Ἀλλ’
964 4475 1087 4552 ὥρασι
1111 4479 1144 4542 τθ
1164 4479 1355 4557 ἀρτιγραφὲς
1377 4476 1452 4543 οὕτω
1474 4484 1591 4543 καλῶ.
1616 4477 1744 4542 Scilicet
1763 4475 1871 4553 ὥρασιν

689 4580 805 4642 ίιιὲσθαι
825 4591 907 4646 recte
927 4582 1053 4658 dicitur,
1075 4581 1128 4646 sed
1149 4582 1247 4647 stulte
1266 4604 1324 4668 pro
1345 4589 1395 4647 νῦν
1412 4591 1594 4667 usurpetur.
1618 4583 1715 4648 Pleno
1728 4584 1870 4648 eiusdem

688 4688 812 4770 generis
842 4689 957 4751 vitium
994 4686 1191 4772 heriphunes
1221 4692 1397 4753 committit
1428 4689 1505 4774 §2:
1538 4687 1622 4768 ἔχεις
1646 4688 1678 4753 δὲ
1701 4687 1871 4770 χαμᾶζε

688 4792 775 4866 παρὰ
799 4794 852 4866 τὴν
876 4793 1047 4869 ἐγγυθήκην
1071 4794 1117 4859 δύ’
1142 4793 1251 4870 ὀβολοί.
