5125 6150
573 899 576 904 .
690 834 755 900 116
1213 853 1354 900 merrus.

687 1020 851 1097 hortatus,
886 1039 965 1104 quae
994 1017 1084 1083 illius
1107 1020 1174 1104 spei
1197 1017 1315 1082 iudicio
1338 1022 1459 1095 essent,
1481 1016 1578 1103 idque
1600 1017 1659 1083 boc
1682 1017 1814 1084 consilio
1836 1023 1873 1083 ut

685 1129 755 1212 ipse
785 1125 906 1191 delator
936 1128 1005 1191 eius
1035 1125 1104 1191 fieri
1126 1131 1233 1210 posset
1256 1130 1289 1190 et
1313 1127 1358 1189 sic
1381 1127 1462 1189 inire
1485 1126 1626 1211 gratiam
1648 1122 1786 1202 Tiberii,
1811 1145 1872 1210 quo

687 1254 780 1299 nemo
809 1254 952 1318 unquam
982 1233 1046 1297 fuit
1076 1233 1199 1298 sobrius
1229 1234 1334 1318 magis
1357 1238 1390 1297 et
1414 1231 1507 1308 ,falsi
1530 1229 1767 1318 intellegeus'’?
1797 1231 1872 1297 Pro

686 1340 784 1417 fecto,
808 1340 885 1404 haee
906 1341 1014 1405 omnia
1034 1341 1061 1404 si
1079 1339 1155 1404 fecit
1175 1337 1290 1416 Catus,
1306 1338 1479 1421 prodipianr
1498 1339 1560 1403 fuit
1573 1338 1741 1421 pravitatis
1761 1338 1871 1405 Tacito

685 1445 824 1512 Annales
854 1466 927 1511 euos
958 1447 1108 1511 scribenti
1136 1447 1388 1531 gratissimum,
1404 1444 1459 1509 sed
1482 1443 1580 1509 simul
1600 1444 1757 1510 eiusmodi
1781 1447 1872 1510 utin

683 1574 791 1619 rerum
815 1559 928 1617 natura
951 1552 1048 1617 fuisse
1073 1552 1198 1617 credere
1221 1573 1283 1617 non
1303 1554 1472 1637 possimus.
1493 1551 1579 1638 Ergo
1600 1553 1774 1616 narrationi
1793 1553 1872 1618 hano

684 1661 812 1725 subesse
829 1662 999 1725 veritatem
1019 1662 1234 1745 suspicamur:
1254 1679 1366 1725 revera
1385 1658 1464 1723 Libo
1484 1661 1590 1724 animo
1610 1679 1700 1745 spem
1712 1659 1871 1744 quandam

685 1767 768 1832 fovit
797 1765 932 1852 periculi
962 1766 1106 1852 plenam,
1135 1774 1167 1830 et
1190 1785 1318 1830 summa
1340 1785 1484 1850 quaeque
1507 1771 1676 1852 expectans
1699 1767 1767 1831 iarn
1789 1768 1871 1851 prin-

685 1876 765 1958 cipis
795 1875 904 1937 virere
937 1874 1039 1937 vitam
1071 1874 1191 1957 coepit,
1222 1891 1274 1935 aes
1305 1870 1447 1935 alienum
1478 1874 1653 1949 contraxit,
1685 1874 1805 1937 amicos
1833 1871 1870 1936 ad

681 1977 779 2044 luxus
801 1981 1090 2063 necessitatemque
1112 1977 1263 2064 perduxit
1286 1979 1490 2053 societatem,
1515 1977 1614 2042 donec
1637 1998 1750 2042 eorum
1771 1999 1869 2055 unus,

685 2083 800 2162 Catus,
826 2085 991 2150 metuebat
1011 2106 1050 2148 ne
1074 2105 1107 2148 se
1130 2083 1245 2149 Liboni
1269 2081 1434 2169 alligasset
1457 2087 1562 2170 magis
1585 2105 1681 2169 quam
1705 2087 1770 2169 ipsi
1792 2083 1869 2150 utile

685 2197 787 2269 esset,
806 2197 901 2277 atque
920 2191 1009 2256 utet
1028 2188 1169 2275 periculo
1189 2210 1222 2255 se
1242 2189 1443 2255 subtraheret
1462 2191 1494 2255 et
1514 2198 1641 2276 accepto
1661 2195 1805 2276 praemio
1821 2211 1870 2257 aes

686 2297 826 2363 alienum
845 2296 967 2363 solvere
986 2302 1092 2382 posset
1110 2295 1265 2361 Libonem
1285 2297 1451 2362 indicarit.
1476 2295 1524 2363 of.
1545 2296 1617 2363 Seu.
1639 2297 1698 2384 Ep.
1721 2296 1841 2375 70,10.

731 2402 840 2469 Multo
871 2425 922 2468 me
953 2404 1079 2469 facilius
1111 2402 1243 2488 expedio
1273 2424 1291 2467 e
1322 2403 1510 2469 difficultate
1539 2426 1635 2490 quam
1666 2407 1807 2472 narratio
1837 2405 1871 2468 de

678 2511 770 2597 soleo
793 2511 930 2593 Aprippo
953 2511 1048 2575 habet
1072 2511 1123 2591 (A.
1148 2508 1189 2586 II,
1215 2509 1282 2588 40).
1308 2509 1368 2575 Ille
1392 2513 1478 2576 enim

776 2620 973 2702 percontanti
996 2616 1140 2694 Tiberio,
1161 2616 1320 2702 quomodo
1341 2619 1485 2703 Agrippa
1505 2617 1608 2682 factus
1628 2627 1726 2696 esset,
1748 2638 1873 2704 respon·

731 2723 814 2788 disse
836 2724 954 2788 fertur:
980 2722 1143 2803 Quomodo
1168 2732 1205 2786 tu
1229 2720 1354 2788 Caesar.

685 2833 708 2895 i.
721 2852 748 2895 e.
771 2828 911 2907 „falsum
931 2850 983 2894 me
1003 2831 1182 2916 Agrippam
1201 2850 1268 2894 esse
1287 2829 1398 2906 fateor,
1419 2828 1473 2894 sed
1493 2830 1609 2914 quibus
1628 2850 1687 2916 ego
1708 2829 1873 2895 fraudibus

685 2944 717 3001 et
750 2935 922 3001 mendaciis
953 2938 1096 3022 Agrippa
1119 2956 1191 2999 sum
1215 2934 1335 3018 factus,
1360 2935 1474 2999 iisdem
1499 2941 1534 3000 tu
1558 2933 1727 3002 Caesares
1752 2937 1871 3002 factus:

685 3040 784 3108 falsus
807 3045 893 3107 enim
917 3040 1032 3109 Caesar
1056 3042 1121 3108 es.'’

730 3147 883 3215 Petulans
906 3149 1048 3234 profecto
1068 3170 1253 3235 responsum
1271 3148 1467 3234 plenumque
1487 3148 1714 3227 contumeliae,
1735 3149 1790 3215 sed
1810 3170 1871 3236 quo

685 3255 783 3321 simul
810 3276 901 3320 auam
925 3256 1045 3321 fatetur
1068 3255 1206 3341 culpam.
1231 3256 1338 3340 Atque
1362 3255 1395 3320 id
1416 3277 1491 3321 eum
1514 3279 1572 3319 noa
1596 3257 1705 3321 fecisse
1728 3278 1746 3322 e
1770 3264 1872 3323 cetera

685 3365 863 3428 narratione
894 3371 1035 3447 apparet.
1060 3360 1238 3448 Tamquam
1262 3365 1347 3427 enim
1372 3363 1553 3440 hominem,
1580 3384 1676 3448 quem
1699 3372 1736 3427 ut
1761 3362 1872 3450 culpae

685 3473 883 3534 convinceret
905 3491 967 3534 non
991 3469 1052 3533 sibi
1076 3472 1265 3557 contigerit,
1290 3468 1371 3534 clam
1396 3491 1471 3534 eum
1495 3470 1702 3534 occidendum
1725 3468 1872 3536 'liberius

686 3580 784 3639 curat.
817 3574 1014 3660 Quapropter
1043 3574 1240 3661 respondisse
1266 3596 1355 3641 reum
1381 3576 1592 3657 interrogando
1616 3596 1742 3641 censeo:
1771 3576 1872 3657 „Quo

686 3682 780 3744 modo
811 3687 847 3743 tu
870 3678 1025 3747 Gaesar?”
1050 3679 1139 3746 Tunc
1163 3683 1247 3746 enim
1274 3681 1333 3746 hoo
1358 3682 1451 3747 dicit:
1478 3703 1559 3768 „ego
1582 3703 1645 3746 non
1669 3703 1742 3746 sum
1761 3685 1872 3769 factae

684 3785 738 3851 sed
773 3793 866 3850 natus
897 3788 1058 3872 Agrippa;
1090 3794 1127 3851 tu
1157 3790 1263 3873 potius
1295 3787 1344 3852 die
1378 3791 1432 3872 qui
1463 3788 1565 3852 faetus
1589 3791 1633 3852 sis
1655 3787 1787 3869 Caesam
1812 3790 1871 3856 hoo

684 3894 770 3957 enim
792 3913 907 3957 nomen
932 3896 1019 3957 omni
1042 3892 1197 3958 scelerum
1220 3914 1337 3980 genere
1362 3915 1394 3958 ee
1418 3894 1583 3979 adeptus.”
1605 3893 1639 3959 Si
1658 3902 1747 3959 oeteo
1768 3897 1871 3961 fessus

683 4001 748 4064 iam
768 4005 863 4077 esset,
883 4002 1027 4083 ineptum
1047 3999 1129 4064 foret
1148 4021 1223 4064 eum
1243 4020 1370 4086 rogare:
1389 4003 1643 4085 quomodofoctue
1655 4025 1685 4064 er
1697 4002 1870 4085 Aprippud,

683 4106 840 4171 eiusmodi
863 4108 1112 4192 interrogatione
1136 4128 1210 4171 eum
1233 4107 1326 4173 fateri
1349 4113 1495 4172 coactum
1518 4110 1590 4192 quie
1613 4106 1739 4172 credat?

727 4317 883 4398 Quoniam
902 4318 999 4384 semel
1019 4321 1053 4383 in
1072 4320 1325 4385 accusationibus
1345 4321 1595 4406 criminibusque
1616 4342 1732 4402 versor,
1756 4324 1871 4392 addam

683 4428 733 4491 his
763 4447 801 4491 ex
833 4425 944 4491 eodem
973 4447 1088 4511 genere
1119 4424 1226 4491 locum
1255 4430 1398 4513 graviter
1423 4436 1628 4513 corruptum,
1653 4428 1808 4508 necdum,
1834 4438 1872 4498 ut

683 4532 765 4596 mihi
788 4531 926 4609 ridetur,
951 4553 1061 4597 revera
1084 4553 1102 4597 a
1125 4536 1244 4598 criticis
1266 4540 1461 4611 correctum,
1485 4534 1577 4600 credo
1600 4537 1675 4620 quia
1696 4538 1800 4621 ipsius
1825 4541 1872 4604 rei

684 4641 854 4716 rationem,
876 4638 914 4704 de
933 4660 995 4725 qua
1014 4643 1132 4726 agitur,
1153 4662 1215 4705 non
1235 4640 1314 4706 bene
1337 4647 1539 4726 perspectum
1563 4642 1752 4707 babuerunt.
1777 4643 1873 4731 Legi·

685 4748 739 4807 tur
760 4746 841 4812 Ann.
866 4745 919 4824 IV,
944 4745 1005 4811 28:

730 4848 833 4915 [edem
864 4852 1045 4918 consulibus
1075 4855 1278 4918 miseriarum
1309 4873 1345 4918 ac
1375 4855 1526 4919 saevitiae
1550 4854 1736 4940 exemplum
1759 4863 1870 4936 atrox,

683 4976 756 5020 reus
785 4963 884 5041 pater,
915 4968 1079 5026 accusator
1109 4960 1195 5025 filius
1219 4967 1349 5041 (nomen
1373 4962 1501 5046 utrique
1525 4960 1639 5026 Vibius
1661 4961 1810 5045 Serenus)
1834 4968 1870 5031 in
