5125 6150
1064 864 1105 909 au
1130 861 1359 910 rursrornarus
1382 859 1473 907 raus.
1802 841 1864 910 451

685 1030 772 1095 Nam
804 1029 851 1093 lac
882 1028 1047 1115 vulgatam
1070 1027 1239 1093 lectionem
1262 1047 1484 1113 quamcunque
1506 1026 1545 1091 ob
1569 1046 1695 1091 eausam
1718 1047 1784 1091 esse
1810 1029 1868 1091 rei·

686 1134 852 1201 ciendam:
883 1135 916 1199 id
946 1145 1052 1199 tamen
1074 1133 1164 1200 facila
1188 1137 1347 1211 evincam,
1372 1136 1547 1198 correctum
1572 1134 1616 1197 sic
1639 1153 1769 1197 versum
1793 1132 1869 1198 farri

685 1243 817 1307 omnino
841 1263 901 1306 non
926 1263 1025 1327 posse.
1049 1240 1149 1307 Nulla
1172 1248 1219 1306 ast
1242 1260 1335 1306 eausa
1359 1261 1416 1305 cur
1438 1261 1548 1302 musam
1572 1239 1695 1303 uaesana
1718 1245 1868 1325 spectato

684 1349 776 1413 ribus
798 1348 940 1413 taedium
963 1351 1045 1413 ciere
1065 1350 1199 1413 coniciet
1221 1348 1345 1412 chorus.
1370 1346 1432 1426 Qui
1455 1349 1481 1411 si
1503 1368 1575 1409 auae
1597 1344 1722 1411 fabulae
1745 1347 1868 1411 amaa-

687 1479 753 1519 rura
776 1456 953 1521 comoedias
977 1477 1060 1520 nuno
1083 1453 1181 1520 vellat
1204 1474 1378 1540 opponere,
1402 1476 1463 1520 non
1487 1452 1643 1534 poppaea
1663 1455 1773 1539 opinor
1792 1475 1868 1520 voco

686 1567 843 1638 uteretur,
869 1599 912 1610 -
935 1582 1009 1626 nam
1033 1562 1079 1626 ibi
1102 1560 1231 1625 demum
1253 1581 1291 1626 ea
1313 1559 1393 1626 solet
1416 1559 1557 1624 adhiberi
1580 1560 1635 1625 ubi
1655 1559 1818 1647 tragoedia
1836 1568 1868 1626 et

687 1669 849 1734 comoedia
879 1671 962 1732 inter
984 1688 1017 1733 se
1039 1674 1271 1753 comparantur,
1297 1705 1338 1715 -
1364 1687 1465 1752 neque
1488 1667 1650 1731 omitteret
1673 1667 1869 1733 adiectivum

687 1771 809 1851 aaaron
840 1776 944 1859 ipsam
975 1780 1083 1838 autem
1112 1774 1233 1838 Auium
1257 1771 1399 1837 fabulam
1424 1773 1573 1857 cuiquam
1597 1770 1738 1837 taedium
1761 1793 1869 1858 parere

686 1902 796 1967 posse,
827 1880 860 1945 id
891 1878 1038 1965 proloqui
1062 1881 1183 1944 comico
1205 1884 1311 1943 nostro
1334 1900 1373 1944 na
1396 1881 1429 1943 in
1453 1881 1593 1943 mentem
1617 1878 1745 1962 quidem
1769 1881 1868 1944 venit.

686 1987 809 2053 Deinde
840 2009 902 2053 vox
932 1986 1014 2068 χοροὶ
1038 1988 1204 2071 aptissima
1228 1992 1275 2051 est
1299 1984 1337 2050 ad
1360 1983 1601 2071 significandam
1623 1990 1747 2069 partem
1771 1988 1870 2070 potio-

685 2115 757 2159 rem
780 2095 1014 2174 tmpoediauaa,
1039 2113 1174 2177 quarum
1193 2091 1364 2178 praelonga
1382 2098 1414 2157 et
1432 2093 1624 2178 gravissima
1641 2090 1783 2156 solebant
1801 2112 1869 2158 esse

685 2203 823 2276 cantica,
852 2236 891 2247 -
917 2200 1038 2276 dpaadai
1070 2204 1172 2276 μελῶν
1202 2204 1357 2263 vocantur
1386 2200 1418 2261 in
1449 2196 1562 2275 Ranis,
1586 2235 1628 2245 —
1653 2197 1691 2261 de
1714 2196 1869 2261 comoediis

688 2328 764 2372 vero
795 2308 823 2370 si
852 2304 940 2370 fieret
971 2327 1091 2382 sermo,
1118 2304 1288 2369 dicendum
1313 2304 1424 2369 finisset
1447 2305 1528 2368 fere:
1553 2304 1580 2366 ri
1602 2327 1647 2377 τις
1671 2303 1783 2383 ἤχθετο
1806 2312 1868 2376 τοῖς

688 2420 825 2488 πονηροῖς
857 2412 1024 2489 σκώμμασι
1057 2417 1115 2477 τῶν
1145 2410 1250 2476 ἄλλων
1280 2415 1409 2483 ποιητῶν
1433 2409 1498 2490 (vel
1521 2409 1866 2490 eappaoaiaaaaaaa);

686 2520 778 2585 locus
797 2525 905 2583 autem
924 2524 962 2582 ut
980 2517 1035 2583 fiat
1054 2518 1212 2583 eiusmodi
1231 2516 1377 2592 dictam,
1397 2522 1734 2601 praetereasumamus
1746 2523 1869 2603 oportet

687 2628 812 2692 Avium
840 2625 981 2690 fabulam
1011 2632 1082 2710 post
1112 2623 1315 2690 aemulorum
1338 2622 1462 2688 fabulas
1485 2661 1527 2672 -
1552 2630 1583 2688 et
1606 2623 1716 2689 eodem
1739 2623 1867 2710 quidem

688 2734 739 2798 die
763 2769 805 2781 -
830 2732 926 2797 fuisse
957 2733 1073 2797 datam.
1102 2733 1225 2797 Priscos
1248 2731 1383 2816 denique
1405 2733 1593 2816 interpretes
1616 2755 1711 2812 τραγ·
1733 2730 1867 2818 legisse,

688 2862 751 2906 non
782 2862 880 2920 spor,
911 2841 1136 2924 perantiquum
1158 2841 1262 2924 igitur
1285 2859 1352 2903 asse
1375 2838 1433 2902 hoe
1457 2840 1591 2916 vitium,
1617 2841 1644 2903 si
1667 2841 1709 2903 sit
1731 2840 1866 2917 vitium,

691 2946 779 3011 docet
809 2945 949 3010 scholion
973 2945 1011 3010 ad
1035 2966 1082 3009 rs.
1108 2943 1192 3010 512:
1218 2944 1437 3023 <capetano
1463 2940 1508 3007 ὅτι
1532 2946 1584 3008 καὶ
1610 2949 1658 3010 νῦν
1684 2957 1775 3025 <voce
1796 2968 1867 3024 apa·

690 3053 795 3134 γῳδοῖς
818 3053 992 3135 significat>
1015 3052 1066 3117 adv
1088 3050 1177 3133 χορὸν
1200 3057 1257 3116 τῶν
1281 3057 1444 3130 τραγικῶν.

734 3159 863 3226 Molesti
894 3166 1002 3224 autem
1033 3160 1199 3224 obscurive
1230 3159 1314 3224 nihil
1345 3160 1440 3224 habet
1463 3165 1570 3225 textus
1595 3158 1747 3238 traditus,
1772 3180 1868 3245 quem

685 3275 771 3333 recte
800 3271 1024 3351 interpretatus
1055 3272 1102 3330 est
1132 3265 1291 3331 Wieseler.
1324 3265 1394 3330 Hoc
1425 3266 1502 3330 dicit
1533 3267 1687 3330 comicus:
1714 3266 1768 3344 „Si
1791 3267 1869 3330 alati

688 3375 808 3451 canetis,
843 3396 859 3436 o
889 3381 1083 3454 spiculatores,
1116 3396 1230 3437 accessa
1261 3396 1319 3436 aaa
1345 3374 1433 3457 foret
1463 3374 1508 3436 ia
1539 3380 1573 3436 at
1595 3396 1673 3436 naar
1696 3395 1754 3455 per
1777 3379 1868 3437 mlum

688 3482 768 3545 diem
790 3480 824 3543 in
847 3482 960 3544 theatro
973 3482 1151 3562 perdurare.
1176 3480 1277 3544 Hodie
1296 3481 1365 3543 duaa
1383 3479 1552 3559 trapoediaa
1566 3478 1753 3560 spectabata'a,
1766 3480 1869 3562 famer

681 3590 823 3673 fortasse
845 3587 972 3667 obrepsit
997 3593 1118 3649 oestrum
1143 3588 1196 3648 ani
1220 3593 1248 3648 el
1271 3586 1363 3649 alleri
1386 3586 1465 3648 inter
1488 3585 1650 3667 praelonga
1673 3584 1730 3648 itta
1752 3586 1869 3649 cantica

691 3693 882 3777 infinitosque
905 3693 1060 3770 clamores,
1090 3692 1276 3777 taediumque
1300 3699 1342 3755 eat
1366 3692 1511 3755 obortum:
1534 3691 1601 3753 alas
1623 3697 1718 3754 autem
1740 3692 1768 3754 si
1789 3691 1869 3755 vobio

683 3800 871 3885 praebuisset
901 3806 1029 3873 actara,
1056 3799 1231 3881 potuissetis
1256 3821 1316 3880 per
1346 3820 1418 3861 aera
1449 3799 1561 3861 domam
1591 3820 1640 3861 aaa
1671 3799 1817 3880 recepere,
1842 3805 1870 3862 et

690 3930 747 3993 quo
767 3914 892 3987 tempore
911 3906 1007 3969 iocosa
1026 3913 1126 3969 nostra
1138 3905 1255 3990 sadala
1272 3904 1294 3984 ¹)
1316 3903 1446 3984 tragicas
1464 3903 1537 3967 illas
1552 3904 1701 3986 ampullae
1713 3912 1870 3987 exceptura

691 4022 774 4089 erat,
799 4014 897 4076 cadem
919 4014 969 4075 oia
993 4013 1091 4075 redire
1114 4013 1146 4075 ia
1168 4014 1262 4075 aedera
1286 4009 1453 4074 relictam.'’
1477 4009 1562 4090 Quae
1585 4010 1748 4075 audientes
1772 4032 1870 4077 recor-

693 4121 808 4186 damur
838 4121 900 4183 viri
927 4117 1087 4202 inlepida
1109 4117 1214 4182 fabula
1238 4115 1362 4183 Gallica
1387 4117 1429 4197 (le
1452 4119 1554 4180 moade
1577 4116 1614 4180 oh
1639 4116 1700 4180 t'oa
1723 4117 1869 4197 a'enaaie)

689 4233 791 4293 artem
823 4227 978 4311 tragicam
1010 4227 1152 4310 impense
1181 4226 1343 4310 probantis
1373 4230 1405 4289 et
1435 4222 1611 4300 laudantis,
1633 4226 1679 4287 ita
1702 4229 1810 4289 tamen
1832 4232 1870 4289 ut

691 4333 844 4399 subducat
875 4353 907 4398 se
937 4334 1044 4417 potius
1073 4331 1150 4396 dum
1181 4334 1213 4396 in
1244 4330 1388 4397 conclavi
1411 4332 1515 4395 vicino
1539 4351 1622 4394 nova
1646 4330 1808 4416 tragoedia
1831 4331 1869 4395 ab

691 4444 760 4527 ipso
783 4445 875 4525 poeta
898 4442 1059 4505 recitatur.
1085 4439 1152 4514 „ha
1175 4435 1317 4521 trapddia,
1342 4440 1413 4502 a’eot
1433 4439 1487 4501 boa
1509 4459 1655 4519 ...pour
1674 4437 1702 4499 le
1714 4436 1869 4518 peaplcl’'

736 4545 795 4611 Illa
826 4547 928 4632 igitur
958 4550 1060 4609 aetate
1091 4548 1179 4630 prius
1209 4543 1405 4631 tragoedias,
1437 4543 1509 4608 dein
1540 4542 1717 4608 comoedias
1739 4542 1870 4610 Lenaeis

692 4674 760 4719 esse
784 4658 885 4728 actas,
909 4650 1086 4717 luculenter
1105 4658 1262 4717 testantur
1281 4651 1378 4716 verba
1397 4651 1499 4728 chori,
1520 4655 1552 4715 et
1570 4649 1711 4716 fabulam
1730 4655 1870 4715 nostram

692 4760 803 4838 „brevi
827 4765 898 4844 post
921 4758 1109 4823 meridiem’'
1134 4758 1240 4823 datam
1264 4778 1330 4823 esse
1353 4757 1488 4822 totidem
1511 4758 1617 4823 verbis
1640 4757 1718 4822 dicit
1737 4755 1872 4822 Pisstae-

727 4992 751 5052 1)
769 4989 898 5056 Perpetem
915 4987 1015 5051 Blaydea
1032 5001 1074 5052 pro
1091 4983 1158 5047 ἡμᾶς
1173 4983 1244 5034 scribi
1261 4985 1331 5036 iuuit
1347 4983 1419 5046 ὑμᾶς.
