5125 6150
976 827 1018 872 AD
1042 825 1270 873 sarabertum
1293 825 1382 873 Avus.

766 989 897 1053 ἐποποῖῖ
920 991 1053 1064 ποιήσεις
1076 988 1123 1053 rol
1145 1012 1185 1066 με
1211 986 1333 1052 κόπτειν
1358 984 1442 1060 addar
1467 984 1523 1066 σιῦ;

768 1095 899 1159 ἐποποῖῖ

629 1199 723 1263 Prior
753 1207 861 1264 autem
891 1222 1001 1266 versus
1031 1222 1047 1265 e
1079 1200 1262 1266 Rauennate
1290 1200 1407 1266 excidit
1415 1221 1422 1279 ;
1448 1221 1503 1265 nee
1528 1199 1662 1265 dubium
1688 1197 1767 1263 mihi

583 1306 715 1370 videtur
745 1310 823 1391 quin
853 1327 923 1373 eam
947 1309 985 1373 ob
1009 1328 1155 1385 causam,
1179 1329 1275 1393 quem
1300 1308 1393 1373 modo
1416 1306 1572 1382 indicari,
1597 1305 1767 1371 exciderit:

583 1413 624 1477 ab
656 1411 754 1477 altero
785 1414 896 1479 ἐποποῖ
923 1414 961 1479 ed
992 1436 1124 1499 sequens
1152 1415 1339 1479 aberrarunt
1370 1411 1454 1479 oculi
1483 1413 1696 1478 describentis.
1725 1411 1769 1474 At

584 1519 677 1584 Koelr
696 1519 911 1586 Ravennatem
932 1523 1077 1606 sequitur
1098 1519 1291 1606 „languida”
1305 1540 1419 1585 vocans
1430 1517 1486 1584 ills
1500 1520 1630 1596 ,,ε’ποποῖ
1640 1556 1681 1567 -
1695 1512 1768 1581 οὗ”.

586 1625 657 1690 Non
688 1634 830 1691 vocasset
859 1628 980 1712 opinor,
1014 1629 1040 1691 si
1072 1629 1148 1691 satis
1180 1647 1289 1692 secum
1312 1631 1488 1711 reputasset
1512 1624 1668 1710 quomodo
1691 1624 1768 1689 haec

589 1735 752 1818 potuerint
782 1733 1009 1818 debuerintque
1034 1736 1098 1818 agi.
1125 1733 1247 1819 Nempe
1270 1732 1374 1818 lepide
1397 1738 1565 1818 postquam
1588 1753 1702 1817 rupem
1729 1767 1768 1778 -

588 1859 645 1903 ceu
668 1842 801 1906 ianuam
818 1875 858 1887 —
877 1842 1032 1924 percussit
1051 1838 1238 1924 Euelpides,
1259 1837 1324 1903 alta
1343 1859 1418 1904 voce
1440 1837 1561 1913 ‚.aat!’'
1590 1840 1770 1922 iterumque

586 1945 712 2023 „seat”
744 1944 869 2010 elamat.
901 1945 1003 2010 Nemo
1035 1967 1144 2011 aurem
1175 1945 1315 2030 praebet.
1347 1944 1436 2011 Tune
1464 1945 1663 2010 Pisetaerus:
1691 1966 1770 2021 „oon

584 2059 665 2115 reete
703 2073 805 2114 vocae:
843 2051 953 2116 ἐποποῖ
979 2052 1027 2114 hic
1057 2059 1100 2115 eat
1130 2051 1317 2116 dicendum.’'
1358 2049 1469 2136 Itaque
1501 2049 1672 2128 ,,ἐποποῖΙ”
1705 2052 1770 2114 ism

583 2156 774 2243 Euelpides,
793 2166 826 2223 et
845 2178 936 2223 aures
955 2178 1070 2243 oraque
1088 2157 1257 2223 intendunt
1277 2178 1395 2222 omnes.
1421 2157 1464 2221 nt
1483 2177 1521 2221 ne
1540 2178 1622 2222 nune
1642 2156 1769 2241 quidem

586 2263 695 2351 prodit
737 2265 920 2349 quisquam
965 2271 1156 2350 quapropter
1196 2264 1398 2350 indignatus:
1447 2265 1600 2341 ‚actioso
1642 2264 1689 2327 σοι’
1730 2285 1771 2339 με

588 2369 714 2434 κόπτειν
736 2365 820 2442 αὖθις
849 2365 929 2450 οὖ;”
964 2372 1107 2435 iterumne
1140 2370 1254 2433 seilicet
1279 2369 1462 2452 pulsandum
1493 2377 1536 2433 eat
1567 2367 1699 2433 ostiam?
1728 2405 1770 2416 -

588 2481 622 2542 et
652 2479 770 2542 maiore
793 2480 892 2542 etiam
914 2476 1052 2543 laterum
1077 2479 1252 2542 intentione
1277 2475 1450 2554 ,,ἐποποῖΙ”
1475 2475 1577 2541 denuo
1600 2476 1770 2552 vociferat,

588 2584 686 2648 etiam
722 2605 835 2670 rupem
862 2586 993 2650 fortasse
1028 2588 1145 2649 iterum
1177 2584 1300 2649 feriens.
1325 2583 1409 2648 'I'um
1435 2582 1563 2648 demum
1589 2585 1771 2669 supervenit

588 2690 709 2775 Epopis
747 2693 903 2755 minister.
935 2729 976 2740 -
1008 2690 1113 2756 Haece
1142 2687 1316 2777 languida?
1345 2689 1449 2755 Immo
1478 2692 1584 2755 ieiuna
1613 2692 1771 2774 nimisque

590 2795 687 2860 exilia
709 2795 791 2860 fiunt
814 2800 841 2861 si
864 2800 973 2861 statim
999 2803 1068 2882 post
1091 2799 1232 2882 primum
1257 2796 1410 2874 ,,ἐποποῖ”
1434 2799 1558 2882 proruit
1580 2799 1735 2862 minister.

637 2900 700 2965 Sed
732 2903 822 2968 video
846 2906 930 2968 viros
958 2904 987 2967 d.
1013 2902 1133 2967 Vahlen
1156 2909 1188 2968 et
1210 2903 1416 2968 Piccolomini
1440 2905 1524 2968 hune
1546 2924 1674 2969 versum
1698 2910 1769 2968 ante

589 3028 643 3072 me
674 3008 857 3073 defendisse.
889 3009 925 3073 In
956 3012 1092 3074 transitu
1123 3015 1231 3074 autem
1255 3011 1405 3088 observo,
1430 3009 1506 3074 olim
1530 3031 1659 3076 versum
1684 3008 1769 3076 1045

589 3116 721 3181 eandem
745 3117 784 3180 ob
808 3137 934 3181 causam
959 3137 977 3180 a
1001 3116 1115 3182 Beckio
1139 3138 1304 3202 perperam
1328 3139 1394 3183 esse
1417 3117 1612 3183 damnatum.

636 3334 746 3421 Neque
770 3357 864 3400 versu
889 3334 953 3400 266
979 3335 1195 3401 Ravennatem
1218 3358 1341 3422 sequar.
1366 3337 1434 3417 Quo
1456 3337 1522 3402 loco
1545 3336 1725 3403 Pisetaerus

771 3440 875 3513 ἄλλοις
900 3440 947 3520 ἄρ’
970 3439 1088 3521 οὕποψ,
1113 3444 1152 3514 οῖς
1177 3441 1256 3521 ἔοικ’,
1280 3445 1323 3515 εἰς
1347 3446 1401 3518 σὺν
1425 3445 1548 3523 λόχμην

770 3548 881 3625 εἰσβὰς
896 3548 922 3629 ¹)
945 3547 1057 3629 ε’πιῖιζε,
1081 3548 1244 3628 χαραδριὸν
1267 3552 1471 3628 μιμούμενος,

583 3657 711 3739 srualro
733 3654 827 3734 icitur
850 3678 938 3737 epops
961 3679 1011 3718 eeu
1035 3656 1212 3718 charadrion
1235 3656 1268 3718 οἰο
1291 3656 1420 3738 oirqalto
1443 3656 1618 3720 clamitavit.

636 3759 671 3824 In
696 3760 801 3825 codice
824 3769 932 3826 autem
959 3761 987 3825 R
1010 3758 1116 3841 ἐπῶιζε
1139 3760 1269 3848 legitur.
1294 3763 1336 3826 At
1357 3765 1402 3827 sic
1426 3763 1487 3828 duo
1510 3784 1607 3849 eaque
1627 3763 1774 3827 diversis·

588 3870 672 3930 sima
703 3867 797 3931 verba
827 3867 1070 3932 confunduntur.
1104 3866 1243 3933 Verbum
1269 3868 1350 3950 ὤζειν
1382 3872 1506 3955 proprie
1532 3868 1690 3955 significat
1712 3870 1771 3932 ol!

589 3973 735 4049 elamore,
761 3979 797 4036 ut
820 3976 853 4036 in
878 3972 1008 4058 Vespis:

1179 4078 1258 4153 ὅπως

952 4185 1063 4255 ἔδοντες
1087 4184 1147 4250 ἄνω
1170 4185 1279 4259 σκέλος
1304 4187 1338 4251 ὤ-

1065 4289 1152 4371 ζωσιν
1176 4293 1202 4357 ol
1227 4293 1338 4358 ἐεοισοιέ
1349 4294 1385 4372 ²),

589 4405 622 4462 et
644 4399 677 4460 in
703 4393 951 4482 Clytaemestrae
975 4396 1014 4460 ad
1036 4396 1148 4462 Furias
1171 4398 1275 4463 verbis
1299 4397 1382 4483 apud
1405 4396 1618 4483 Aeschylum:

951 4500 1051 4582 ὤζεις,
1077 4502 1241 4576 ὑπνώσσεις
1255 4504 1292 4583 ³),

590 4609 664 4672 hinc
692 4609 726 4671 in
749 4610 935 4673 universum
957 4608 1094 4673 elamore.
1126 4608 1178 4675 Sic
1200 4609 1300 4675 Niobe
1326 4609 1439 4680 πέιινοις
1466 4607 1561 4689 ε’πιῖζε
1585 4616 1647 4681 σοῖς
1672 4610 1771 4682 σεῖον-

628 4872 651 4931 1)
668 4872 741 4921 Recte
757 4873 791 4921 ιίο
809 4872 917 4923 bleineke
934 4888 977 4937 pro
994 4868 1082 4932 ἐμβάς.
1348 4872 1376 4936 2)
1393 4872 1463 4936 Veep.
1484 4871 1548 4920 1⁶2⁶

628 4955 657 5018 s)
676 4953 759 5004 sees.
776 4954 844 5003 sum.
866 4955 921 5003 ιον,

1600 5050 1633 5097 80
