5125 6150
1011 868 1184 917 msmrums
1206 869 1356 919 Pssumis.

839 1101 906 1168 VII.
939 1121 980 1167 na
1003 1119 1156 1168 eaurmos
1180 1120 1337 1168 1333333
1360 1120 1538 1170 33333333.

635 1286 890 1373 Distinguendae
918 1291 993 1351 sunt
1015 1292 1127 1371 gentes
1149 1292 1181 1352 et
1203 1288 1297 1352 urbes
1319 1286 1461 1353 Aetoliae
1484 1287 1655 1365 finitimae,
1679 1292 1775 1354 socie-

588 1396 651 1458 tati
681 1392 864 1469 adiunctas,
901 1401 937 1457 ut
969 1394 1161 1471 Acarnanes,
1194 1393 1287 1458 Locri
1318 1393 1422 1471 03311,
1456 1395 1649 1472 Phocenses,
1682 1394 1774 1461 Melii

589 1506 662 1575 313,
694 1507 727 1564 et
755 1505 868 1586 gentes
897 1502 931 1563 in
954 1498 1167 1584 Peloponneso
1190 1504 1222 1563 et
1245 1500 1414 1584 quibusvis
1437 1498 1509 1564 31113
1531 1499 1610 1566 13313
1632 1500 1775 1567 habitan·

590 1615 656 1683 tes,
682 1627 762 1692 quae
787 1605 913 1671 vinculo
936 1605 1043 1691 aliquo
1062 1627 1137 1670 cum
1156 1605 1281 1671 Aetolia
1300 1609 1485 1672 coniunctae
1503 1607 1641 1685 fuerunt,
1662 1616 1773 1694 gentes

588 1719 754 1791 externae,
778 1718 815 1777 ut
836 1716 883 1777 ita
906 1714 1020 1778 11333.
1043 1712 1118 1777 Alia
1141 1714 1227 1778 enim
1246 1715 1425 1778 intercessit
1442 1716 1524 1778 ratio
1542 1716 1627 1779 inter
1645 1714 1774 1780 Aetolos

587 1825 620 1883 31
651 1826 764 1904 gentes
795 1819 966 1895 finitimas,
998 1818 1059 1884 3113
1090 1821 1173 1884 inter
1203 1818 1331 1885 Aetolos
1361 1826 1392 1884 et
1415 1826 1527 1906 gentes
1549 1821 1774 1885 remotioribus

585 1922 668 1988 locis
699 1924 787 1988 33133
817 1926 977 1990 habentes.
1010 1924 1056 1990 De
1087 1926 1238 2012 gentibus
1270 1924 1412 1990 Aetoliae
1442 1924 1588 1990 finitimis
1619 1929 1708 2012 prius
1731 1927 1776 1991 di-

586 2029 725 2095 cendum
752 2037 809 2095 est.
883 2092 887 2098 .

633 2135 756 2221 ¹Eodem
786 2139 856 2201 iure
880 2157 989 2201 33333
1012 2138 1155 2201 societati
1179 2136 1340 2202 Aetolicae
1363 2138 1637 2226 subiungebantur
1651 2137 1693 2219 ¹);
1718 2141 1776 2206 Ae

585 2242 649 2308 toli
667 2245 753 2308 enim
774 2241 906 2319 fiebant,
932 2250 999 2307 tam
1017 2245 1042 2306 ii
1061 2244 1117 2327 qui
1136 2249 1246 2327 sponte
1265 2244 1305 2308 31
1328 2247 1510 2310 3331313133
1530 2253 1723 2312 accesserant
1735 2243 1772 2327 ⁹),

586 2371 686 2436 quam
710 2352 734 2413 ii
758 2352 814 2433 331
838 2352 871 2413 31
895 2351 1054 2435 armisque
1077 2350 1212 2413 subiecti
1235 2357 1325 2415 erent
1339 2350 1373 2431 ³).

635 2453 741 2520 Simul
765 2463 870 2520 13333
896 2477 970 2520 suae
994 2457 1114 2540 patriae
1138 2457 1309 2521 manebant
1331 2459 1431 2533 cives,
1456 2456 1572 2542 duplex
1594 2461 1696 2545 igitur
1715 2465 1776 2523 sta·

587 2571 643 2628 tus
666 2584 779 2627 eorum
803 2562 912 2638 fiebat,
937 2564 1051 2626 civitas
1074 2569 1181 2626 autem
1205 2565 1297 2627 cuius
1320 2565 1404 2627 31333
1426 2571 1530 2639 erant,
1551 2567 1611 2629 toti
1631 2563 1773 2630 Aetoliae

587 2668 795 2735 subordinate
829 2674 905 2733 erat.
940 2667 992 2731 Sic
1024 2666 1164 2753 legimus
1198 2667 1235 2733 de
1269 2667 1390 2754 Agelao
1421 2668 1597 2753 Naupactio
1628 2675 1773 2755 praetore

588 2775 779 2841 Aetolorum
792 2774 828 2854 ⁴),
850 2775 887 2839 13
908 2772 1086 2838 Alexandro
1107 2771 1282 2860 Calydonio
1296 2772 1323 2854 5)
1331 2795 1338 2851 ;
1361 2780 1544 2859 praetorum
1557 2784 1664 2840 autem
1677 2778 1774 2841 series

590 2881 710 2947 multos
735 2885 892 2962 continet,
923 2884 1063 2966 quinon
1088 2879 1193 2945 Aetoli
1216 2883 1342 2966 proprio
1366 2901 1477 2957 sensu,
1502 2888 1608 2946 tamen
1632 2885 1775 2949 societati

589 2991 763 3076 praepositi
785 2989 914 3052 fuerunt
927 2990 962 3067 ⁸).
982 2986 1125 3051 Victores
1145 3008 1268 3072 quoque
1289 2985 1468 3074 Olympiaci
1489 2987 1595 3052 Aetoli
1614 2988 1774 3067 dicuntur,

587 3097 716 3160 etiamsi
736 3094 861 3159 oriundi
881 3097 946 3158 sint
964 3115 980 3159 3
1000 3093 1078 3158 13313
1099 3093 1265 3179 postmodo
1286 3093 1429 3159 Aetoliae
1447 3095 1593 3174 adiectis,
1615 3095 1773 3182 Erythrae

586 3200 723 3286 Eupalio
746 3203 888 3265 3131333
913 3200 1066 3285 oppidum
1090 3208 1222 3266 vocatur
1245 3200 1427 3265 Aetolicum
1440 3208 1475 3277 ⁷).

634 3307 726 3371 Hanc
750 3308 789 3372 ob
809 3329 876 3371 rem
895 3309 1057 3372 conciones
1077 3307 1344 3372 extraordinariae
1362 3310 1432 3372 iure
1452 3315 1483 3372 et
1500 3306 1647 3394 legitime
1664 3308 1773 3374 haberi

588 3418 761 3501 potuerunt
791 3421 880 3478 extre
906 3412 983 3478 fines
1006 3416 1132 3498 proprio
1156 3435 1248 3478 sensu
1272 3412 1431 3479 Aetolicos
1453 3414 1571 3491 113133,
1596 3415 1772 3499 Naupacti,

588 3518 772 3597 Heracleae,
808 3519 946 3597 Lamiae,
982 3519 1147 3606 Hypatae,
1183 3541 1262 3605 quae
1296 3521 1435 3606 profecto
1469 3519 1535 3584 illis
1569 3524 1603 3585 in
1637 3523 1771 3587 urbibus

589 3626 716 3691 habitae
737 3648 798 3691 non
822 3633 940 3704 essent,
966 3629 1027 3690 3131
1050 3648 1106 3712 pro
1129 3624 1281 3691 Aetolicis
1304 3627 1439 3691 13133331
1461 3627 1596 3693 habitae.

635 3731 672 3797 ln
704 3731 785 3797 bello
816 3738 925 3797 autem
956 3732 1039 3817 3331
1069 3753 1149 3796 3333
1185 3730 1244 3795 191
1279 3754 1354 3797 333
1377 3732 1528 3798 Romanis
1551 3741 1679 3820 gestum
1703 3742 1769 3815 est,

588 3861 699 3905 omnes
731 3839 824 3904 urbes
855 3838 997 3904 Aetoliae
1028 3838 1166 3903 adiectae
1190 3846 1240 3916 (ut
1264 3838 1323 3903 hac
1346 3859 1422 3903 3333
1445 3844 1530 3921 utar)
1553 3861 1627 3905 cum
1650 3840 1772 3907 Aetolis

589 3955 699 4011 contra
731 3945 891 4011 Romanos
925 3952 1118 4033 pugnarunt.
1153 3943 1288 4010 1333333
1319 3944 1506 4011 Thaumacii
1537 3947 1650 4012 urbem
1679 3969 1770 4013 suam

588 4061 680 4117 extre
698 4055 822 4117 moenia
841 4057 949 4117 eontra
966 4052 1091 4116 hostem
1105 4049 1310 4116 defenderunt
1322 4057 1359 4131 1),
1371 4049 1533 4138 Hypataei
1545 4053 1772 4138 responderunt

588 4157 713 4223 consuli
748 4158 907 4245 flagitanti
942 4165 979 4223 31
1009 4179 1075 4223 3333
1106 4158 1272 4223 dederent:
1314 4159 1418 4234 ,nihil
1447 4162 1509 4224 nisi
1539 4181 1578 4225 ex
1608 4165 1771 4226 communi

590 4264 737 4341 „decreto
768 4262 957 4329 Aetolorum
988 4263 1145 4329 facturos’'
1159 4265 1196 4344 ⁰).
1233 4262 1315 4328 Item
1346 4285 1412 4329 sese
1435 4262 1641 4331 defenderunt
1663 4275 1771 4332 contra

626 4510 652 4570 1)
670 4508 752 4571 Polyb.
770 4507 795 4556 ΙΙ
814 4508 828 4553 2
847 4508 895 4570 163
913 4505 1033 4568 μετέχειν
1052 4506 1124 4568 σφίσι
1142 4508 1188 4565 τῆς
1205 4505 1284 4565 alric
1302 4507 1438 4565 πολιτείας.

624 4592 652 4653 8)
670 4592 752 4655 Polyb.
776 4591 831 4639 XXI
855 4592 899 4648 2t;
921 4591 951 4638 ci.
974 4591 1025 4639 Liv.
1049 4589 1174 4639 XXXVIII
1193 4591 1773 4659 31313133313,13311133113,11313311)33,

591 4674 667 4725 XXXI
686 4675 716 4722 41
736 4677 771 4735 15
790 4672 945 4723 1311313313.

627 4760 652 4819 3)
671 4756 752 4819 Polyb.
772 4756 815 4806 XX
833 4759 846 4803 5
865 4756 900 4818 12
920 4756 948 4803 13
965 4755 1071 4803 Boeotis:
1091 4758 1252 4815 προσένειμαν
1269 4753 1392 4812 Αἰτωλοῖς
1410 4756 1439 4803 τὸ
1454 4754 1531 4813 llaec,
1549 4756 1573 4805 Il
1589 4758 1604 4807 2
1621 4758 1655 4818 §a
1673 4758 1701 4806 13
1716 4759 1768 4807 Mc·

588 4837 1231 4899 1333111,Ι112517,Ρ333.11511112111.

622 4924 649 4985 4)
669 4921 750 4984 Polyb.
770 4919 790 4966 V
809 4920 916 4982 13713.
1009 4921 1036 4982 5)
1053 4919 1132 4967 ele.
1151 4920 1225 4969 3046.
1235 4919 1258 4966 1.
1450 4922 1476 4984 1)
1496 4920 1586 4970 Duboir
1602 4938 1625 4986 p.
1646 4921 1692 4970 1⁹8
1702 4937 1752 4987 sqq.

621 5001 956 5066 l)Liv.XXXV1118§8.
1008 5003 1035 5065 8)
1053 5001 1221 5051 3333331
1240 5001 1400 5066 14112333.
1451 5002 1769 5069 9)113.ΧΧΧ1111112.
