5125 6150
722 887 725 892 ,
783 828 847 894 164
1277 844 1452 893 nonomen.

778 1013 863 1098 apud
895 1013 1075 1078 Homerum
1104 1013 1163 1078 hoo
1193 1012 1323 1098 quidem
1355 1014 1568 1097 compositum
1598 1033 1662 1077 non
1693 1018 1813 1091 exstat,
1845 1014 1902 1079 sed
1933 1020 1966 1080 et

780 1120 875 1186 verbo
898 1119 1038 1206 simplici
1061 1123 1165 1184 utitur
1189 1118 1293 1184 Τ496
1317 1126 1349 1183 et
1374 1127 1403 1181 Ψ
1418 1117 1494 1197 736,
1517 1125 1549 1184 et
1569 1122 1754 1205 compositis
1773 1120 1966 1201 ἀποτρίβειν,

780 1225 945 1304 διατρίβειν
976 1236 1008 1292 et
1039 1225 1196 1291 adieetivo
1226 1224 1391 1304 ιἰτριπτος,
1421 1228 1468 1289 ita
1500 1230 1536 1289 ut
1567 1247 1606 1291 ex
1636 1226 1696 1292 hae
1727 1248 1852 1313 quoque
1863 1203 1969 1314 ‘perte

780 1335 960 1398 oonieetura
990 1331 1051 1398 looi
1082 1335 1256 1397 sententiae
1288 1334 1454 1418 aptissima
1485 1335 1561 1397 satis
1584 1335 1710 1397 munita
1732 1334 1889 1399 uideatur.
1916 1333 1967 1402 of.

780 1439 818 1503 de
850 1459 926 1524 apro
957 1437 1170 1525 Erymanthio
1202 1437 1301 1502 1541
1333 1440 1439 1502 πολλὰ
1470 1439 1496 1502 δ’
1520 1434 1537 1504 δ’
1566 1463 1607 1517 γε
1639 1440 1830 1520 προθέλυμνα
1852 1441 1966 1519 χαμαί

778 1545 872 1624 ’βαλε
895 1544 1014 1624 δένδρεα
1038 1542 1163 1623 μακροί,
1183 1547 1263 1610 item
1283 1557 1311 1610 Λ
1329 1542 1391 1608 155
1412 1546 1450 1617 ὥς
1470 1543 1496 1609 δ’
1517 1539 1567 1610 ὅτε
1587 1550 1647 1625 πῦρ
1667 1545 1789 1620 οίίδιρλον
1809 1547 1840 1610 ἐν
1859 1546 1966 1630 ἀξύλῳ

779 1652 898 1732 έμπέσρι
921 1649 994 1732 ῧλρ,
1016 1651 1022 1736 Ι
1042 1652 1144 1733 ποίντρ
1170 1650 1195 1715 δ’
1216 1651 1373 1732 είλνφοὶοιν
1397 1649 1507 1728 ἄνεμος
1533 1651 1638 1732 Φέρει,
1660 1643 1688 1716 σί
1706 1653 1738 1717 δέ
1755 1677 1791 1717 τε
1809 1652 1946 1739 ίοέμνοιΙ

778 1758 921 1840 πρόρριζοι
952 1761 1115 1824 πίπτουσιν
1145 1758 1336 1836 έπειγίμενοι
1368 1759 1458 1835 πυρὸς
1492 1759 1568 1840 ὁρμῇ
1595 1765 1628 1824 et
1660 1759 1767 1827 2415
1801 1761 1839 1831 ὥς
1872 1759 1898 1824 δ’
1922 1757 1966 1824 δί’

780 1866 837 1932 ὑπὸ
860 1874 984 1944 πλνργῆς
1010 1864 1125 1945 πατρὸς
1149 1865 1222 1936 Διὸς
1241 1864 1363 1945 έξερίτρ
1383 1865 1448 1944 δρῦς
1470 1864 1476 1950 Ι
1496 1862 1655 1945 πρόρριζος.
1680 1865 1769 1931 Haeo
1789 1869 1876 1933 enim
1894 1869 1968 1954 ipsa

777 1979 826 2039 est
847 1976 896 2038 vis
925 1973 1015 2039 verbi
1038 1972 1198 2052 ἐκτρίβειν,
1223 1971 1407 2054 σοοίίοριανο,
1432 1972 1580 2038 radicitus
1602 1972 1735 2037 evellere.

824 2232 854 2289 N
871 2195 944 2289 134.

916 2327 1019 2408 έγχεα
1044 2331 1070 2394 δ’
1094 2329 1346 2396 ἐπτύσσοντο
1371 2329 1535 2408 ίροοσειιίοιν
1557 2331 1620 2395 οίπδ
1644 2330 1757 2411 (ests)
1779 2335 1889 2409 χειρῶν

914 2439 1067 2512 σειόμενα.
1523 2498 1525 2503 .

780 2542 869 2623 Quod
888 2549 1093 2627 expectamus
1113 2541 1401 2620 ίγνοίμττοντο
1422 2547 1552 2628 propter
1571 2544 1758 2607 mutationis
1777 2539 1968 2606 violentiam

779 2670 954 2736 proponere
988 2653 1043 2713 vix
1078 2652 1192 2714 ausim.
1227 2648 1261 2714 Si
1293 2668 1368 2713 sana
1396 2654 1444 2714 est
1475 2650 1591 2714 tradita
1620 2647 1731 2727 leotio,
1767 2647 1969 2714 admittendo

780 2755 915 2821 mirifica
937 2776 1011 2820 sane
1034 2756 1181 2821 dictionis
1203 2757 1418 2841 exaggeratio.

828 3005 848 3062 Ξ
862 2992 938 3057 286.

917 3098 973 3164 ἔνθ’
993 3095 1106 3170 αΤπνος
1131 3097 1187 3176 μέν
1212 3096 1311 3174 ἔμεινε
1336 3098 1432 3177 ποίροι
1458 3097 1531 3169 Διὸς
1555 3096 1624 3162 ὄσσε
1648 3095 1793 3176 τιδέσίαι,

916 3208 958 3277 είς
983 3206 1097 3279 έλοίτνρν
1121 3204 1245 3281 ἀναβὰς
1270 3204 1558 3281 regeretinerent.

783 3314 884 3380 Verba
919 3314 1014 3390 παρδο
1028 3349 1068 3361 -
1082 3310 1208 3377 τιδέσίαι
1243 3332 1305 3375 non
1341 3333 1357 3376 e
1392 3312 1596 3397 praegressis,
1627 3309 1681 3374 sed
1712 3331 1728 3374 e
1759 3310 1968 3393 sequentibus

782 3441 933 3504 suspensa
963 3417 1123 3495 videntur,
1152 3421 1260 3503 itaque
1284 3420 1388 3483 neseio
1413 3438 1452 3482 an
1476 3420 1584 3502 potius
1607 3413 1737 3501 virgula
1759 3414 1968 3482 incidendum

784 3529 827 3591 sit
849 3532 920 3612 post
941 3522 1050 3603 ἔμεινε.

830 3770 856 3825 0
871 3758 946 3824 490.

914 3869 980 3946 ῥεῖα
1005 3864 1030 3929 δ’
1054 3864 1220 3943 οίρίγνοιτος
1245 3866 1315 3936 Διὸς
1341 3863 1465 3943 οὶνδροίσι
1488 3863 1634 3943 γίγνεται
1660 3866 1762 3943 ritui,

915 3972 990 4050 ἦμέν
1013 3969 1136 4036 ίτέοισιν
1160 3972 1246 4044 ιιῦδος
1272 3970 1428 4051 ὑπέρτερον
1453 3970 1710 4053 ἐγγυαλίξῃ,

915 4078 960 4153 ἠδ’
983 4074 1085 4149 ὅτινας
1109 4078 1214 4156 μινύίρ
1236 4104 1270 4142 τε
1295 4080 1347 4143 καί
1370 4079 1423 4143 οὐκ
1449 4079 1581 4159 έίέλιρσιν
1605 4078 1740 4154 ἀμύνειν.

782 4186 916 4271 Propter
935 4206 1063 4251 versum
1083 4190 1267 4269 sequentem
1288 4185 1400 4250 malim
1421 4184 1661 4267 ε’γγναλίζρ.
1682 4185 1743 4250 Ριο
1760 4184 1883 4249 ὁτέοισιν
1896 4188 1967 4252 sive

780 4288 889 4359 ὅτοισιν
912 4298 994 4357 recte
1018 4289 1126 4355 ὅσοισιν
1150 4289 1201 4356 vel
1225 4287 1275 4356 ὅτι
1301 4299 1375 4372 σφιν
1399 4294 1566 4357 eonieoisse
1592 4292 1743 4357 videntur
1765 4291 1912 4357 editores.

827 4528 945 4700 ⁰5⁶2·
961 4637 1065 4716 φίλοι,
1090 4635 1192 4716 ἀνέρες
1217 4635 1285 4700 ἐστέ
1310 4635 1362 4700 καί
1388 4635 1506 4702 stata
1530 4634 1630 4701 etet·
1655 4637 1710 4700 ένί
1737 4637 1853 4717 ίυμῷ.

917 4744 1086 4827 [ἀλλήλους
1111 4748 1140 4809 τ’
1164 4742 1295 4809 αίδεῑσίε
1321 4743 1403 4807 κατὰ
1429 4744 1575 4822 κρατερὰς
1601 4744 1746 4827 ὑσμίνας]

917 4851 1078 4928 αἰδομένων
1102 4852 1212 4926 οίνδρῶν
1235 4849 1361 4921 πλέονες
1384 4851 1452 4915 σοίοι
1476 4853 1507 4926 ἦέ
1532 4851 1702 4929 πέφανται.

784 4951 918 5019 Versum
952 4961 1090 5044 turpiter
1124 4957 1174 5022 hio
1204 4958 1419 5023 abundantem
1450 4979 1524 5023 eum
1541 4964 1645 5044 'perte
1675 4956 1830 5023 librorum
1860 4958 1967 5027 delere
