5125 6150
1211 859 1365 907 casarea.
1823 834 1885 901 351

685 1030 785 1094 initio
815 1029 934 1111 capitis
967 1028 1055 1090 tertii
1088 1046 1255 1109 compones
1286 1032 1324 1089 ut
1346 1022 1399 1088 rel
1428 1044 1468 1088 ex
1491 1022 1597 1087 verbis
1620 1025 1771 1104 appareat
1795 1021 1889 1084 unius

685 1133 833 1219 exempli
858 1133 1001 1198 diversas
1026 1152 1093 1196 esse
1116 1133 1324 1195 imitationes.

734 1239 828 1303 Licet
853 1259 927 1302 vero
951 1243 1018 1302 tota
1041 1238 1295 1321 argumentatio,
1320 1255 1382 1319 qua
1406 1237 1547 1318 carpitur
1572 1233 1669 1296 homo
1691 1228 1813 1295 stultus
1833 1229 1889 1313 qui

687 1367 775 1421 „non
808 1343 962 1408 radicitus
995 1364 1011 1407 e
1043 1346 1109 1406 rita
1137 1363 1169 1406 se
1194 1341 1281 1406 tollit
1304 1348 1335 1404 et
1358 1339 1466 1415 eicit”,
1492 1337 1596 1403 multo
1622 1337 1737 1401 melius
1761 1340 1888 1399 serrata

683 1454 730 1515 sit
763 1450 804 1514 ab
835 1471 873 1514 eo
904 1451 957 1513 cui
989 1469 1055 1532 cap.
1088 1447 1214 1511 Ill—X
1246 1446 1380 1510 debetur
1410 1466 1509 1529 quam
1539 1465 1558 1508 a
1589 1445 1742 1527 scriptore
1773 1442 1887 1524 capitis

682 1557 795 1631 tertii,
829 1556 1036 1639 perspicuum
1059 1559 1107 1616 est
1130 1552 1223 1615 illam
1247 1548 1417 1615 meliorem
1440 1551 1657 1614 imitationem
1681 1567 1749 1611 esse
1772 1544 1886 1609 additi-

685 1664 783 1724 ciam.
819 1660 903 1723 Nam
935 1664 973 1722 ut
1002 1659 1094 1721 initio
1125 1658 1222 1721 huius
1254 1659 1417 1741 pericopes
1448 1653 1576 1734 (ἥκουσα
1609 1653 1640 1716 δὲ
1673 1658 1747 1730 etc.)
1777 1649 1883 1714 subito

685 1765 896 1848 abrumpitur
931 1762 1023 1826 filum
1059 1764 1228 1837 orationis,
1264 1763 1310 1824 ita
1345 1759 1417 1824 finis
1448 1779 1574 1843 quoque
1605 1757 1761 1841 abruptus
1794 1754 1885 1818 docet

685 1871 766 1933 baec
791 1877 899 1955 postea
922 1888 958 1932 ac
990 1866 1275 1951 neglegentissime
1308 1865 1416 1929 addita
1446 1885 1523 1929 esse.
1556 1862 1637 1927 Ecce
1668 1863 1755 1925 enim
1786 1879 1884 1944 quam

684 1977 771 2038 mire
792 1995 864 2059 pag.
880 1972 985 2037 370ss
1006 1995 1044 2036 ex
1066 1973 1267 2061 tenacissima
1287 1969 1542 2034 immortalitatis
1561 1968 1731 2054 negatione
1752 1964 1885 2030 deduca-

685 2101 765 2144 mur
787 2082 821 2142 in
846 2100 934 2164 spem
959 2077 1125 2142 meliorem
1148 2079 1195 2141 ita
1220 2083 1373 2161 pergente
1393 2077 1553 2140 oratione:
1576 2073 1669 2152 „apic
1690 2073 1731 2152 τῷ
1751 2069 1883 2142 πολλοὺς

688 2187 744 2249 καὶ
775 2185 888 2255 καλοὺς
921 2180 998 2246 εἶναι
1031 2183 1142 2259 λόγους
1173 2182 1321 2261 περὶτῆς
1347 2182 1519 2251 ἀθανασίας
1544 2186 1600 2251 τῆς
1622 2178 1765 2258 ψυχῆς”.
1798 2175 1885 2256 Quae

687 2289 807 2364 verba,
841 2288 1025 2352 Stoicorum
1060 2289 1228 2353 referentia
1264 2289 1427 2371 opiniones
1461 2286 1512 2365 (cf.
1548 2284 1641 2349 Tusc.
1673 2282 1697 2347 I.
1733 2279 1882 2359 61-63;

686 2394 839 2460 Posiden.
864 2393 948 2477 apud
972 2393 1045 2458 Sen.
1071 2392 1114 2456 90
1129 2413 1135 2456 :
1151 2393 1181 2458 7.
1195 2392 1249 2456 20.
1264 2391 1321 2471 21)
1346 2399 1383 2455 ut
1407 2393 1560 2456 acerrime
1583 2394 1729 2475 pugnant
1750 2408 1824 2451 cum
1844 2389 1885 2450 iis

685 2520 770 2585 quae
792 2501 936 2583 proxime
956 2498 1158 2582 praecedunt,
1181 2501 1228 2562 ita
1250 2499 1445 2562 conveniunt
1468 2517 1542 2560 cum
1565 2496 1764 2580 argumentis
1786 2514 1812 2557 c.
1836 2490 1884 2556 111

684 2604 743 2669 lin.
768 2609 799 2667 et
824 2624 849 2667 c.
874 2602 917 2666 Vl
941 2602 1083 2687 prolatis.

735 2709 823 2788 Quae
845 2715 1022 2793 sequuntur
1045 2715 1129 2772 recte
1151 2706 1335 2792 procedunt.
1362 2707 1544 2793 Profligatis
1565 2709 1651 2771 enim
1672 2725 1751 2790 quae
1772 2710 1881 2768 contra

687 2813 973 2880 immortalitatem
997 2811 1096 2878 allata
1114 2822 1205 2877 erant
1226 2816 1444 2898 argumentis,
1465 2816 1530 2877 iarn
1551 2811 1708 2876 exclamat
1729 2812 1882 2894 scriptor:

688 2922 768 2999 „oda
800 2920 842 2990 εἷς
867 2918 996 2982 θάνατον
1019 2920 1095 2982 αλλ’
1119 2919 1160 2986 εἰς
1184 2918 1358 2982 ἀθανασίαν
1381 2915 1401 2982 ὦ
1427 2916 1596 2997 Ἀξνδχε”;
1622 2924 1671 2993 et,
1695 2916 1779 3000 quod
1803 2914 1884 2979 solet

686 3030 723 3091 in
758 3023 915 3089 eiusmodi
947 3022 1084 3108 dialogis
1114 3022 1167 3102 (cf.
1199 3022 1291 3088 Taso.
1325 3021 1348 3088 l.
1383 3023 1479 3102 112),
1519 3031 1587 3087 tam
1616 3021 1709 3107 plane
1741 3019 1883 3085 Axiocho

687 3129 876 3217 persuadet,
902 3135 939 3193 ut
961 3127 1016 3193 ille
1039 3130 1196 3193 fateatur:
1223 3129 1344 3205 „cdxlvi
1369 3152 1421 3206 μοι
1445 3129 1577 3193 θανάτου
1601 3128 1663 3198 δέος
1687 3126 1784 3190 ἔνεστι
1808 3126 1884 3189 ἀλλ’

688 3238 744 3314 ἤδη
774 3236 826 3299 καὶ
859 3234 980 3306 πδθνς”.
1012 3233 1073 3300 Oui
1098 3233 1252 3299 desiderio
1276 3242 1314 3298 ut
1337 3238 1437 3299 etiam
1461 3237 1566 3319 magis
1590 3232 1759 3318 indulgere
1783 3234 1884 3317 possit

688 3363 802 3418 senex,
827 3362 915 3405 more
940 3339 1114 3417 Platonico,
1140 3346 1177 3404 ut
1200 3340 1261 3403 sibi
1286 3341 1415 3423 quidem
1439 3340 1578 3417 videtur,
1608 3338 1682 3404 Orci
1703 3340 1885 3424 descriptio

687 3468 781 3524 nem,
807 3445 957 3532 Gobryae
981 3445 1140 3520 debitam,
1165 3445 1309 3510 Socrates
1330 3445 1386 3511 ille
1410 3444 1723 3532 pseudo-platonicus
1745 3445 1842 3509 addit.

734 3552 804 3631 Quo
835 3552 899 3615 iere
924 3559 1066 3635 tempore
1090 3551 1255 3636 dialogus,
1281 3541 1385 3616 aetate
1408 3539 1539 3636 Epicuri
1563 3554 1692 3616 omnino
1715 3554 1881 3628 recentior,

689 3661 828 3743 scriptus
851 3660 911 3732 sit,
936 3679 1019 3721 nunc
1042 3679 1106 3722 non
1130 3677 1290 3741 quaeram.
1317 3656 1430 3722 Meum
1453 3660 1539 3721 enirn
1561 3660 1620 3721 erit
1642 3657 1736 3722 modo
1756 3657 1883 3720 demon-

690 3771 806 3840 strare,
838 3765 872 3826 in
896 3760 1059 3828 Crantoris
1083 3760 1229 3846 reliqniis
1251 3762 1487 3847 investigandis
1511 3765 1690 3827 Aniochum
1714 3761 1883 3846 ps.-Plato-

691 3872 799 3933 nioum
824 3866 906 3931 nihil
928 3866 1036 3932 afferre
1060 3866 1153 3931 lucri.

734 3973 785 4037 Er
817 3979 904 4057 parte
933 3976 1018 4049 iam,
1050 3975 1084 4035 ni
1114 3971 1216 4049 fallor,
1249 3972 1370 4057 dialogi
1395 3976 1591 4038 enarratione
1614 3973 1647 4037 id
1671 3974 1793 4039 sactum
1819 3981 1883 4040 est:

689 4078 832 4144 Stoicam
850 4080 937 4142 enim
956 4084 1052 4161 atque
1072 4077 1263 4163 Epicuream
1277 4079 1500 4145 tantummodo
1513 4082 1702 4164 sapientiam
1715 4080 1885 4166 deprehen-

688 4185 813 4259 dimus,
835 4205 898 4247 non
918 4184 1153 4249 Academicum.
1175 4183 1233 4259 Et,
1258 4187 1385 4249 etiamsi
1405 4186 1481 4270 quid
1500 4188 1578 4250 insit
1598 4187 1730 4251 fortasse
1750 4186 1833 4271 qnod
1846 4207 1884 4250 er

689 4288 853 4354 Crantoris
879 4287 988 4353 libello
1011 4291 1169 4374 originem
1193 4292 1312 4374 capiat,
1337 4290 1491 4375 indignus
1515 4299 1623 4355 tamen
1647 4293 1699 4356 hic
1724 4291 1885 4356 Aniochns

689 4403 736 4460 est
768 4396 861 4459 cuius
892 4414 950 4478 ope
975 4400 1115 4471 utamur,
1142 4398 1294 4478 quoniam
1318 4396 1509 4480 opusculum
1534 4403 1583 4461 est
1606 4397 1690 4462 male
1714 4401 1883 4461 consutum

688 4521 726 4565 ex
758 4500 899 4563 duorum
929 4499 1099 4563 hominum
1129 4498 1432 4584 disputatiunculis,
1457 4523 1537 4586 quae
1560 4505 1595 4566 iu
1618 4504 1755 4567 rhetoris
1778 4504 1883 4566 cuius·

689 4605 762 4670 dam
794 4604 912 4669 scholis
943 4609 1135 4691 compositae
1159 4605 1289 4683 deinde,
1313 4626 1332 4670 a
1355 4610 1451 4673 tertio
1476 4608 1612 4693 quodam
1637 4607 1812 4693 discipulo,
1837 4611 1884 4674 ita

687 4712 720 4774 in
753 4731 857 4773 unum
886 4712 1072 4775 coniunctae
1104 4719 1180 4776 sunt
1211 4733 1342 4795 corpus,
1372 4719 1409 4776 ut
1432 4733 1470 4776 er
1494 4718 1628 4798 utraque
1652 4713 1786 4779 diatriba
1810 4733 1883 4798 pars

690 4814 847 4899 quaedam
879 4815 1002 4879 abiecta
1034 4817 1086 4879 sit.
1123 4818 1352 4901 Agnoscuntur
1382 4822 1491 4883 autem
1522 4821 1619 4883 etiarn
1652 4840 1736 4884 nunc
1768 4840 1882 4885 manus

690 4922 850 4998 diversae,
874 4942 948 4984 nam
972 4923 1029 4984 uni
1051 4922 1171 4987 rhetori
1194 4923 1362 4987 debemus:
