5125 6150
932 837 1097 885 nroursrus
1119 836 1436 885 uauroleuassnusrs.
1706 819 1769 885 321

634 1007 651 1071 Ι
677 1005 720 1070 46
753 1028 784 1092 p.
812 1004 885 1069 116.
921 1002 1072 1068 Omnium
1103 1009 1282 1088 postremus
1316 1005 1436 1067 Aeneas
1471 1001 1638 1066 Troianam
1669 1023 1771 1068 arcem

588 1112 763 1197 relinquit,
789 1108 913 1186 ἀνοίξας
936 1111 996 1180 τὰς
1019 1110 1215 1187 φυγάδας
1238 1113 1353 1181 πύλας.
1378 1109 1440 1174 Hic
1459 1130 1567 1174 omnes
1585 1113 1773 1196 interpretes

587 1219 781 1302 haeserunt:
807 1217 985 1282 Urlichsius
1008 1223 1194 1301 corruptum
1217 1216 1409 1281 vocabulum
1433 1215 1568 1294 delevit,
1592 1215 1773 1282 Meinekius

587 1324 746 1405 Φηγαδας
777 1326 919 1409 scripsit,
952 1323 1139 1409 Madvigius
1171 1323 1373 1401 Φυγαδικοθο,
1403 1322 1546 1387 Iacobius
1575 1330 1646 1407 poet
1668 1321 1774 1388 Kiess·

587 1431 733 1518 linginm
753 1433 815 1496 alio
835 1430 1028 1497 amandavit.
1054 1429 1174 1509 Quaero
1195 1429 1343 1514 equidem
1362 1450 1402 1494 an
1419 1451 1482 1494 non
1502 1430 1628 1514 probari
1646 1429 1771 1495 debeat:

590 1540 654 1609 τὰς
675 1537 856 1617 Φρυγίας
880 1539 1001 1613 πύλαις,
1025 1534 1095 1600 coll.
1120 1534 1135 1599 Ι
1161 1535 1202 1599 53
1228 1557 1259 1620 p.
1286 1535 1359 1600 137.

633 1756 651 1820 I
676 1756 720 1820 50
744 1777 774 1840 p.
801 1755 881 1821 126:
907 1754 1021 1820 θθουσιν
1046 1755 1211 1834 Ἀφροδίτρ
1231 1755 1305 1833 τρδς
1323 1758 1365 1834 τῷ
1390 1757 1769 1820 κατασκευασθέντι

587 1865 655 1942 ἱερῷ
680 1864 797 1927 θυσίαν.
831 1860 944 1927 Palam
966 1868 1014 1927 est
1037 1862 1088 1926 hic
1112 1861 1232 1945 aliquid
1257 1861 1410 1926 excidisse
1433 1868 1465 1926 et
1488 1861 1699 1946 supplendum
1722 1868 1771 1928 est

586 1973 629 2048 τῷ
667 1970 949 2033 κατασκευασθέντι
985 1969 1127 2047 (ναυσὶ)
1161 1969 1236 2047 ἱερῷ.
1281 1968 1370 2033 Fecit
1404 1970 1437 2031 in
1471 1968 1576 2032 insuia
1609 1968 1769 2056 Zacyntho

589 2078 713 2140 Aeneas
738 2074 822 2160 quod
845 2075 962 2159 ubique
986 2074 1062 2138 facit
1085 2080 1116 2138 et
1139 2072 1299 2160 templum
1323 2074 1437 2139 Veneri
1460 2074 1626 2139 dedicavit.

634 2296 649 2360 I
682 2296 723 2360 51
756 2317 787 2379 p.
825 2293 904 2358 130:
940 2293 994 2358 σὺν
1029 2294 1112 2373 αὐτῷ
1143 2316 1222 2363 τινες
1252 2299 1310 2356 τῶν
1340 2292 1439 2373 Φίλων
1471 2292 1636 2369 ὑπέμειναν
1667 2295 1696 2358 ἐν
1727 2297 1769 2374 τῷ

588 2403 702 2482 edan.
735 2400 823 2465 Haec
852 2399 986 2485 vulgata
1016 2402 1171 2484 scriptura
1201 2404 1265 2477 est,
1299 2398 1353 2463 sed
1382 2399 1516 2463 Urbinas
1547 2406 1579 2465 et
1602 2398 1771 2467 Ghisianus

589 2509 709 2572 habent
746 2507 775 2568 ἐν
809 2507 850 2586 τῷ
887 2506 999 2584 clap,
1043 2504 1125 2590 quod
1160 2504 1346 2589 Madvigius
1379 2507 1514 2569 correxit
1544 2506 1574 2569 ἕν
1604 2508 1645 2586 τῷ
1676 2509 1770 2588 aad.

590 2614 682 2679 Hanc
709 2612 963 2678 emendationem
987 2611 1131 2675 lacobius
1155 2610 1305 2675 adscribit
1327 2613 1361 2674 in
1383 2614 1527 2697 margine
1551 2634 1607 2677 nec
1629 2612 1772 2679 lectionis

586 2721 817 2806 praestantiam
840 2721 1007 2804 agnovisse
1030 2717 1166 2782 videtur.
1191 2716 1290 2802 Saepe
1314 2717 1525 2782 animadverti
1548 2722 1769 2804 nuperrimam

588 2826 745 2892 editorem
769 2824 1047 2911 palaeographicae
1070 2826 1147 2888 artie
1170 2845 1232 2888 non
1255 2845 1322 2888 esse
1346 2826 1588 2908 peritissimum.

630 3030 646 3096 l
681 3028 725 3094 53
755 3050 786 3114 p.
822 3027 902 3093 136:
935 3027 991 3092 eici
1026 3027 1051 3091 δ’
1074 3020 1101 3093 οἳ
1127 3027 1178 3092 τὸν
1210 3024 1243 3103 ἐξ
1271 3027 1455 3107 Ἀφροδίτης
1487 3029 1610 3094 Αἰνείαν
1643 3029 1767 3108 λέγουσι

587 3138 819 3211 καταςήσαντα
839 3135 890 3198 τδν
913 3135 959 3197 λθ
965 3158 1035 3213 χον
1056 3136 1100 3205 εἰς
1119 3134 1259 3198 Ἰταλίαν
1278 3136 1517 3211 ἀνακομισθῆναι
1539 3136 1635 3200 ποθλιν
1654 3135 1767 3203 οἴκαδε.

584 3244 758 3330 Pflnglrius
794 3244 930 3306 correxit
964 3243 1015 3305 τὸν
1049 3239 1158 3320 θχλον·
1195 3240 1341 3326 equidem
1373 3242 1680 3308 commendaverim:
1717 3248 1767 3309 τὸν

583 3353 719 3418 ςθλον.

632 3552 648 3616 Ι
674 3551 716 3615 54
746 3573 777 3635 p.
806 3550 878 3616 139.
914 3550 985 3615 Hoc
1019 3552 1121 3635 capite
1155 3553 1320 3635 quaeritur
1353 3571 1408 3614 cur
1442 3555 1509 3615 tam
1544 3552 1656 3617 multis
1689 3553 1765 3620 locis

582 3664 712 3726 Aeneae
743 3659 840 3737 τάφοι
873 3663 1178 3735 commonstrantur;
1209 3659 1325 3742 quippe
1352 3656 1403 3720 τὸν
1426 3660 1497 3733 μετ’
1519 3660 1675 3739 ἀνθρώπων
1698 3662 1766 3739 βίον

584 3766 720 3830 ἐκλιπὼν
754 3761 890 3844 vippleis
921 3765 1078 3840 ἐκοσμεῖτο
1102 3762 1154 3826 καὶ
1177 3763 1345 3839 μνημάτων
1369 3772 1580 3836 κατασκευαῖς
1603 3777 1764 3848 πολλαχῇ.

583 3870 688 3936 Valde
718 3869 857 3935 notabile
888 3875 936 3934 est
958 3872 990 3933 in
1014 3866 1128 3935 Codice
1150 3866 1298 3934 Ohisiano
1323 3869 1446 3947 ἠρίοις
1468 3869 1543 3956 legi.
1569 3871 1767 3938 Memoratur

583 3977 719 4064 quidem
742 3978 816 4053 ιἐρθν
841 3978 962 4041 Aeneae
986 3973 1001 4038 Ι
1025 3975 1067 4039 53
1090 3997 1121 4060 p.
1149 3974 1211 4039 134
1235 3982 1266 4039 et
1292 3978 1379 4056 ἡρῷον
1401 3976 1417 4040 Ι
1442 3976 1484 4040 50
1507 3999 1537 4062 p.
1566 3978 1639 4056 127,
1665 3981 1713 4044 uti
1733 3985 1765 4044 et

583 4084 603 4149 I
628 4083 672 4149 64
702 4105 732 4168 p.
760 4082 834 4159 163,
866 4083 920 4147 sed
953 4088 1019 4146 erat
1041 4081 1202 4163 χυμοθτιον
1224 4084 1257 4145 οὐ
1280 4081 1369 4160 μέγα
1392 4082 1444 4146 καὶ
1468 4085 1535 4161 περὶ
1560 4086 1637 4149 αὐτὸ
1661 4084 1764 4165 δένδρα

581 4189 730 4270 ςοιχκδδν
763 4188 929 4269 τεφυκθτα
964 4187 1035 4258 θέας
1069 4186 1155 4263 ἄξια.
1190 4189 1421 4273 Harpocration
1457 4189 1646 4255 vocabulum
1681 4194 1764 4277 apud

580 4298 776 4383 Lycurgum
806 4297 946 4360 invenit:
977 4295 1150 4358 secundum
1181 4316 1254 4359 eum
1286 4296 1352 4374 ἠρία
1383 4296 1457 4359 εἰσὶν
1488 4297 1513 4359 οἱ
1544 4297 1657 4376 τθφοι·
1681 4301 1763 4377 φασὶ

581 4404 617 4469 δθ
653 4425 730 4472 τινες
760 4402 920 4480 κοινθτερον
951 4402 1008 4476 μὲν
1039 4400 1162 4473 σοθντας
1192 4402 1262 4472 τοὺς
1287 4400 1408 4478 τοίΦους
1431 4398 1525 4472 adver
1548 4402 1764 4484 ὀνομάζεσθαι,

584 4510 660 4573 κατ’
696 4505 848 4585 ε’ξαθρετον
882 4505 913 4570 δὲ
947 4504 1041 4576 τοὺς
1084 4507 1135 4580 ui
1174 4507 1210 4571 ἐν
1246 4504 1340 4587 ὕψει
1376 4507 1424 4571 τοὶ
1460 4507 1763 4584 οἰκοδομήματα

582 4614 600 4678 θ
607 4636 634 4691 χ
644 4636 657 4675 ο
669 4635 740 4675 ντα
750 4636 775 4684 ο.
797 4610 1007 4679 conferantur
1026 4611 1065 4676 ad
1077 4612 1160 4677 hunc
1170 4612 1279 4678 locum
1292 4612 1553 4680 Hemsterhusius
1567 4623 1598 4680 et
1611 4615 1763 4683 Valesius.

630 4830 712 4896 156
744 4852 775 4915 p.
804 4829 876 4894 143.
909 4833 1032 4897 Aeneae
1062 4832 1170 4897 audita
1200 4832 1263 4896 fuit
1294 4833 1401 4899 divina
1433 4855 1492 4899 vox
1519 4854 1598 4919 qnae
1621 4836 1763 4921 pollicita

585 4948 635 5004 est
668 4937 776 5001 παισὶν
807 4939 900 5002 αὑτοῦ
932 4938 983 5001 καὶ
1015 4938 1152 5015 θγγθνοις
1183 4936 1303 5001 ἔσεσθαι
1335 4940 1433 5017 ἀρχὴν
1463 4942 1596 5016 perlem
1629 4943 1681 5005 eal
1713 4944 1763 5008 θτδ
