5125 6150
780 811 864 891 ,266
1255 835 1297 881 na
1320 834 1531 884 mamus.

843 999 1019 1065 Hominum
1043 1004 1147 1087 igitur
1169 1008 1293 1065 mentes
1315 1022 1389 1065 cum
1412 1000 1470 1065 tali
1489 1005 1688 1067 contentione
1706 1004 1880 1070 identidem
1901 1027 1986 1070 com·

796 1117 1011 1185 moverentur,
1032 1107 1140 1171 audita
1159 1115 1207 1172 est
1225 1107 1311 1172 fama
1329 1107 1502 1171 mulierum
1522 1107 1621 1173 libere
1638 1112 1833 1188 viventium,
1854 1115 1986 1197 proprio

796 1213 902 1279 Marte
932 1215 1163 1300 pugnantium,
1192 1217 1335 1278 virorum
1360 1213 1460 1278 officia
1483 1212 1620 1279 viriliter
1643 1220 1896 1302 exsequentium.
1921 1219 1987 1284 Ubi

795 1320 872 1386 talia
903 1320 1031 1386 seminis
1061 1319 1210 1397 licerent,
1241 1322 1286 1385 ibi
1313 1319 1478 1385 nihil-non
1500 1324 1542 1386 iis
1563 1321 1676 1398 licere,
1700 1326 1801 1388 immo
1823 1323 1987 1389 muliebre

794 1449 897 1514 genus
926 1428 1082 1510 imperare,
1111 1427 1291 1493 clamabant
1313 1429 1429 1513 quibus
1451 1431 1602 1514 antiquus
1625 1436 1726 1495 status
1749 1434 1841 1496 unice
1864 1432 1988 1516 probus

794 1542 826 1600 et
849 1533 999 1619 optabilia
1021 1533 1197 1609 videretur;
1222 1534 1431 1599 historiarum
1454 1540 1563 1599 autem
1587 1538 1754 1623 scriptores
1777 1544 1843 1602 tam
1866 1559 1986 1603 sermo

796 1662 850 1705 nee
881 1640 1063 1725 aequalium
1095 1661 1192 1725 quam
1222 1647 1346 1705 veteres
1375 1647 1519 1706 auctores
1550 1662 1608 1727 pro
1640 1642 1781 1708 fontibus
1811 1643 1986 1722 hebentes,

794 1748 933 1811 nimium
962 1749 993 1810 in
1025 1746 1168 1810 historiis
1191 1745 1423 1811 conscribendis
1447 1746 1623 1812 rhetoricae
1645 1751 1707 1812 arti
1729 1748 1937 1835 indulgentes
1953 1751 1987 1830 ¹),

794 1853 913 1918 famam
945 1873 1078 1938 parvam
1109 1855 1251 1937 primum
1284 1873 1359 1917 mox
1383 1852 1582 1918 sustulerunt
1605 1856 1638 1918 in
1663 1875 1755 1919 aurae
1776 1859 1988 1942 graviterque

794 1966 870 2026 sunt
890 1959 990 2025 locuti
1014 1960 1052 2025 de
1074 1958 1336 2024 Sauromatarum
1361 1963 1613 2046 gynaecocratia.
1645 1961 1710 2026 Noe
1733 1969 1859 2039 autem,
1885 1966 1987 2048 quie

796 2066 905 2133 Tacito
936 2073 968 2132 et
997 2065 1169 2131 Plutarcho
1199 2068 1351 2130 norimus
1382 2063 1616 2132 Gennanorum
1647 2066 1797 2133 mulieres
1819 2089 1879 2152 pro
1903 2072 1987 2134 viris

796 2180 905 2240 contra
929 2172 1087 2238 Romanos
1111 2181 1307 2258 pugnantes,
1332 2179 1435 2237 caetra
1456 2175 1653 2249 munientes,
1677 2173 1808 2261 vigilias
1830 2182 1986 2260 agentes,

794 2301 916 2345 necnon
945 2279 1116 2344 didicimus
1139 2279 1196 2343 bae
1219 2278 1371 2344 mulieres
1394 2288 1433 2343 ut
1456 2278 1624 2344 honoratas
1648 2282 1692 2344 sic
1715 2301 1881 2366 nunqnam
1906 2285 1987 2347 civi-

794 2391 898 2451 tatum
931 2387 1088 2471 principes
1116 2385 1213 2450 fuisse
1243 2385 1385 2462 habitas,
1417 2406 1474 2450 nos
1503 2389 1779 2472 gynaecocratiam
1808 2385 1903 2452 illam
1929 2410 1988 2454 eno

795 2495 897 2579 pretio
919 2495 1124 2557 aestimantes
1148 2493 1190 2562 εἰς
1214 2494 1335 2557 Σκυθῶν
1359 2493 1485 2571 ἐρημίαν
1509 2495 1577 2557 eive
1600 2494 1740 2557 iocorum
1762 2496 1796 2557 in
1816 2496 1988 2579 regionem

796 2602 983 2685 quantocius
1016 2597 1239 2685 relegabimus.
1274 2598 1418 2664 Fuerunt
1449 2599 1581 2663 fortasse
1612 2598 1689 2663 talia
1718 2601 1869 2663 institut-a
1899 2600 1990 2686 apud

796 2703 892 2771 Cares
923 2703 1019 2782 olim,
1052 2703 1172 2769 Lemno
1202 2703 1381 2781 ininsula,
1406 2702 1463 2770 coi
1486 2725 1628 2789 quoque,
1654 2705 1776 2790 quade
1800 2728 1834 2770 re
1859 2713 1989 2775 senten·

794 2814 874 2877 tiam
898 2818 1039 2876 nostram
1064 2818 1155 2876 caute
1178 2810 1360 2875 differemus
1384 2812 1481 2876 donec
1505 2812 1559 2876 σὺν
1583 2814 1657 2882 θεοῖς
1676 2811 1726 2875 his
1744 2832 1869 2896 quoque
1889 2816 1988 2879 rebus

793 2916 851 2982 lux
875 2917 990 2982 clarior
1012 2916 1208 3002 lucidiorque
1231 2916 1404 2982 affulserit:
1424 2939 1507 2981 nnnc
1526 2916 1566 2981 ad
1585 2920 1781 3002 propositum
1803 2917 1986 2986 redeamus.

841 3024 927 3106 Quae
958 3023 1056 3090 semel
1085 3045 1142 3110 per
1164 3045 1256 3089 auras
1279 3024 1416 3089 demissa
1438 3026 1471 3088 in
1494 3026 1618 3088 intimis
1640 3024 1808 3090 hominum
1832 3026 1987 3092 cordibus

794 3131 902 3197 locum
937 3132 1161 3208 obtinuerunt,
1198 3134 1265 3196 eive
1301 3151 1375 3195 vera
1409 3133 1477 3195 sive
1511 3131 1590 3196 falsa
1623 3138 1714 3207 sunt,
1747 3151 1842 3216 aegre
1871 3141 1987 3216 postea

794 3243 896 3324 ¹[genus
919 3238 1088 3303 bominum
1112 3240 1192 3322 eripi
1215 3239 1277 3302 eibi
1299 3240 1422 3322 patitur
1445 3236 1670 3303 melioribusve
1690 3238 1874 3303 notionibus
1894 3238 1986 3323 pelli.

795 3343 865 3409 Stet
887 3347 991 3431 gratia
1014 3352 1125 3409 suaet
1148 3345 1247 3409 honor
1270 3343 1405 3408 Homeri
1427 3345 1548 3409 verbis:

975 3453 1029 3524 riv
1054 3452 1116 3529 γὰρ
1139 3451 1239 3522 ἀοιδὴν
1262 3455 1385 3525 μᾶλλον
1409 3452 1591 3514 lvtvteiovc'
1616 3448 1759 3528 ἄνθρωποι

975 3557 993 3633 ἦ
1016 3581 1061 3629 τις
1085 3557 1281 3621 ἀκουόντεσσι
1307 3556 1442 3630 νεωτάτη
1467 3557 1704 3633 ἀμφιπέληται,
1730 3593 1773 3606 -

792 3665 911 3727 maiore
947 3672 1053 3729 tamen
1088 3667 1275 3729 auctoritate
1309 3667 1423 3749 vigent
1456 3664 1631 3748 florentque
1665 3684 1872 3749 quaecunque
1905 3669 1985 3731 seris

791 3770 959 3855 nepotibus
979 3770 1056 3833 bene
1077 3778 1201 3835 servata
1219 3770 1436 3855 servandaque
1456 3770 1653 3835 tradiderunt
1673 3772 1728 3855 qui
1748 3775 1820 3834 ante
1839 3770 1985 3836 fuerunt.

793 3875 845 3941 Sic
866 3897 945 3960 quae
970 3878 1076 3960 opinio
1100 3877 1137 3941 de
1161 3878 1358 3941 Amazonum
1382 3879 1505 3962 origine
1525 3875 1671 3942 orientali
1689 3883 1810 3941 mentes
1831 3879 1984 3963 antiquas

793 3984 977 4067 occupavit,
1010 3985 1126 4046 mansit
1157 3984 1323 4069 haesitque
1352 3984 1391 4048 ad
1420 3991 1542 4049 nostros
1573 4003 1674 4068 usque
1698 3982 1780 4057 dies,
1803 3981 1879 4048 licet
1906 3985 1983 4050 buia

792 4092 966 4154 sententiae
997 4095 1029 4153 et
1061 4086 1256 4154 Graecorum
1286 4089 1398 4175 religio
1422 4098 1555 4174 atquae
1580 4092 1747 4174 scriptores
1770 4094 1895 4153 veteres
1920 4098 1982 4157 tra·

793 4196 943 4260 diderunt
973 4203 1080 4280 aperte
1105 4196 1312 4282 refragentur,
1337 4207 1492 4282 quantum
1518 4196 1646 4282 quidem
1670 4195 1795 4260 videam
1819 4197 1983 4280 equidem.

837 4300 898 4366 Sed
929 4324 967 4366 ne
998 4305 1132 4366 materia
1154 4303 1337 4379 obruamur,
1362 4324 1489 4388 operam
1516 4304 1595 4367 dabo
1621 4308 1656 4366 ut
1682 4323 1719 4366 ex
1744 4301 1853 4366 ordine
1876 4303 1985 4390 dispo

794 4410 891 4472 eitam
911 4406 1081 4472 lectoribus
1101 4409 1266 4493 praebeam
1288 4409 1533 4473 diiudicandam.
1554 4408 1665 4493 Itaque
1683 4429 1779 4492 quam
1791 4408 1983 4477 brevissime

793 4522 901 4600 potero
914 4516 1018 4579 varias
1029 4517 1192 4579 variorum
1204 4518 1396 4599 scriptorum
1409 4518 1580 4580 sententias
1593 4514 1714 4579 duobus
1726 4516 1886 4599 capitibus
1899 4538 1981 4583 com·

799 4621 910 4706 plexus
930 4620 1084 4698 refutare,
1106 4622 1175 4687 dein
1201 4644 1304 4688 meam
1329 4624 1429 4707 ipsius
1452 4624 1630 4708 opinionem
1655 4641 1809 4706 exponere
1834 4625 1981 4690 conabor.

806 4790 999 4801 ———

829 4897 857 4958 l)
875 4898 956 4960 Polyb.
975 4898 1030 4955 llll,
1050 4898 1095 4949 27:
1113 4896 1125 4944 d
1142 4898 1192 4959 γὰρ
1210 4896 1315 4960 Ἔφορος
1329 4895 1471 4954 δεινότατός
1486 4894 1555 4947 ἐστιν
1570 4900 1594 4946 ἐν
1610 4897 1666 4955 ταῖς
1680 4893 1850 4957 παραβάσεσι
1866 4896 1911 4947 nni
1924 4900 1981 4957 ταῖς

794 4978 839 5040 ἀφ’
856 4978 935 5027 αὑτοῦ
952 4980 1143 5043 γνωμολογίαις.
