5125 6150
784 1211 854 1300 DE
883 1212 1116 1302 HEGiONIi
1143 1212 1199 1302 IN
1228 1213 1474 1302 THRHN'HI
1503 1216 1786 1312 ADHLPHIS.

1229 1419 1353 1460 somnsm

1061 1567 1101 1636 G.
1125 1570 1161 1636 H.
1186 1570 1236 1636 W.
1260 1570 1347 1636 VAN
1370 1569 1510 1635 HILLH.

1195 1840 1380 1886 -ouoo—

740 2073 831 2138 Varie
863 2073 926 2136 riri
958 2071 1043 2136 docti
1074 2070 1320 2156 disputaverunt
1349 2091 1421 2135 cum
1447 2070 1484 2136 de
1509 2075 1621 2137 ceteris
1644 2076 1785 2158 personis
1810 2075 1883 2142 dra·

694 2181 789 2244 matis
812 2176 1010 2253 Terentiani,
1035 2177 1119 2263 quod
1141 2177 1327 2241 inscribitur
1351 2175 1542 2261 „Adelphi’',
1566 2184 1636 2243 tum
1659 2179 1698 2243 de
1717 2179 1879 2267 Hegione.

694 2284 941 2365 Quaesiverunt,
965 2304 1022 2348 cur
1042 2281 1211 2348 Terentius
1234 2303 1252 2346 a
1271 2282 1446 2348 Menandro
1466 2282 1658 2349 discessisset
1675 2288 1708 2349 in
1728 2285 1880 2372 fingendo

693 2392 891 2476 cognationis
921 2388 1067 2466 vinculo,
1100 2410 1161 2474 quo
1193 2388 1299 2474 Hegio
1332 2410 1406 2454 cum
1436 2409 1573 2474 paupere
1603 2390 1726 2455 familia
1756 2390 1879 2460 Simnli

693 2503 762 2562 erat
802 2499 930 2560 iunctus
973 2503 1005 2560 et
1038 2502 1120 2572 uter,
1155 2493 1330 2560 Menander
1364 2516 1402 2559 an
1438 2493 1622 2574 Terentius,
1657 2518 1725 2562 rem
1758 2500 1879 2566 melius

694 2608 868 2668 tractasset.

736 2708 860 2773 Donato
883 2709 969 2772 enim
993 2715 1120 2773 auctore
1142 2705 1264 2793 Hegio,
1290 2709 1342 2772 oui
1366 2705 1516 2771 mulieres
1539 2710 1647 2793 inopes
1671 2730 1765 2775 curae
1789 2719 1876 2791 sunt,

693 2814 777 2900 apud
808 2813 1019 2879 Menandrum
1050 2811 1227 2878 avunculus
1258 2813 1446 2898 Pamphilae
1477 2816 1614 2899 virginis
1643 2822 1708 2893 est,
1741 2816 1876 2904 ideoque

691 2919 866 2997 Sostratae,
898 2922 1010 2985 matris
1041 2919 1152 2997 huius,
1183 2919 1296 2998 fratem
1320 2918 1403 3004 apud
1427 2918 1611 2985 Terentium
1636 2927 1744 2986 autem
1767 2922 1876 3011 Hegio

691 3030 844 3112 cognatus
874 3028 995 3090 mortui
1025 3023 1158 3102 Simuli,
1189 3023 1349 3090 Sostratae
1380 3027 1505 3104 mariti,
1537 3046 1603 3092 esse
1626 3026 1770 3114 fingitur.
1802 3029 1874 3098 Iure

690 3132 915 3198 animadvertit
945 3130 1096 3216 Sipkema
1111 3130 1135 3207 ¹)
1166 3131 1412 3217 discrepantiam
1437 3132 1521 3196 haud
1544 3154 1675 3218 parvam
1699 3155 1768 3201 esse
1791 3139 1875 3202 inter

690 3237 851 3323 querelas,
886 3259 963 3323 quas
997 3240 1029 3301 in
1064 3236 1252 3302 Terentiana
1288 3237 1396 3303 fabula
1429 3238 1587 3323 legimus,
1622 3239 1660 3304 de
1690 3245 1873 3308 miserrima

689 3345 875 3421 solitudine,
908 3346 940 3407 in
973 3366 1035 3428 qua
1060 3352 1204 3408 versetur
1226 3343 1385 3420 Sostrata,
1410 3352 1440 3407 et
1465 3367 1571 3409 rerum
1596 3367 1708 3412 verum
1733 3354 1869 3426 statum,

689 3454 838 3537 quoniam
871 3451 977 3537 Hegio
1010 3454 1155 3536 „patroni
1188 3458 1219 3515 et
1249 3451 1369 3537 patris'’
1401 3454 1501 3516 instar
1524 3459 1674 3538 cognatas
1696 3475 1771 3519 suas
1796 3455 1870 3521 colit

689 3565 721 3621 et
756 3556 905 3621 defendit.
942 3556 1033 3621 Hanc
1069 3549 1330 3641 discrepantiam,
1366 3578 1559 3642 quamquam
1593 3558 1697 3644 lepide
1732 3562 1869 3646 explicat

688 3661 857 3746 Sipkeme,
883 3669 989 3728 tamen
1012 3665 1046 3727 in
1070 3659 1189 3728 Graeca
1212 3661 1381 3728 sabulone
1404 3666 1546 3729 extitisse
1571 3666 1699 3749 quidem
1724 3675 1814 3753 puto.
1828 3703 1869 3719 -

689 3767 772 3848 Quid
796 3766 901 3832 enim?

733 3874 874 3940 Sostrata
895 3878 1012 3940 marito
1035 3883 1164 3941 mortuo
1187 3876 1286 3942 vidua
1310 3874 1419 3941 relicta
1443 3884 1491 3941 est
1510 3899 1584 3942 cum
1603 3899 1667 3943 una
1685 3878 1769 3956 filia,
1791 3902 1869 3947 mas·

687 3980 767 4047 culis
789 3980 897 4046 liberis
921 3982 1005 4046 orba.
1030 3981 1140 4068 Itaque
1162 3986 1231 4048 iure
1254 3986 1351 4048 attico
1370 3984 1540 4068 Pamphila
1559 3985 1774 4065 ἕπῖκῖηρος-
1788 3989 1868 4054 eheu

687 4091 754 4153 sine
784 4087 958 4153 hereditate
983 4092 1193 4173 -proximo
1224 4095 1340 4174 agnato
1372 4093 1412 4170 (si
1437 4093 1482 4155 sic
1507 4093 1589 4155 verti
1610 4090 1686 4157 iicet
1708 4093 1759 4169 id,
1786 4094 1867 4180 quod

686 4202 734 4259 est
762 4194 951 4273 ἄγχιστεύς)
982 4193 1122 4260 ducenda
1152 4204 1209 4260 est.
1238 4196 1416 4275 ’Λγχιστέα
1439 4196 1534 4261 ilium
1558 4201 1690 4263 minime
1714 4202 1867 4286 cupidum

687 4321 754 4366 esse
784 4302 891 4364 uxoris
921 4300 1080 4365 indotatae
1110 4301 1269 4367 ducendae
1297 4308 1426 4388 apparet
1450 4323 1488 4367 ex
1511 4305 1580 4388 ipsa
1603 4303 1725 4383 fabule,
1749 4308 1807 4372 ubi
1829 4329 1867 4373 ne

684 4409 785 4473 intrat
806 4406 935 4490 quidem
957 4409 991 4469 in
1014 4427 1168 4472 scaenam.
1193 4407 1275 4488 Quid
1300 4406 1500 4473 faciendum?

1366 4516 1436 4592 „An
1460 4516 1566 4580 sedere
1590 4520 1732 4602 oportuit

750 4714 753 4722 Ι
819 4619 916 4684 Domi
938 4621 1098 4706 virginem
1121 4628 1187 4686 tem
1211 4621 1382 4708 grandem,
1408 4621 1485 4686 dum
1509 4633 1662 4708 cognatus
1683 4625 1757 4691 hinc

817 4725 909 4791 Illinc
931 4729 1054 4793 veniret
1077 4735 1295 4814 expectantem
1304 4726 1337 4792 ?'’
1369 4729 1441 4808 (Ad.
1467 4727 1657 4811 672—674)

689 4859 882 4873 *—

718 4919 744 4984 1)
762 4919 798 4969 ct.
816 4922 941 4987 Sipkema,
957 4923 1113 4987 Queutiones
1129 4923 1301 4985 donatianae,
1318 4941 1341 4990 p.
1360 4925 1467 4974 88-40.
