5125 6150
686 799 729 862 at
1211 815 1354 860 rums.

731 980 922 1044 Plutarchus
954 980 1053 1044 latine
1086 983 1202 1045 nescit.
1235 996 1264 1042 et
1297 982 1324 1041 si
1354 982 1388 1041 in
1419 981 1497 1041 ritis
1526 976 1648 1042 Galbae
1676 975 1873 1060 Othonisque

683 1086 805 1171 aliquid
838 1108 1001 1171 perverse,
1034 1085 1151 1159 stulte,
1179 1084 1313 1149 ridicule
1337 1104 1461 1159 narrat,
1485 1084 1677 1148 facillimum
1699 1101 1746 1147 est
1771 1082 1873 1146 Taciti

687 1192 838 1256 venabula
863 1193 1000 1255 indicare
1024 1213 1103 1276 quae
1127 1195 1161 1254 in
1186 1212 1324 1255 errorem
1347 1212 1423 1253 eum
1447 1190 1652 1254 induxerunt.

731 1298 792 1363 Sed
827 1297 1047 1382 exemplorum
1083 1299 1199 1380 quibus
1235 1298 1293 1360 hoc
1324 1314 1554 1381 argumentum
1585 1295 1726 1359 illustret
1756 1312 1874 1378 magna

687 1403 875 1468 ll'oelfflinio
898 1409 930 1468 in
956 1420 1106 1488 promptu
1132 1420 1178 1466 est
1204 1406 1304 1487 copia.
1328 1402 1409 1466 Sunt
1433 1403 1643 1466 disertissima
1665 1404 1790 1465 omnia:
1812 1399 1874 1462 duo

686 1526 792 1574 tanten
817 1531 929 1574 eorum
952 1512 1129 1573 maximam
1153 1510 1234 1572 mihi
1258 1509 1374 1572 habere
1397 1508 1547 1572 sidentur
1565 1505 1775 1592 persuadendi
1794 1508 1872 1568 rim.

686 1614 773 1695 Quae
795 1615 851 1679 illa
874 1619 936 1678 sint
962 1615 1082 1679 dicam:

732 1721 833 1796 Otho,
866 1742 883 1785 a
914 1724 1086 1785 coniuratis
1117 1724 1184 1783 suis
1216 1736 1349 1784 vocatus
1378 1736 1414 1782 ut
1445 1741 1479 1784 se
1508 1741 1584 1782 cum
1613 1717 1680 1783 illis
1709 1721 1744 1781 in
1772 1732 1874 1780 castra

685 1828 823 1892 conferat
856 1831 1031 1912 praetoria,
1061 1828 1119 1890 hoc
1151 1831 1255 1889 utitur
1286 1826 1452 1890 mendacio
1482 1847 1545 1910 quo
1567 1826 1714 1889 subitum
1736 1842 1875 1887 suume

687 1931 811 1996 Palatio
835 1932 982 1996 defendat
1006 1932 1191 1996 discessum.
1216 1932 1361 2016 Rogatus
1385 1951 1403 1994 a
1426 1929 1531 1995 Galba
1555 1952 1614 1994 cur
1634 1930 1726 1993 abeat
1749 1948 1876 2012 respou-

686 2037 738 2101 det
770 2059 788 2102 a
819 2059 852 2100 se
884 2039 941 2099 enti
968 2037 1059 2101 aedes
1090 2051 1252 2101 vetustate
1284 2054 1464 2120 suspectas.
1489 2058 1574 2100 nunc
1597 2057 1631 2099 se
1653 2036 1693 2099 ab
1715 2034 1875 2096 architecto

687 2144 973 2226 rederaptort'barqae
995 2147 1169 2227 exspectari
1194 2160 1239 2207 tt.
1264 2142 1338 2207 Tac.
1364 2143 1407 2206 Η.
1431 2143 1457 2219 I,
1482 2143 1551 2221 27).

733 2249 794 2313 Res
818 2258 866 2311 est
889 2269 986 2332 quam
1010 2252 1152 2312 maxime
1174 2252 1342 2333 perspicua
1365 2264 1396 2312 et
1420 2270 1438 2312 e
1463 2252 1531 2312 vita
1553 2254 1694 2331 sumpta.
1724 2245 1761 2309 Si
1784 2243 1877 2309 aedes

687 2369 812 2418 nostrae
843 2352 972 2437 aliquod
995 2358 1127 2439 gratius
1150 2371 1301 2438 ceperunt
1325 2355 1573 2429 detrimentum,
1597 2354 1810 2417 architectum
1833 2372 1879 2414 ar·

687 2462 856 2525 cessimus:
893 2462 920 2522 is
956 2460 1113 2542 quomodo
1147 2464 1255 2524 sarciri
1290 2463 1411 2544 possint
1444 2460 1639 2544 debeantque
1669 2458 1876 2522 demonstrat.

689 2564 773 2629 'l'um
805 2580 914 2629 autem
945 2582 999 2629 aut
1033 2564 1119 2630 solus
1151 2588 1219 2630 rem
1251 2581 1353 2629 totam
1381 2587 1440 2630 suo
1464 2564 1606 2651 periculo
1629 2568 1663 2627 in
1686 2584 1720 2627 se
1742 2564 1878 2646 suscipit

689 2686 746 2735 aut
770 2691 850 2755 opus
873 2670 973 2748 locat,
998 2671 1191 2755 redimitque
1213 2669 1298 2736 illud
1320 2671 1511 2755 plerumque
1533 2669 1586 2735 rel
1609 2671 1698 2734 faber
1719 2667 1878 2753 lignarius

689 2775 740 2839 tel
764 2775 910 2860 lapidum
933 2786 1083 2853 structor,
1114 2776 1167 2840 sed
1192 2781 1281 2861 prius
1304 2799 1379 2841 cum
1402 2775 1474 2841 aliis
1497 2775 1642 2860 loquitur
1663 2775 1761 2838 labris
1782 2794 1823 2836 ne
1846 2775 1879 2835 in

689 2882 858 2946 statuendo
889 2887 992 2967 pretio
1021 2887 1166 2968 graviter
1196 2898 1289 2947 erret.
1322 2884 1350 2945 Α
1382 2896 1489 2946 nostra
1519 2891 1627 2946 autem
1651 2878 1880 2944 consuetudine

689 3009 738 3052 res
763 3009 859 3073 quam
882 2987 966 3053 Otho
990 2990 1081 3076 lingit
1106 2989 1221 3054 leriter
1241 2996 1368 3053 tantum
1388 2990 1562 3072 discrepat:
1582 2989 1634 3051 hie
1653 2989 1740 3051 enim
1757 2983 1879 3069 singuli

690 3095 770 3159 fabri
794 3103 913 3179 quanto
938 3117 993 3159 sua
1017 3118 1089 3180 pars
1114 3106 1235 3160 constet
1259 3095 1430 3160 declarant.

735 3200 818 3278 Ouid
838 3222 912 3264 tero
933 3199 1146 3265 Plutarchus?
1167 3201 1325 3266 Othonem
1346 3200 1514 3265 simulasse
1526 3200 1603 3264 dicit
1616 3199 1707 3263 aedes
1718 3202 1880 3261 vetustate

691 3317 851 3390 suspectas
883 3328 900 3370 a
933 3328 966 3371 se
998 3315 1126 3388 emptae,
1156 3329 1239 3371 nunc
1263 3308 1325 3370 sthi
1348 3329 1422 3370 cum
1447 3306 1618 3369 architectis
1640 3302 1879 3369 deliberandum

691 3422 727 3475 ut
752 3432 860 3475 earum
887 3416 967 3475 vitia
991 3423 1168 3477 monstrare
1191 3417 1290 3497 possit
1317 3413 1527 3475 renditoribua.

735 3517 886 3582 Potestne
907 3519 1082 3602 quidquam
1102 3519 1234 3582 stultius
1254 3516 1450 3604 excogitari?
1469 3518 1627 3592 Suaviter,
1648 3514 1762 3588 hercle,
1779 3513 1880 3577 rideat

692 3626 718 3685 si
738 3625 809 3706 quis
828 3626 862 3684 in
883 3623 1010 3706 praedio
1031 3624 1194 3688 vendendo
1213 3637 1390 3708 emptorem
1410 3626 1589 3686 emunxerit
1611 3643 1684 3685 cum
1704 3618 1761 3683 ille
1775 3625 1880 3699 postea

692 3729 753 3790 sihi
773 3726 969 3791 demonstret
989 3750 1068 3812 quae
1088 3732 1153 3792 sint
1173 3732 1241 3793 eius
1261 3732 1351 3793 vitia.
1374 3732 1415 3792 At
1436 3728 1520 3813 quod
1539 3727 1624 3812 apud
1636 3725 1784 3790 Tacitum
1796 3723 1881 3788 Otho

693 3832 844 3907 simulat,
868 3854 979 3896 revera
999 3837 1218 3918 unusquisque
1239 3834 1467 3919 paterfamilias
1486 3847 1599 3897 cautus
1617 3832 1820 3916 prudensque
1841 3828 1882 3891 fa-

693 3959 762 4003 cere
787 3937 884 4002 solet:
905 3943 1016 4023 quanti
1036 3961 1141 4005 emere
1161 3939 1240 4003 velit
1262 3962 1326 4004 non
1346 3944 1434 4024 prius
1455 3938 1593 4002 declarat
1613 3957 1707 4022 quam
1730 3937 1881 4019 aperitis

694 4044 879 4108 hominihus
900 4050 1085 4128 cognoverit
1106 4065 1186 4128 quae
1207 4046 1267 4108 sibi
1287 4046 1330 4107 sit
1348 4048 1381 4107 in
1394 4044 1560 4109 reficiendo
1572 4046 1716 4126 impensa
1728 4040 1880 4105 facienda.

739 4149 782 4213 Et
811 4149 894 4213 unde
917 4156 1012 4212 natus
1035 4158 1084 4213 est
1105 4152 1257 4213 immanis
1279 4149 1336 4213 ille
1360 4148 1525 4213 Plutarchi
1548 4145 1656 4213 error?
1680 4146 1742 4210 Res
1766 4152 1814 4210 est
1838 4148 1882 4208 in·

693 4254 852 4320 credibilis
883 4263 915 4318 et
943 4267 1049 4318 tamen
1081 4274 1172 4319 vera:
1204 4277 1266 4319 non
1294 4254 1399 4320 solum
1423 4254 1499 4338 qnid
1522 4257 1690 4318 interesset
1712 4254 1797 4315 inter
1820 4252 1885 4313 red·

694 4366 846 4442 emptorem
879 4366 911 4423 et
942 4367 1095 4440 ereptorem
1127 4361 1302 4435 nesciebat,
1335 4360 1390 4425 aad
1421 4363 1519 4425 etiam
1543 4359 1658 4421 eruendi
1681 4357 1885 4441 vendendique

694 4467 791 4531 verba
814 4464 929 4529 Latina
951 4467 1035 4529 inter
1058 4487 1091 4529 se
1115 4465 1267 4529 confudit.

739 4572 852 4635 Nescio
876 4577 982 4634 tamen
1007 4591 1045 4634 an
1070 4571 1129 4635 hoc
1153 4570 1319 4655 exemplo,
1344 4573 1493 4655 quamvis
1517 4569 1647 4635 evidens
1670 4571 1711 4632 sit
1732 4575 1766 4632 et
1784 4571 1887 4632 maui-

695 4678 829 4752 iestum,
861 4676 1017 4753 alterum,
1049 4677 1132 4761 quod
1163 4680 1227 4741 iam
1251 4698 1325 4741 sum
1348 4677 1546 4763 prolaturus,
1570 4679 1604 4740 in
1628 4674 1760 4739 clariore
1784 4677 1885 4738 etiam

694 4790 798 4848 totam
829 4802 898 4845 rem
928 4788 1023 4865 ponat
1053 4781 1134 4846 luce.
1167 4782 1204 4847 ln
1227 4803 1264 4847 eo
1288 4789 1398 4848 autem
1419 4783 1583 4861 idoneam,
1607 4789 1645 4848 ut
1667 4802 1727 4868 ego
1751 4801 1884 4859 censeo,

694 4889 733 4953 ob
756 4906 884 4952 causam
909 4887 1005 4971 paulo
1031 4887 1154 4952 diutius
1177 4889 1362 4954 subsistam.
