5125 6150
1599 698 1716 717 ,‚...,
1772 703 1807 719 ·;·
1944 710 1947 719 1

1588 714 1750 779 ..τ’μῐη·
1794 734 1799 745 =
1944 724 1947 747 r

1583 780 1726 928 taran
1763 791 1811 843 ³¹·
1865 798 1868 805 ·

1657 838 1677 859 [d
1726 844 1807 857 υΙΙι
1845 848 1861 859 ,ι
1903 844 1908 859 Ι

1583 968 1592 1029 t

1638 1037 1730 1078 15*st
1743 1040 1822 1077 r-''aJ'
1853 1044 1892 1076 -·.
1943 1012 1947 1047 !

1645 1242 1649 1249 .
1655 1240 1831 1251 -ο--ι-ιο-νι-
1839 1230 1942 1249 unu—¹

621 1446 697 1534 Da
725 1380 1019 1536 cannabeis
1048 1449 1387 1540 tunonensis
1418 1451 1742 1541 MORALIBUS.

1127 1684 1251 1725 SORIPSl'l'

1044 1866 1085 1931 K.
1118 1866 1327 1932 KUIPnR.

1131 2152 1243 2188 -004-

1179 2386 1204 2450 Ι.

634 2564 759 2630 Veteris
782 2566 972 2631 Academiae
994 2565 1082 2631 laudi
1107 2587 1143 2630 ac
1165 2569 1340 2632 memoriae
1364 2566 1445 2632 dnae
1469 2589 1518 2632 rea
1541 2570 1709 2652 praecipue
1733 2569 1784 2634 ob·

588 2673 759 2736 stiterunt:
790 2670 895 2756 gloria
927 2671 1070 2737 Platonis
1101 2679 1133 2736 et
1163 2693 1263 2756 prava
1287 2672 1442 2757 quaedam
1465 2676 1658 2758 scriptorum
1680 2695 1784 2739 recen-

587 2780 709 2842 tiorum
729 2776 908 2862 diligentia.
932 2779 1082 2843 Primum
1102 2781 1188 2844 euim
1208 2800 1288 2862 quoa
1307 2782 1409 2864 ipsius
1421 2779 1687 2865 philosophorum
1700 2784 1784 2865 prin-

587 2884 667 2966 cipis
698 2903 749 2947 ers
773 2881 881 2948 divine
905 2882 1098 2961 delectabat,
1123 2886 1148 2947 ii
1171 2883 1387 2969 neglegebant
1411 2885 1476 2949 fere
1500 2887 1570 2949 eius
1594 2885 1782 2971 discipulos,

588 2989 642 3053 vix
663 2987 850 3052 descendere
870 2991 1034 3073 cupientes
1053 2988 1092 3052 ad
1114 2987 1211 3052 libros
1231 2989 1348 3073 quibus
1367 2989 1539 3074 Speusippi
1551 2987 1782 3074 Crantoresque

591 3093 689 3179 ,quid
724 3098 834 3178 turpe,
867 3094 945 3178 quid
976 3093 1057 3159 utile
1088 3093 1165 3180 quid
1195 3094 1279 3159 non”
1313 3096 1543 3179 exposuissent.
1586 3093 1648 3159 Sed
1678 3097 1783 3180 magis

590 3220 685 3284 quam
717 3198 794 3263 haec
824 3198 1030 3285 neglegentia
1061 3199 1200 3285 gloriam
1233 3199 1498 3265 Academicorum
1528 3200 1710 3265 obscuravit
1733 3200 1783 3265 ad·

590 3306 718 3368 miratio
748 3308 961 3369 recentiorum
993 3311 1087 3389 atque
1123 3303 1235 3369 sedula
1268 3307 1419 3369 imitatio.
1457 3304 1547 3370 Solet
1580 3308 1665 3369 anim
1701 3308 1781 3384 fere,

590 3409 778 3493 praesertim
809 3411 842 3472 in
873 3412 918 3473 eis
949 3411 1078 3494 scriptis
1109 3430 1190 3494 qnae
1221 3408 1259 3473 de
1285 3412 1352 3474 vita
1377 3430 1412 3473 ao
1435 3410 1579 3474 moribus
1601 3417 1714 3495 agunt,
1738 3431 1783 3475 re

590 3517 810 3579 centissimum
842 3515 981 3600 quidque
1013 3518 1154 3579 maxime
1178 3513 1318 3601 placere,
1344 3536 1406 3599 quo
1430 3515 1466 3579 fit
1489 3521 1527 3579 ut
1549 3517 1783 3580 imitationibus

589 3619 785 3705 repellantur
813 3623 848 3684 iu
879 3619 1051 3686 oblivionis
1082 3619 1227 3684 tenebras
1251 3623 1440 3704 antiquiora,
1466 3623 1615 3706 quamvis
1639 3621 1781 3686 meliora.

590 3725 776 3811 Superesset
799 3727 931 3790 fortasse
955 3724 1118 3791 Crantoris
1147 3745 1284 3801 „aureus
1304 3723 1360 3789 ille
1380 3723 1531 3790 libellus’'
1561 3726 1627 3805 περὶ
1649 3726 1783 3802 πένθους,

589 3835 614 3895 si
647 3851 826 3915 numquam
859 3828 970 3896 Cicero
1002 3827 1259 3895 Consolationem
1292 3830 1482 3912 scripsisset,
1515 3850 1617 3915 neque
1651 3831 1783 3893 forsitan

589 3936 664 4001 haec
687 3938 844 4020 periisset,
869 3938 931 3999 nisi
955 3945 1064 4019 postea
1087 3933 1215 4009 Seneca,
1240 3933 1461 4020 Hieronymus
1485 3932 1541 3997 elii
1566 3955 1623 3998 suo
1648 3936 1783 4019 quisque

591 4040 716 4107 saeculo
738 4041 857 4105 melius
880 4041 1043 4105 subveniri
1066 4041 1159 4104 novis
1184 4036 1461 4104 Consolationibus
1485 4043 1661 4122 putassent.

633 4148 851 4232 Antiquarum
886 4145 1067 4210 litterarum
1099 4144 1215 4208 damna
1246 4164 1284 4208 er
1316 4142 1373 4209 illo
1404 4142 1555 4208 imitandi
1584 4143 1689 4208 studio
1713 4151 1783 4207 orta

590 4253 740 4317 resarcire
770 4273 832 4315 non
864 4250 1040 4315 desinimus
1069 4248 1239 4335 philologi.
1274 4247 1393 4313 Verum
1425 4268 1584 4332 nusquam
1615 4246 1781 4322 difficilior,

590 4376 748 4440 nusquam
779 4358 939 4432 incertior,
964 4354 1164 4419 erroribusve
1187 4355 1294 4438 magis
1317 4353 1472 4417 obnoxius
1495 4352 1559 4415 fuit
1581 4350 1671 4416 labor
1693 4352 1783 4414 resti·

590 4460 701 4525 tuendi
733 4480 829 4544 quam
860 4463 894 4523 in
925 4459 1016 4523 libris
1048 4457 1232 4522 moralibus.
1266 4457 1349 4520 Nam
1373 4459 1406 4519 in
1430 4458 1583 4519 historico
1606 4475 1699 4539 opere
1722 4455 1782 4519 hoc

590 4565 702 4631 saltem
728 4564 918 4651 plerumque
941 4565 1004 4629 fert
1027 4584 1114 4640 mos,
1138 4571 1177 4627 ut
1200 4565 1371 4647 scriptores
1393 4583 1467 4626 cum
1491 4563 1669 4644 antiquiora
1695 4560 1782 4625 adhi-

591 4669 685 4735 beant
704 4672 905 4746 testimonia,
926 4671 1044 4734 veteris
1064 4671 1202 4733 auctoris
1223 4667 1321 4732 verba
1339 4670 1407 4731 sive
1428 4668 1511 4730 κατὰ
1529 4664 1610 4743 λέξιν
1628 4667 1781 4743 referant,

591 4778 657 4839 sive
691 4773 809 4839 leviter
846 4774 1070 4839 tautummodo
1107 4777 1241 4837 mutata.
1286 4770 1348 4836 Sed
1382 4774 1416 4834 iu
1450 4773 1577 4855 scriptis
1608 4770 1782 4835 moralibus

599 4882 713 4942 merito
739 4877 824 4942 velet
846 4882 926 4943 ratio
949 4877 1045 4964 longe
1069 4878 1203 4942 diversa.
1226 4876 1371 4941 Aderant
1390 4875 1519 4959 quidem
1538 4885 1684 4940 auctores
1704 4879 1782 4940 anti-

1605 4994 1636 5043 2³
