<?xml version="1.0" encoding="UTF-8"?>
<!DOCTYPE html PUBLIC "-//W3C//DTD XHTML 1.0 Transitional//EN"
    "http://www.w3.org/TR/xhtml1/DTD/xhtml1-transitional.dtd">
<html xmlns="http://www.w3.org/1999/xhtml" xml:lang="en" lang="en">
 <head>
  <title>
</title>
<meta http-equiv="Content-Type" content="text/html;charset=utf-8" />
  <meta name='ocr-system' content='tesseract 3.04.00' />
  <meta name='ocr-capabilities' content='ocr_page ocr_carea ocr_par ocr_line ocrx_word'/>
</head>
<body>
  <div class='ocr_page' id='page_1' title='image "./mnemosyne04verdgoog_0801.png"; bbox 0 0 5125 6150; ppageno 0'>
   <div class='ocr_carea' id='block_1_1' title="bbox 688 819 1375 910">
    <p class='ocr_par' dir='ltr' id='par_1_1' title="bbox 688 819 1375 910">
     <span class='ocr_line' id='line_1_1' title="bbox 688 819 1375 910; baseline 0.001 -28"><span class='ocrx_word' id='word_1_1' title='bbox 688 819 755 910; x_wconf 78' lang='lat'><strong>316</strong></span> <span class='ocrx_word' id='word_1_2' title='bbox 1184 837 1375 884; x_wconf 75' lang='lat' dir='ltr'><strong>aserenam.</strong></span> 
     </span>
    </p>
   </div>
   <div class='ocr_carea' id='block_1_2' title="bbox 686 999 1886 1296">
    <p class='ocr_par' dir='ltr' id='par_1_2' title="bbox 686 999 1886 1296">
     <span class='ocr_line' id='line_1_2' title="bbox 686 999 1886 1087; baseline 0.002 -21"><span class='ocrx_word' id='word_1_3' title='bbox 686 1001 866 1066; x_wconf 81' lang='grc' dir='ltr'><strong><em>πεταῖισέαι</em></strong></span> <span class='ocrx_word' id='word_1_4' title='bbox 891 1008 1024 1081; x_wconf 77' lang='grc' dir='ltr'><strong><em>κρεῖττον</em></strong></span> <span class='ocrx_word' id='word_1_5' title='bbox 1048 1001 1121 1076; x_wconf 78' lang='grc' dir='ltr'><strong><em>ἡμῖν</em></strong></span> <span class='ocrx_word' id='word_1_6' title='bbox 1141 1005 1194 1065; x_wconf 84' lang='grc' dir='ltr'><strong>τοῦ</strong></span> <span class='ocrx_word' id='word_1_7' title='bbox 1215 999 1287 1076; x_wconf 70' lang='grc' dir='ltr'><strong><em>βίον</em></strong></span> <span class='ocrx_word' id='word_1_8' title='bbox 1305 1003 1421 1064; x_wconf 83' lang='grc' dir='ltr'><strong><em>ταῦτα.</em></strong></span> <span class='ocrx_word' id='word_1_9' title='bbox 1446 999 1500 1064; x_wconf 75' lang='lat' dir='ltr'><strong>Sic</strong></span> <span class='ocrx_word' id='word_1_10' title='bbox 1519 1000 1634 1066; x_wconf 91' lang='lat' dir='ltr'><strong>deletis</strong></span> <span class='ocrx_word' id='word_1_11' title='bbox 1654 1024 1737 1087; x_wconf 89' lang='lat' dir='ltr'><strong>quae</strong></span> <span class='ocrx_word' id='word_1_12' title='bbox 1758 1008 1886 1069; x_wconf 83' lang='lat' dir='ltr'><strong>uncinis</strong></span> 
     </span>
     <span class='ocr_line' id='line_1_3' title="bbox 686 1104 1885 1192; baseline 0.003 -20"><span class='ocrx_word' id='word_1_13' title='bbox 686 1109 789 1192; x_wconf 89' lang='lat' dir='ltr'><strong>saepsi</strong></span> <span class='ocrx_word' id='word_1_14' title='bbox 808 1109 908 1171; x_wconf 91' lang='lat' dir='ltr'><strong>oratio</strong></span> <span class='ocrx_word' id='word_1_15' title='bbox 926 1108 1047 1191; x_wconf 87' lang='lat' dir='ltr'><strong>optime</strong></span> <span class='ocrx_word' id='word_1_16' title='bbox 1066 1105 1234 1191; x_wconf 74' lang='lat' dir='ltr'><strong>procedere</strong></span> <span class='ocrx_word' id='word_1_17' title='bbox 1253 1106 1335 1169; x_wconf 91' lang='lat' dir='ltr'><strong>mibi</strong></span> <span class='ocrx_word' id='word_1_18' title='bbox 1353 1104 1491 1170; x_wconf 89' lang='lat' dir='ltr'><strong>videtur.</strong></span> <span class='ocrx_word' id='word_1_19' title='bbox 1515 1105 1661 1172; x_wconf 83' lang='lat' dir='ltr'><strong>Aliorum</strong></span> <span class='ocrx_word' id='word_1_20' title='bbox 1683 1111 1885 1175; x_wconf 82' lang='lat' dir='ltr'><strong>coniecturas</strong></span> 
     </span>
     <span class='ocr_line' id='line_1_4' title="bbox 687 1211 1125 1296; baseline -0.009 -17"><span class='ocrx_word' id='word_1_21' title='bbox 687 1211 760 1279; x_wconf 81' lang='lat' dir='ltr'><strong>vide</strong></span> <span class='ocrx_word' id='word_1_22' title='bbox 783 1211 867 1296; x_wconf 91' lang='lat' dir='ltr'><strong>apud</strong></span> <span class='ocrx_word' id='word_1_23' title='bbox 891 1211 1125 1295; x_wconf 80' lang='lat' dir='ltr'><strong>Seheperaium.</strong></span> 
     </span>
    </p>
   </div>
   <div class='ocr_carea' id='block_1_3' title="bbox 685 1425 1885 1830">
    <p class='ocr_par' dir='ltr' id='par_1_3' title="bbox 685 1425 1885 1830">
     <span class='ocr_line' id='line_1_5' title="bbox 731 1425 1885 1509; baseline -0.001 -13"><span class='ocrx_word' id='word_1_24' title='bbox 731 1429 774 1496; x_wconf 83' lang='lat' dir='ltr'><strong>lv</strong></span> <span class='ocrx_word' id='word_1_25' title='bbox 799 1429 818 1495; x_wconf 89' lang='grc'><strong>6</strong></span> <span class='ocrx_word' id='word_1_26' title='bbox 842 1429 871 1508; x_wconf 95' lang='grc' dir='ltr'><strong>(Ι</strong></span> <span class='ocrx_word' id='word_1_27' title='bbox 895 1427 961 1509; x_wconf 87' lang='grc'><strong>34),</strong></span> <span class='ocrx_word' id='word_1_28' title='bbox 976 1428 1006 1492; x_wconf 91' lang='grc'><strong>3.</strong></span> <span class='ocrx_word' id='word_1_29' title='bbox 1038 1428 1071 1493; x_wconf 86' lang='grc' dir='ltr'><strong>σέ</strong></span> <span class='ocrx_word' id='word_1_30' title='bbox 1102 1428 1166 1507; x_wconf 73' lang='grc' dir='ltr'><strong>γαρ</strong></span> <span class='ocrx_word' id='word_1_31' title='bbox 1193 1425 1430 1507; x_wconf 70' lang='grc' dir='ltr'><strong>περιβάλλουσα</strong></span> <span class='ocrx_word' id='word_1_32' title='bbox 1455 1430 1623 1505; x_wconf 74' lang='grc' dir='ltr'><strong><em>κοιμᾶσέαι</em></strong></span> <span class='ocrx_word' id='word_1_33' title='bbox 1646 1433 1775 1506; x_wconf 74' lang='grc' dir='ltr'><strong><em>μᾶλλον</em></strong></span> <span class='ocrx_word' id='word_1_34' title='bbox 1798 1431 1885 1508; x_wconf 77' lang='grc' dir='ltr'><strong><em>έβου·</em></strong></span> 
     </span>
     <span class='ocr_line' id='line_1_6' title="bbox 685 1532 1884 1620; baseline -0.001 -19"><span class='ocrx_word' id='word_1_35' title='bbox 685 1534 784 1613; x_wconf 79' lang='grc' dir='ltr'><strong><em>λέμιιν</em></strong></span> <span class='ocrx_word' id='word_1_36' title='bbox 819 1535 836 1609; x_wconf 79' lang='grc' dir='ltr'><em>ἢ</em></span> <span class='ocrx_word' id='word_1_37' title='bbox 871 1534 907 1599; x_wconf 75' lang='lat' dir='ltr'><strong>rt</strong></span> <span class='ocrx_word' id='word_1_38' title='bbox 942 1535 1028 1612; x_wconf 72' lang='grc' dir='ltr'><strong><em>παρὰ</em></strong></span> <span class='ocrx_word' id='word_1_39' title='bbox 1063 1532 1187 1597; x_wconf 72' lang='grc' dir='ltr'><strong><em>πάντων</em></strong></span> <span class='ocrx_word' id='word_1_40' title='bbox 1223 1539 1378 1611; x_wconf 74' lang='grc' dir='ltr'><strong>σοφιστῶν</strong></span> <span class='ocrx_word' id='word_1_41' title='bbox 1412 1533 1537 1612; x_wconf 81' lang='grc' dir='ltr'><strong><em>χρυσέαν</em></strong></span> <span class='ocrx_word' id='word_1_42' title='bbox 1567 1532 1713 1614; x_wconf 78' lang='grc' dir='ltr'><strong>(ἔχειν).</strong></span> <span class='ocrx_word' id='word_1_43' title='bbox 1752 1535 1884 1620; x_wconf 79' lang='lat' dir='ltr'><strong>Optime</strong></span> 
     </span>
     <span class='ocr_line' id='line_1_7' title="bbox 686 1635 1883 1726; baseline 0.001 -21"><span class='ocrx_word' id='word_1_44' title='bbox 686 1641 817 1726; x_wconf 88' lang='lat' dir='ltr'><strong>quidem</strong></span> <span class='ocrx_word' id='word_1_45' title='bbox 849 1640 967 1704; x_wconf 86' lang='lat' dir='ltr'><strong>dieitur</strong></span> <span class='ocrx_word' id='word_1_46' title='bbox 996 1638 1084 1719; x_wconf 80' lang='grc' dir='ltr'><strong><em>παραὶ</em></strong></span> <span class='ocrx_word' id='word_1_47' title='bbox 1114 1638 1239 1703; x_wconf 76' lang='grc' dir='ltr'><strong><em>πάντων</em></strong></span> <span class='ocrx_word' id='word_1_48' title='bbox 1270 1635 1439 1718; x_wconf 72' lang='grc' dir='ltr'><strong><em>ανθρώπων,</em></strong></span> <span class='ocrx_word' id='word_1_49' title='bbox 1470 1639 1525 1704; x_wconf 91' lang='lat' dir='ltr'><strong>sed</strong></span> <span class='ocrx_word' id='word_1_50' title='bbox 1555 1639 1668 1705; x_wconf 90' lang='lat' dir='ltr'><strong>dubito</strong></span> <span class='ocrx_word' id='word_1_51' title='bbox 1700 1645 1812 1705; x_wconf 87' lang='lat' dir='ltr'><strong>tamen</strong></span> <span class='ocrx_word' id='word_1_52' title='bbox 1844 1663 1883 1706; x_wconf 92' lang='lat' dir='ltr'><strong>an</strong></span> 
     </span>
     <span class='ocr_line' id='line_1_8' title="bbox 685 1744 1446 1830; baseline -0.004 -19"><span class='ocrx_word' id='word_1_53' title='bbox 685 1748 865 1830; x_wconf 89' lang='lat' dir='ltr'><strong>requiratur</strong></span> <span class='ocrx_word' id='word_1_54' title='bbox 888 1745 974 1824; x_wconf 80' lang='grc' dir='ltr'><strong><em>παρα</em></strong></span> <span class='ocrx_word' id='word_1_55' title='bbox 998 1744 1123 1809; x_wconf 78' lang='grc' dir='ltr'><strong><em>παντυν</em></strong></span> <span class='ocrx_word' id='word_1_56' title='bbox 1148 1749 1256 1822; x_wconf 81' lang='grc' dir='ltr'><strong><em>&lt;τῶν&gt;</em></strong></span> <span class='ocrx_word' id='word_1_57' title='bbox 1281 1747 1446 1822; x_wconf 80' lang='grc' dir='ltr'><strong><em>σοφιστῶν.</em></strong></span> 
     </span>
    </p>
   </div>
   <div class='ocr_carea' id='block_1_4' title="bbox 684 1946 1884 2982">
    <p class='ocr_par' dir='ltr' id='par_1_4' title="bbox 684 1946 1884 2982">
     <span class='ocr_line' id='line_1_9' title="bbox 729 1946 1880 2031; baseline 0.001 -18"><span class='ocrx_word' id='word_1_58' title='bbox 729 1947 772 2013; x_wconf 85' lang='lat' dir='ltr'><strong>lv</strong></span> <span class='ocrx_word' id='word_1_59' title='bbox 798 1948 841 2013; x_wconf 90' lang='lat'><strong>10</strong></span> <span class='ocrx_word' id='word_1_60' title='bbox 864 1946 892 2026; x_wconf 91' lang='lat' dir='ltr'><strong>(I</strong></span> <span class='ocrx_word' id='word_1_61' title='bbox 917 1946 984 2028; x_wconf 83' lang='lat'><strong>38),</strong></span> <span class='ocrx_word' id='word_1_62' title='bbox 998 1947 1029 2012; x_wconf 86' lang='lat'><strong>3.</strong></span> <span class='ocrx_word' id='word_1_63' title='bbox 1054 1947 1089 2011; x_wconf 77' lang='lat' dir='ltr'><strong>rt</strong></span> <span class='ocrx_word' id='word_1_64' title='bbox 1112 1946 1190 2027; x_wconf 72' lang='grc' dir='ltr'><strong>γὰρ</strong></span> <span class='ocrx_word' id='word_1_65' title='bbox 1214 1946 1411 2026; x_wconf 86' lang='grc' dir='ltr'><strong><em>έρυλούμενον</em></strong></span> <span class='ocrx_word' id='word_1_66' title='bbox 1432 1947 1490 2012; x_wconf 75' lang='grc' dir='ltr'><strong>ὑπὸ</strong></span> <span class='ocrx_word' id='word_1_67' title='bbox 1512 1947 1647 2026; x_wconf 72' lang='grc' dir='ltr'><strong><em>πάντων,</em></strong></span> <span class='ocrx_word' id='word_1_68' title='bbox 1669 1950 1708 2020; x_wconf 78' lang='grc' dir='ltr'><strong>ὥς</strong></span> <span class='ocrx_word' id='word_1_69' title='bbox 1730 1952 1880 2031; x_wconf 73' lang='grc' dir='ltr'><strong><em>πονηραί,</em></strong></span> 
     </span>
     <span class='ocr_line' id='line_1_10' title="bbox 684 2051 1881 2133; baseline 0 -14"><span class='ocrx_word' id='word_1_70' title='bbox 684 2056 722 2127; x_wconf 79' lang='grc' dir='ltr'><strong>ὦς</strong></span> <span class='ocrx_word' id='word_1_71' title='bbox 754 2051 898 2132; x_wconf 75' lang='grc' dir='ltr'><strong><em>ἄπιστοι,</em></strong></span> <span class='ocrx_word' id='word_1_72' title='bbox 929 2056 967 2126; x_wconf 75' lang='grc' dir='ltr'><strong>ὥς</strong></span> <span class='ocrx_word' id='word_1_73' title='bbox 1001 2052 1073 2132; x_wconf 76' lang='grc' dir='ltr'><strong><em>πρὸς</em></strong></span> <span class='ocrx_word' id='word_1_74' title='bbox 1104 2051 1140 2117; x_wconf 77' lang='lat' dir='ltr'><strong>rt</strong></span> <span class='ocrx_word' id='word_1_75' title='bbox 1171 2053 1332 2126; x_wconf 70' lang='grc' dir='ltr'><strong><em>λυσιτελές</em></strong></span> <span class='ocrx_word' id='word_1_76' title='bbox 1363 2052 1539 2130; x_wconf 83' lang='grc' dir='ltr'><strong><em>βλέπουσαι</em></strong></span> <span class='ocrx_word' id='word_1_77' title='bbox 1563 2053 1663 2133; x_wconf 85' lang='grc' dir='ltr'><strong><em>μένον,</em></strong></span> <span class='ocrx_word' id='word_1_78' title='bbox 1688 2057 1727 2128; x_wconf 74' lang='grc' dir='ltr'><strong>ὡς</strong></span> <span class='ocrx_word' id='word_1_79' title='bbox 1753 2056 1803 2120; x_wconf 70' lang='grc' dir='ltr'><strong>ἀεὶ</strong></span> <span class='ocrx_word' id='word_1_80' title='bbox 1826 2060 1881 2121; x_wconf 81' lang='grc' dir='ltr'><strong>τοῦ</strong></span> 
     </span>
     <span class='ocr_line' id='line_1_11' title="bbox 686 2158 1882 2241; baseline 0 -17"><span class='ocrx_word' id='word_1_81' title='bbox 686 2158 832 2238; x_wconf 74' lang='grc' dir='ltr'><strong><em>διδόντος,</em></strong></span> <span class='ocrx_word' id='word_1_82' title='bbox 857 2160 895 2232; x_wconf 76' lang='grc' dir='ltr'><strong>ὣς</strong></span> <span class='ocrx_word' id='word_1_83' title='bbox 920 2158 998 2231; x_wconf 81' lang='grc' dir='ltr'><strong><em>τένοο</em></strong></span> <span class='ocrx_word' id='word_1_84' title='bbox 1024 2161 1116 2241; x_wconf 72' lang='grc' dir='ltr'><strong><em>[γὰρ]</em></strong></span> <span class='ocrx_word' id='word_1_85' title='bbox 1139 2160 1191 2223; x_wconf 77' lang='grc' dir='ltr'><strong>οὐκ</strong></span> <span class='ocrx_word' id='word_1_86' title='bbox 1217 2158 1315 2222; x_wconf 62' lang='lat' dir='ltr'><strong>aretas</strong></span> <span class='ocrx_word' id='word_1_87' title='bbox 1340 2163 1435 2223; x_wconf 83' lang='grc' dir='ltr'><strong><em>καινοῦ</em></strong></span> <span class='ocrx_word' id='word_1_88' title='bbox 1458 2167 1520 2232; x_wconf 75' lang='grc' dir='ltr'><strong>τοῖς</strong></span> <span class='ocrx_word' id='word_1_89' title='bbox 1546 2160 1792 2240; x_wconf 73' lang='grc' dir='ltr'><strong><em>ἐντυγχάνουσι,</em></strong></span> <span class='ocrx_word' id='word_1_90' title='bbox 1817 2161 1882 2225; x_wconf 87' lang='grc' dir='ltr'><strong><em>δια-</em></strong></span> 
     </span>
     <span class='ocr_line' id='line_1_12' title="bbox 686 2260 1883 2349; baseline 0.001 -19"><span class='ocrx_word' id='word_1_91' title='bbox 686 2266 784 2343; x_wconf 71' lang='grc' dir='ltr'><strong><em>βολέιν</em></strong></span> <span class='ocrx_word' id='word_1_92' title='bbox 808 2263 959 2342; x_wconf 80' lang='grc' dir='ltr'><strong><em>ἐπέδειξεν</em></strong></span> <span class='ocrx_word' id='word_1_93' title='bbox 982 2265 1034 2345; x_wconf 80' lang='grc' dir='ltr'><strong>ἐφ’</strong></span> <span class='ocrx_word' id='word_1_94' title='bbox 1058 2265 1170 2339; x_wconf 76' lang='grc' dir='ltr'><strong><em>έαυτιῑο</em></strong></span> <span class='ocrx_word' id='word_1_95' title='bbox 1195 2260 1308 2328; x_wconf 76' lang='grc' dir='ltr'><strong><em>ἄδικον.</em></strong></span> <span class='ocrx_word' id='word_1_96' title='bbox 1334 2262 1483 2328; x_wconf 84' lang='lat' dir='ltr'><strong>Alterum</strong></span> <span class='ocrx_word' id='word_1_97' title='bbox 1502 2263 1575 2345; x_wconf 70' lang='grc' dir='ltr'><strong>γάρ,</strong></span> <span class='ocrx_word' id='word_1_98' title='bbox 1595 2264 1681 2349; x_wconf 93' lang='lat' dir='ltr'><strong>quod</strong></span> <span class='ocrx_word' id='word_1_99' title='bbox 1700 2288 1765 2330; x_wconf 91' lang='lat' dir='ltr'><strong>non</strong></span> <span class='ocrx_word' id='word_1_100' title='bbox 1783 2267 1883 2332; x_wconf 90' lang='lat' dir='ltr'><strong>huius</strong></span> 
     </span>
     <span class='ocr_line' id='line_1_13' title="bbox 686 2368 1884 2455; baseline -0.001 -17"><span class='ocrx_word' id='word_1_101' title='bbox 686 2371 749 2438; x_wconf 85' lang='lat' dir='ltr'><strong>loei</strong></span> <span class='ocrx_word' id='word_1_102' title='bbox 788 2370 927 2447; x_wconf 86' lang='lat' dir='ltr'><strong>videtur,</strong></span> <span class='ocrx_word' id='word_1_103' title='bbox 967 2390 1151 2455; x_wconf 85' lang='lat' dir='ltr'><strong>expungere</strong></span> <span class='ocrx_word' id='word_1_104' title='bbox 1189 2390 1252 2435; x_wconf 90' lang='lat' dir='ltr'><strong>non</strong></span> <span class='ocrx_word' id='word_1_105' title='bbox 1291 2368 1518 2435; x_wconf 76' lang='lat' dir='ltr'><strong>dubitaverim.</strong></span> <span class='ocrx_word' id='word_1_106' title='bbox 1553 2407 1594 2418; x_wconf 92' lang='lat'><em>-</em></span> <span class='ocrx_word' id='word_1_107' title='bbox 1631 2369 1763 2455; x_wconf 81' lang='lat' dir='ltr'><strong>Optime</strong></span> <span class='ocrx_word' id='word_1_108' title='bbox 1800 2373 1884 2437; x_wconf 80' lang='lat' dir='ltr'><strong>infra</strong></span> 
     </span>
     <span class='ocr_line' id='line_1_14' title="bbox 686 2471 1883 2563; baseline 0.001 -22"><span class='ocrx_word' id='word_1_109' title='bbox 686 2475 736 2563; x_wconf 76' lang='lat'><strong>§5</strong></span> <span class='ocrx_word' id='word_1_110' title='bbox 761 2477 859 2542; x_wconf 83' lang='lat' dir='ltr'><strong>verba</strong></span> <span class='ocrx_word' id='word_1_111' title='bbox 881 2478 920 2545; x_wconf 76' lang='grc' dir='ltr'><strong>ὧι</strong></span> <span class='ocrx_word' id='word_1_112' title='bbox 943 2474 1077 2557; x_wconf 75' lang='grc' dir='ltr'><strong><em>χρηστὸν</em></strong></span> <span class='ocrx_word' id='word_1_113' title='bbox 1103 2471 1167 2548; x_wconf 71' lang='lat' dir='ltr'><strong>sitve</strong></span> <span class='ocrx_word' id='word_1_114' title='bbox 1191 2475 1245 2539; x_wconf 84' lang='grc' dir='ltr'><strong>οὐκ</strong></span> <span class='ocrx_word' id='word_1_115' title='bbox 1268 2475 1311 2546; x_wconf 75' lang='grc' dir='ltr'><strong>εἰς</strong></span> <span class='ocrx_word' id='word_1_116' title='bbox 1334 2473 1511 2551; x_wconf 79' lang='grc' dir='ltr'><strong><em>εὐδαίμονος</em></strong></span> <span class='ocrx_word' id='word_1_117' title='bbox 1535 2476 1606 2553; x_wconf 77' lang='grc' dir='ltr'><strong><em>βίον</em></strong></span> <span class='ocrx_word' id='word_1_118' title='bbox 1625 2478 1799 2557; x_wconf 86' lang='grc' dir='ltr'><strong><em>προαέρεσιν</em></strong></span> <span class='ocrx_word' id='word_1_119' title='bbox 1819 2479 1883 2542; x_wconf 86' lang='grc' dir='ltr'><strong><em>δαέ-</em></strong></span> 
     </span>
     <span class='ocr_line' id='line_1_15' title="bbox 685 2579 1884 2661; baseline 0.001 -14"><span class='ocrx_word' id='word_1_120' title='bbox 685 2606 751 2661; x_wconf 89' lang='grc' dir='ltr'><strong><em>μιιν</em></strong></span> <span class='ocrx_word' id='word_1_121' title='bbox 782 2606 829 2653; x_wconf 78' lang='grc' dir='ltr'><strong>τις</strong></span> <span class='ocrx_word' id='word_1_122' title='bbox 861 2581 1031 2659; x_wconf 71' lang='grc' dir='ltr'><strong><em>ὑπήνεγκεν</em></strong></span> <span class='ocrx_word' id='word_1_123' title='bbox 1061 2579 1162 2645; x_wconf 83' lang='lat' dir='ltr'><strong>editor</strong></span> <span class='ocrx_word' id='word_1_124' title='bbox 1194 2581 1275 2645; x_wconf 90' lang='lat' dir='ltr'><strong>mihi</strong></span> <span class='ocrx_word' id='word_1_125' title='bbox 1306 2581 1446 2646; x_wconf 87' lang='lat' dir='ltr'><strong>tribuere</strong></span> <span class='ocrx_word' id='word_1_126' title='bbox 1470 2581 1599 2646; x_wconf 85' lang='lat' dir='ltr'><strong>videtur</strong></span> <span class='ocrx_word' id='word_1_127' title='bbox 1623 2581 1736 2647; x_wconf 85' lang='lat' dir='ltr'><strong>lectori</strong></span> <span class='ocrx_word' id='word_1_128' title='bbox 1761 2583 1884 2649; x_wconf 87' lang='lat' dir='ltr'><strong>dolenti</strong></span> 
     </span>
     <span class='ocr_line' id='line_1_16' title="bbox 686 2685 1882 2773; baseline 0.002 -21"><span class='ocrx_word' id='word_1_129' title='bbox 686 2687 784 2753; x_wconf 90' lang='lat' dir='ltr'><strong>talem</strong></span> <span class='ocrx_word' id='word_1_130' title='bbox 812 2685 952 2773; x_wconf 88' lang='lat' dir='ltr'><strong>puellam</strong></span> <span class='ocrx_word' id='word_1_131' title='bbox 976 2690 1146 2771; x_wconf 85' lang='lat' dir='ltr'><strong>quaestum</strong></span> <span class='ocrx_word' id='word_1_132' title='bbox 1170 2706 1301 2771; x_wconf 87' lang='lat' dir='ltr'><strong>corpore</strong></span> <span class='ocrx_word' id='word_1_133' title='bbox 1325 2686 1443 2751; x_wconf 83' lang='lat' dir='ltr'><strong>fecisse.</strong></span> <span class='ocrx_word' id='word_1_134' title='bbox 1470 2724 1511 2734; x_wconf 98' lang='lat'>—</span> <span class='ocrx_word' id='word_1_135' title='bbox 1535 2686 1573 2751; x_wconf 92' lang='lat' dir='ltr'><strong>In</strong></span> <span class='ocrx_word' id='word_1_136' title='bbox 1596 2690 1614 2772; x_wconf 55' lang='grc' dir='ltr'>ᾖ</span> <span class='ocrx_word' id='word_1_137' title='bbox 1635 2687 1656 2753; x_wconf 86' lang='grc'>8</span> <span class='ocrx_word' id='word_1_138' title='bbox 1680 2696 1784 2752; x_wconf 77' lang='grc' dir='ltr'><strong><em>κεῖται</em></strong></span> <span class='ocrx_word' id='word_1_139' title='bbox 1809 2689 1840 2754; x_wconf 84' lang='grc' dir='ltr'><strong>δέ</strong></span> <span class='ocrx_word' id='word_1_140' title='bbox 1866 2692 1882 2765; x_wconf 77' lang='lat' dir='ltr'><strong>i</strong></span> 
     </span>
     <span class='ocr_line' id='line_1_17' title="bbox 688 2791 1883 2878; baseline 0.002 -20"><span class='ocrx_word' id='word_1_141' title='bbox 688 2792 807 2865; x_wconf 77' lang='grc' dir='ltr'><strong><em>πιέσαις</em></strong></span> <span class='ocrx_word' id='word_1_142' title='bbox 839 2791 976 2870; x_wconf 74' lang='grc' dir='ltr'><strong><em>μέλουσιν</em></strong></span> <span class='ocrx_word' id='word_1_143' title='bbox 1008 2791 1153 2872; x_wconf 72' lang='grc' dir='ltr'><strong><em>χάρισι</em></strong></span> <span class='ocrx_word' id='word_1_144' title='bbox 1185 2795 1273 2868; x_wconf 70' lang='grc' dir='ltr'><strong><em>κυφίι</em></strong></span> <span class='ocrx_word' id='word_1_145' title='bbox 1305 2792 1386 2862; x_wconf 82' lang='grc' dir='ltr'><strong><em>λίθος</em></strong></span> <span class='ocrx_word' id='word_1_146' title='bbox 1418 2792 1469 2856; x_wconf 82' lang='grc' dir='ltr'><strong>καὶ</strong></span> <span class='ocrx_word' id='word_1_147' title='bbox 1500 2793 1613 2858; x_wconf 84' lang='grc' dir='ltr'><strong><em>σποδιιέ</em></strong></span> <span class='ocrx_word' id='word_1_148' title='bbox 1645 2794 1757 2878; x_wconf 81' lang='lat' dir='ltr'><strong>procul</strong></span> <span class='ocrx_word' id='word_1_149' title='bbox 1785 2794 1883 2860; x_wconf 89' lang='lat' dir='ltr'><strong>dubio</strong></span> 
     </span>
     <span class='ocr_line' id='line_1_18' title="bbox 687 2895 1828 2982; baseline 0 -17"><span class='ocrx_word' id='word_1_150' title='bbox 687 2896 818 2965; x_wconf 78' lang='lat' dir='ltr'><strong>Gratiae</strong></span> <span class='ocrx_word' id='word_1_151' title='bbox 840 2896 1075 2982; x_wconf 84' lang='lat' dir='ltr'><strong>intellegendae</strong></span> <span class='ocrx_word' id='word_1_152' title='bbox 1099 2902 1191 2973; x_wconf 89' lang='lat' dir='ltr'><strong>sunt,</strong></span> <span class='ocrx_word' id='word_1_153' title='bbox 1215 2900 1325 2981; x_wconf 90' lang='lat' dir='ltr'><strong>itaque</strong></span> <span class='ocrx_word' id='word_1_154' title='bbox 1349 2895 1456 2978; x_wconf 78' lang='grc' dir='ltr'><strong><em>Χοίρισι</em></strong></span> <span class='ocrx_word' id='word_1_155' title='bbox 1480 2898 1683 2964; x_wconf 86' lang='lat' dir='ltr'><strong>scribendum</strong></span> <span class='ocrx_word' id='word_1_156' title='bbox 1710 2900 1828 2966; x_wconf 83' lang='lat' dir='ltr'><strong>iuerat.</strong></span> 
     </span>
    </p>
   </div>
   <div class='ocr_carea' id='block_1_5' title="bbox 686 3112 1883 3826">
    <p class='ocr_par' dir='ltr' id='par_1_5' title="bbox 686 3112 1883 3826">
     <span class='ocr_line' id='line_1_19' title="bbox 734 3112 1882 3200; baseline 0.002 -17"><span class='ocrx_word' id='word_1_157' title='bbox 734 3117 775 3183; x_wconf 88' lang='lat' dir='ltr'><strong>IV</strong></span> <span class='ocrx_word' id='word_1_158' title='bbox 804 3118 842 3181; x_wconf 92' lang='grc'><strong>11</strong></span> <span class='ocrx_word' id='word_1_159' title='bbox 868 3117 896 3197; x_wconf 92' lang='lat' dir='ltr'><strong>(I</strong></span> <span class='ocrx_word' id='word_1_160' title='bbox 921 3115 987 3197; x_wconf 88' lang='grc'><strong>39),</strong></span> <span class='ocrx_word' id='word_1_161' title='bbox 1001 3117 1032 3181; x_wconf 87' lang='grc'><strong>3.</strong></span> <span class='ocrx_word' id='word_1_162' title='bbox 1064 3112 1121 3182; x_wconf 74' lang='grc' dir='ltr'><strong><em>οἷον</em></strong></span> <span class='ocrx_word' id='word_1_163' title='bbox 1154 3119 1237 3192; x_wconf 74' lang='grc' dir='ltr'><strong><em>ἡμῶν</em></strong></span> <span class='ocrx_word' id='word_1_164' title='bbox 1270 3115 1393 3194; x_wconf 76' lang='grc' dir='ltr'><strong><em>ἐγένετο</em></strong></span> <span class='ocrx_word' id='word_1_165' title='bbox 1423 3118 1457 3181; x_wconf 79' lang='grc' dir='ltr'><strong>τὸ</strong></span> <span class='ocrx_word' id='word_1_166' title='bbox 1490 3118 1660 3194; x_wconf 84' lang='grc' dir='ltr'><strong><em>ουμπέσιον</em></strong></span> <span class='ocrx_word' id='word_1_167' title='bbox 1684 3154 1727 3167; x_wconf 92' lang='grc'>-</span> <span class='ocrx_word' id='word_1_168' title='bbox 1761 3120 1796 3184; x_wconf 85' lang='grc' dir='ltr'><strong>τέ</strong></span> <span class='ocrx_word' id='word_1_169' title='bbox 1818 3120 1882 3200; x_wconf 73' lang='grc' dir='ltr'><strong>γὰρ</strong></span> 
     </span>
     <span class='ocr_line' id='line_1_20' title="bbox 687 3220 1883 3304; baseline 0 -14"><span class='ocrx_word' id='word_1_170' title='bbox 687 3225 747 3304; x_wconf 80' lang='grc' dir='ltr'><strong>οὐχ</strong></span> <span class='ocrx_word' id='word_1_171' title='bbox 768 3220 894 3302; x_wconf 74' lang='grc' dir='ltr'><strong><em>ἆψομαέ</em></strong></span> <span class='ocrx_word' id='word_1_172' title='bbox 914 3246 968 3287; x_wconf 93' lang='grc' dir='ltr'><strong>σον</strong></span> <span class='ocrx_word' id='word_1_173' title='bbox 987 3230 1042 3298; x_wconf 74' lang='grc' dir='ltr'><strong>τῆς</strong></span> <span class='ocrx_word' id='word_1_174' title='bbox 1063 3222 1205 3301; x_wconf 55' lang='grc' dir='ltr'><strong><em>καρδίας</em></strong></span> <span class='ocrx_word' id='word_1_175' title='bbox 1219 3259 1262 3271; x_wconf 92' lang='grc'>-</span> <span class='ocrx_word' id='word_1_176' title='bbox 1279 3220 1353 3287; x_wconf 76' lang='grc' dir='ltr'><strong><em>ὅσον</em></strong></span> <span class='ocrx_word' id='word_1_177' title='bbox 1373 3224 1509 3304; x_wconf 85' lang='grc' dir='ltr'><strong><em>χαρέτυν</em></strong></span> <span class='ocrx_word' id='word_1_178' title='bbox 1529 3232 1643 3303; x_wconf 78' lang='grc' dir='ltr'><strong><em>πλῆρες</em></strong></span> <span class='ocrx_word' id='word_1_179' title='bbox 1664 3225 1729 3290; x_wconf 86' lang='grc' dir='ltr'><strong><em>κτέ.</em></strong></span> <span class='ocrx_word' id='word_1_180' title='bbox 1753 3224 1883 3292; x_wconf 86' lang='lat' dir='ltr'><strong>Clarius</strong></span> 
     </span>
     <span class='ocr_line' id='line_1_21' title="bbox 687 3321 1882 3415; baseline 0 -21"><span class='ocrx_word' id='word_1_181' title='bbox 687 3332 865 3415; x_wconf 83' lang='lat' dir='ltr'><strong>scripsisset</strong></span> <span class='ocrx_word' id='word_1_182' title='bbox 895 3328 928 3393; x_wconf 84' lang='grc' dir='ltr'><strong>τέ</strong></span> <span class='ocrx_word' id='word_1_183' title='bbox 958 3330 1021 3408; x_wconf 72' lang='grc' dir='ltr'><strong>γὰρ</strong></span> <span class='ocrx_word' id='word_1_184' title='bbox 1045 3329 1078 3393; x_wconf 81' lang='grc' dir='ltr'><strong>οὐ</strong></span> <span class='ocrx_word' id='word_1_185' title='bbox 1101 3321 1168 3407; x_wconf 81' lang='lat' dir='ltr'><strong>(vel</strong></span> <span class='ocrx_word' id='word_1_186' title='bbox 1191 3328 1276 3407; x_wconf 74' lang='grc' dir='ltr'><strong><em>οὐχὶ)</em></strong></span> <span class='ocrx_word' id='word_1_187' title='bbox 1301 3328 1570 3406; x_wconf 71' lang='grc' dir='ltr'><strong><em>διηγούμενοι</em></strong></span> <span class='ocrx_word' id='word_1_188' title='bbox 1595 3325 1723 3407; x_wconf 75' lang='grc' dir='ltr'><strong><em>ἅψομαέ</em></strong></span> <span class='ocrx_word' id='word_1_189' title='bbox 1748 3354 1802 3396; x_wconf 88' lang='grc' dir='ltr'><strong>σου</strong></span> <span class='ocrx_word' id='word_1_190' title='bbox 1828 3340 1882 3406; x_wconf 76' lang='grc' dir='ltr'><strong>τῆς</strong></span> 
     </span>
     <span class='ocr_line' id='line_1_22' title="bbox 687 3433 1883 3520; baseline 0.001 -21"><span class='ocrx_word' id='word_1_191' title='bbox 687 3433 832 3512; x_wconf 75' lang='grc' dir='ltr'><strong><em>καρδίαι;</em></strong></span> <span class='ocrx_word' id='word_1_192' title='bbox 866 3434 1068 3518; x_wconf 78' lang='lat' dir='ltr'><strong>Quamquam</strong></span> <span class='ocrx_word' id='word_1_193' title='bbox 1092 3454 1153 3497; x_wconf 90' lang='lat' dir='ltr'><strong>nou</strong></span> <span class='ocrx_word' id='word_1_194' title='bbox 1177 3433 1331 3499; x_wconf 88' lang='lat' dir='ltr'><strong>contendo</strong></span> <span class='ocrx_word' id='word_1_195' title='bbox 1356 3436 1517 3499; x_wconf 86' lang='lat' dir='ltr'><strong>rhetorem</strong></span> <span class='ocrx_word' id='word_1_196' title='bbox 1542 3437 1587 3499; x_wconf 89' lang='lat' dir='ltr'><strong>ita</strong></span> <span class='ocrx_word' id='word_1_197' title='bbox 1611 3437 1786 3520; x_wconf 83' lang='lat' dir='ltr'><strong>scripsisse.</strong></span> <span class='ocrx_word' id='word_1_198' title='bbox 1821 3436 1883 3502; x_wconf 81' lang='lat' dir='ltr'><strong>Sed</strong></span> 
     </span>
     <span class='ocr_line' id='line_1_23' title="bbox 687 3537 1880 3624; baseline 0.003 -20"><span class='ocrx_word' id='word_1_199' title='bbox 687 3538 736 3624; x_wconf 75' lang='lat'><strong>§7</strong></span> <span class='ocrx_word' id='word_1_200' title='bbox 770 3542 895 3623; x_wconf 88' lang='lat' dir='ltr'><strong>requiro</strong></span> <span class='ocrx_word' id='word_1_201' title='bbox 925 3542 965 3611; x_wconf 78' lang='grc' dir='ltr'><strong>ὡς</strong></span> <span class='ocrx_word' id='word_1_202' title='bbox 989 3540 1039 3604; x_wconf 77' lang='grc' dir='ltr'><strong>ἐπὶ</strong></span> <span class='ocrx_word' id='word_1_203' title='bbox 1064 3539 1119 3611; x_wconf 65' lang='grc' dir='ltr'><strong>τὴν</strong></span> <span class='ocrx_word' id='word_1_204' title='bbox 1143 3537 1237 3616; x_wconf 76' lang='grc' dir='ltr'><strong><em>ιἰγνον</em></strong></span> <span class='ocrx_word' id='word_1_205' title='bbox 1262 3550 1401 3621; x_wconf 72' lang='grc' dir='ltr'><strong><em>κατῇμεν</em></strong></span> <span class='ocrx_word' id='word_1_206' title='bbox 1424 3544 1527 3617; x_wconf 72' lang='grc' dir='ltr'><strong><em>(τὴν)</em></strong></span> <span class='ocrx_word' id='word_1_207' title='bbox 1552 3543 1682 3614; x_wconf 76' lang='grc' dir='ltr'><strong><em>πλυτέον</em></strong></span> <span class='ocrx_word' id='word_1_208' title='bbox 1704 3544 1760 3615; x_wconf 69' lang='grc' dir='ltr'><strong>τὴς</strong></span> <span class='ocrx_word' id='word_1_209' title='bbox 1788 3545 1880 3608; x_wconf 85' lang='grc' dir='ltr'><strong><em>Μενέ-</em></strong></span> 
     </span>
     <span class='ocr_line' id='line_1_24' title="bbox 689 3641 1881 3727; baseline 0.003 -20"><span class='ocrx_word' id='word_1_210' title='bbox 689 3650 793 3724; x_wconf 78' lang='grc' dir='ltr'><strong><em>φρονοο</em></strong></span> <span class='ocrx_word' id='word_1_211' title='bbox 826 3643 932 3715; x_wconf 77' lang='grc' dir='ltr'><strong><em>οἱιιέας.</em></strong></span> <span class='ocrx_word' id='word_1_212' title='bbox 968 3641 1015 3710; x_wconf 80' lang='lat' dir='ltr'><strong>Of.</strong></span> <span class='ocrx_word' id='word_1_213' title='bbox 1047 3643 1095 3708; x_wconf 92' lang='grc'><strong>111</strong></span> <span class='ocrx_word' id='word_1_214' title='bbox 1123 3644 1142 3707; x_wconf 78' lang='lat'>5</span> <span class='ocrx_word' id='word_1_215' title='bbox 1167 3644 1258 3724; x_wconf 84' lang='grc'><strong>(3),1</strong></span> <span class='ocrx_word' id='word_1_216' title='bbox 1293 3644 1342 3709; x_wconf 75' lang='grc' dir='ltr'><strong>ἐπὶ</strong></span> <span class='ocrx_word' id='word_1_217' title='bbox 1377 3645 1428 3709; x_wconf 77' lang='grc' dir='ltr'><strong>τὸν</strong></span> <span class='ocrx_word' id='word_1_218' title='bbox 1459 3651 1590 3727; x_wconf 77' lang='grc' dir='ltr'><strong><em>χρυσοῦν</em></strong></span> <span class='ocrx_word' id='word_1_219' title='bbox 1623 3648 1780 3712; x_wconf 84' lang='grc' dir='ltr'><strong><em>στενυπδν</em></strong></span> <span class='ocrx_word' id='word_1_220' title='bbox 1805 3649 1881 3725; x_wconf 76' lang='grc' dir='ltr'><strong>(τὸν</strong></span> 
     </span>
     <span class='ocr_line' id='line_1_25' title="bbox 686 3747 1708 3826; baseline -0.003 -9"><span class='ocrx_word' id='word_1_221' title='bbox 686 3750 824 3825; x_wconf 70' lang='lat' dir='ltr'><strong>beista&gt;</strong></span> <span class='ocrx_word' id='word_1_222' title='bbox 850 3749 899 3814; x_wconf 75' lang='lat' dir='ltr'><strong>tart</strong></span> <span class='ocrx_word' id='word_1_223' title='bbox 925 3751 978 3822; x_wconf 69' lang='lat' dir='ltr'><strong>rio</strong></span> <span class='ocrx_word' id='word_1_224' title='bbox 1004 3747 1108 3826; x_wconf 74' lang='grc' dir='ltr'><strong><em>ἄγνον.</em></strong></span> <span class='ocrx_word' id='word_1_225' title='bbox 1705 3747 1708 3755; x_wconf 74' lang='grc'><strong>’</strong></span> 
     </span>
    </p>
   </div>
   <div class='ocr_carea' id='block_1_6' title="bbox 685 3949 1881 4881">
    <p class='ocr_par' dir='ltr' id='par_1_6' title="bbox 685 3949 1881 4881">
     <span class='ocr_line' id='line_1_26' title="bbox 731 3949 1880 4033; baseline 0.003 -15"><span class='ocrx_word' id='word_1_226' title='bbox 731 3952 774 4018; x_wconf 84' lang='lat' dir='ltr'><strong>lv</strong></span> <span class='ocrx_word' id='word_1_227' title='bbox 798 3951 838 4015; x_wconf 89' lang='grc'><strong>13</strong></span> <span class='ocrx_word' id='word_1_228' title='bbox 858 3951 902 4030; x_wconf 80' lang='grc'><strong>(11</strong></span> <span class='ocrx_word' id='word_1_229' title='bbox 925 3951 1012 4031; x_wconf 90' lang='grc'><strong>1),1.</strong></span> <span class='ocrx_word' id='word_1_230' title='bbox 1034 3950 1215 4030; x_wconf 91' lang='grc' dir='ltr'><strong><em>πέφρικα</em></strong></span> <span class='ocrx_word' id='word_1_231' title='bbox 1241 3951 1309 4015; x_wconf 72' lang='grc' dir='ltr'><strong>καὶ</strong></span> <span class='ocrx_word' id='word_1_232' title='bbox 1335 3949 1495 4016; x_wconf 87' lang='grc' dir='ltr'><strong><em>δέδοικα</em></strong></span> <span class='ocrx_word' id='word_1_233' title='bbox 1521 3951 1587 4015; x_wconf 75' lang='grc' dir='ltr'><strong>καὶ</strong></span> <span class='ocrx_word' id='word_1_234' title='bbox 1610 3952 1880 4033; x_wconf 79' lang='grc' dir='ltr'><strong><em>ταροὶττοριαι</em></strong></span> 
     </span>
     <span class='ocr_line' id='line_1_27' title="bbox 685 4055 1880 4138; baseline 0.002 -13"><span class='ocrx_word' id='word_1_235' title='bbox 685 4060 738 4125; x_wconf 79' lang='grc' dir='ltr'><strong>καὶ</strong></span> <span class='ocrx_word' id='word_1_236' title='bbox 770 4057 1007 4138; x_wconf 69' lang='grc' dir='ltr'><strong><em>ἀποστρέφομαι</em></strong></span> <span class='ocrx_word' id='word_1_237' title='bbox 1039 4060 1077 4129; x_wconf 77' lang='grc' dir='ltr'><strong>ὡς</strong></span> <span class='ocrx_word' id='word_1_238' title='bbox 1110 4056 1161 4120; x_wconf 75' lang='grc' dir='ltr'><strong>τὸν</strong></span> <span class='ocrx_word' id='word_1_239' title='bbox 1193 4055 1285 4134; x_wconf 74' lang='grc' dir='ltr'><strong><em>ἥλιον,</em></strong></span> <span class='ocrx_word' id='word_1_240' title='bbox 1318 4059 1361 4132; x_wconf 67' lang='grc' dir='ltr'><strong>μὴ</strong></span> <span class='ocrx_word' id='word_1_241' title='bbox 1396 4057 1512 4121; x_wconf 81' lang='grc' dir='ltr'><strong><em>έπιιιαῶ</em></strong></span> <span class='ocrx_word' id='word_1_242' title='bbox 1536 4059 1577 4122; x_wconf 80' lang='grc' dir='ltr'><strong>τοὶ</strong></span> <span class='ocrx_word' id='word_1_243' title='bbox 1602 4056 1748 4135; x_wconf 76' lang='grc' dir='ltr'><strong><em>ὄμματα.</em></strong></span> <span class='ocrx_word' id='word_1_244' title='bbox 1773 4061 1880 4126; x_wconf 87' lang='lat' dir='ltr'><strong>Mirus</strong></span> 
     </span>
     <span class='ocr_line' id='line_1_28' title="bbox 685 4161 1880 4248; baseline 0 -17"><span class='ocrx_word' id='word_1_245' title='bbox 685 4165 857 4231; x_wconf 89' lang='lat' dir='ltr'><strong>verborum</strong></span> <span class='ocrx_word' id='word_1_246' title='bbox 872 4163 955 4229; x_wconf 89' lang='lat' dir='ltr'><strong>ordo.</strong></span> <span class='ocrx_word' id='word_1_247' title='bbox 976 4162 1257 4248; x_wconf 66' lang='lat' dir='ltr'><strong>&#39;transponendum</strong></span> <span class='ocrx_word' id='word_1_248' title='bbox 1271 4163 1407 4227; x_wconf 85' lang='lat' dir='ltr'><strong>arbitror</strong></span> <span class='ocrx_word' id='word_1_249' title='bbox 1426 4161 1584 4227; x_wconf 85' lang='grc' dir='ltr'><strong><em>δέδοικα</em></strong></span> <span class='ocrx_word' id='word_1_250' title='bbox 1606 4163 1673 4228; x_wconf 79' lang='grc' dir='ltr'><strong>καὶ</strong></span> <span class='ocrx_word' id='word_1_251' title='bbox 1696 4165 1880 4247; x_wconf 87' lang='grc' dir='ltr'><strong><em>πέφρικα</em></strong></span> 
     </span>
     <span class='ocr_line' id='line_1_29' title="bbox 685 4267 1880 4359; baseline 0.003 -24"><span class='ocrx_word' id='word_1_252' title='bbox 685 4268 756 4336; x_wconf 85' lang='lat' dir='ltr'><strong>coll.</strong></span> <span class='ocrx_word' id='word_1_253' title='bbox 789 4271 849 4333; x_wconf 81' lang='grc' dir='ltr'><strong>Αν.</strong></span> <span class='ocrx_word' id='word_1_254' title='bbox 880 4267 963 4332; x_wconf 92' lang='lat' dir='ltr'><strong>Nub.</strong></span> <span class='ocrx_word' id='word_1_255' title='bbox 1000 4268 1096 4344; x_wconf 84' lang='grc'><strong>1133,</strong></span> <span class='ocrx_word' id='word_1_256' title='bbox 1129 4270 1196 4332; x_wconf 87' lang='lat' dir='ltr'><strong>sive</strong></span> <span class='ocrx_word' id='word_1_257' title='bbox 1228 4267 1300 4331; x_wconf 89' lang='lat' dir='ltr'><strong>inde</strong></span> <span class='ocrx_word' id='word_1_258' title='bbox 1333 4270 1449 4332; x_wconf 82' lang='lat' dir='ltr'><strong>sumsit</strong></span> <span class='ocrx_word' id='word_1_259' title='bbox 1477 4268 1595 4345; x_wconf 86' lang='lat' dir='ltr'><strong>rhetor,</strong></span> <span class='ocrx_word' id='word_1_260' title='bbox 1620 4272 1689 4334; x_wconf 89' lang='lat' dir='ltr'><strong>sive</strong></span> <span class='ocrx_word' id='word_1_261' title='bbox 1712 4273 1880 4359; x_wconf 80' lang='lat' dir='ltr'><strong>integrum</strong></span> 
     </span>
     <span class='ocr_line' id='line_1_30' title="bbox 685 4372 1881 4457; baseline 0.003 -16"><span class='ocrx_word' id='word_1_262' title='bbox 685 4377 844 4441; x_wconf 89' lang='lat' dir='ltr'><strong>senarium</strong></span> <span class='ocrx_word' id='word_1_263' title='bbox 879 4373 1016 4439; x_wconf 88' lang='lat' dir='ltr'><strong>aliunde.</strong></span> <span class='ocrx_word' id='word_1_264' title='bbox 1050 4410 1091 4422; x_wconf 88' lang='lat'><strong>—·</strong></span> <span class='ocrx_word' id='word_1_265' title='bbox 1125 4372 1175 4457; x_wconf 73' lang='lat'><strong>§3</strong></span> <span class='ocrx_word' id='word_1_266' title='bbox 1201 4373 1251 4436; x_wconf 73' lang='grc' dir='ltr'><strong>καὶ</strong></span> <span class='ocrx_word' id='word_1_267' title='bbox 1276 4372 1392 4451; x_wconf 77' lang='grc' dir='ltr'><strong><em>ὄψομαι</em></strong></span> <span class='ocrx_word' id='word_1_268' title='bbox 1416 4374 1455 4437; x_wconf 83' lang='grc' dir='ltr'><strong>τέ</strong></span> <span class='ocrx_word' id='word_1_269' title='bbox 1478 4398 1525 4451; x_wconf 87' lang='grc' dir='ltr'><strong>με</strong></span> <span class='ocrx_word' id='word_1_270' title='bbox 1551 4374 1749 4451; x_wconf 71' lang='grc' dir='ltr'><strong><em>διαθήσει.</em></strong></span> <span class='ocrx_word' id='word_1_271' title='bbox 1783 4379 1881 4445; x_wconf 84' lang='lat' dir='ltr'><strong>Recte</strong></span> 
     </span>
     <span class='ocr_line' id='line_1_31' title="bbox 685 4478 1880 4571; baseline 0.003 -24"><span class='ocrx_word' id='word_1_272' title='bbox 685 4484 817 4548; x_wconf 88' lang='lat' dir='ltr'><strong>fortasse</strong></span> <span class='ocrx_word' id='word_1_273' title='bbox 848 4479 1001 4564; x_wconf 82' lang='lat' dir='ltr'><strong>Sehepers</strong></span> <span class='ocrx_word' id='word_1_274' title='bbox 1032 4483 1261 4564; x_wconf 88' lang='lat' dir='ltr'><strong>interpretatur</strong></span> <span class='ocrx_word' id='word_1_275' title='bbox 1294 4478 1392 4563; x_wconf 88' lang='lat' dir='ltr'><strong>„quid</strong></span> <span class='ocrx_word' id='word_1_276' title='bbox 1419 4501 1470 4543; x_wconf 91' lang='lat' dir='ltr'><strong>me</strong></span> <span class='ocrx_word' id='word_1_277' title='bbox 1495 4480 1638 4544; x_wconf 84' lang='lat' dir='ltr'><strong>fauturus</strong></span> <span class='ocrx_word' id='word_1_278' title='bbox 1661 4482 1726 4545; x_wconf 89' lang='lat' dir='ltr'><strong>ait”</strong></span> <span class='ocrx_word' id='word_1_279' title='bbox 1750 4492 1880 4571; x_wconf 87' lang='lat' dir='ltr'><strong>(nempe</strong></span> 
     </span>
     <span class='ocr_line' id='line_1_32' title="bbox 685 4577 1881 4665; baseline 0.004 -16"><span class='ocrx_word' id='word_1_280' title='bbox 685 4586 740 4651; x_wconf 90' lang='lat' dir='ltr'><strong>ille</strong></span> <span class='ocrx_word' id='word_1_281' title='bbox 772 4588 969 4665; x_wconf 66' lang='lat' dir='ltr'><strong>petreponte</strong></span> <span class='ocrx_word' id='word_1_282' title='bbox 1003 4577 1033 4649; x_wconf 76' lang='lat' dir='ltr'><strong>do</strong></span> <span class='ocrx_word' id='word_1_283' title='bbox 1065 4585 1297 4664; x_wconf 78' lang='grc' dir='ltr'><strong><em>έκπολιοριιήσυ.</em></strong></span> <span class='ocrx_word' id='word_1_284' title='bbox 1330 4583 1452 4649; x_wconf 88' lang='lat' dir='ltr'><strong>Dubito</strong></span> <span class='ocrx_word' id='word_1_285' title='bbox 1476 4589 1583 4649; x_wconf 88' lang='lat' dir='ltr'><strong>tamen</strong></span> <span class='ocrx_word' id='word_1_286' title='bbox 1607 4606 1645 4650; x_wconf 88' lang='lat' dir='ltr'><strong>an</strong></span> <span class='ocrx_word' id='word_1_287' title='bbox 1671 4588 1719 4651; x_wconf 87' lang='lat' dir='ltr'><strong>ita</strong></span> <span class='ocrx_word' id='word_1_288' title='bbox 1742 4592 1881 4656; x_wconf 84' lang='lat' dir='ltr'><strong>scriben-</strong></span> 
     </span>
     <span class='ocr_line' id='line_1_33' title="bbox 688 4688 1881 4765; baseline 0.009 -15"><span class='ocrx_word' id='word_1_289' title='bbox 688 4688 764 4753; x_wconf 91' lang='lat' dir='ltr'><strong>dum</strong></span> <span class='ocrx_word' id='word_1_290' title='bbox 784 4695 826 4755; x_wconf 88' lang='lat' dir='ltr'><strong>ait</strong></span> <span class='ocrx_word' id='word_1_291' title='bbox 845 4696 907 4761; x_wconf 79' lang='grc' dir='ltr'><strong>πῶς</strong></span> <span class='ocrx_word' id='word_1_292' title='bbox 927 4713 968 4764; x_wconf 87' lang='grc' dir='ltr'><strong>με</strong></span> <span class='ocrx_word' id='word_1_293' title='bbox 989 4690 1133 4765; x_wconf 71' lang='grc' dir='ltr'><strong><em>διαθήσει.</em></strong></span> <span class='ocrx_word' id='word_1_294' title='bbox 1157 4691 1277 4755; x_wconf 82' lang='lat' dir='ltr'><strong>Eadem</strong></span> <span class='ocrx_word' id='word_1_295' title='bbox 1298 4689 1335 4754; x_wconf 93' lang='lat' dir='ltr'><strong>de</strong></span> <span class='ocrx_word' id='word_1_296' title='bbox 1355 4710 1448 4754; x_wconf 87' lang='lat' dir='ltr'><strong>causa</strong></span> <span class='ocrx_word' id='word_1_297' title='bbox 1468 4689 1511 4754; x_wconf 89' lang='lat' dir='ltr'><strong>IV</strong></span> <span class='ocrx_word' id='word_1_298' title='bbox 1530 4690 1614 4765; x_wconf 84' lang='grc'><strong>14,1</strong></span> <span class='ocrx_word' id='word_1_299' title='bbox 1638 4690 1744 4757; x_wconf 78' lang='grc' dir='ltr'><strong><em>διοικεῖ</em></strong></span> <span class='ocrx_word' id='word_1_300' title='bbox 1762 4698 1881 4760; x_wconf 87' lang='lat' dir='ltr'><strong>rectius</strong></span> 
     </span>
     <span class='ocr_line' id='line_1_34' title="bbox 685 4791 1671 4881; baseline 0.009 -29"><span class='ocrx_word' id='word_1_301' title='bbox 685 4791 718 4852; x_wconf 91' lang='lat' dir='ltr'><strong>in</strong></span> <span class='ocrx_word' id='word_1_302' title='bbox 741 4792 864 4875; x_wconf 80' lang='grc' dir='ltr'><strong><em>διοχλοι·</em></strong></span> <span class='ocrx_word' id='word_1_303' title='bbox 885 4816 982 4881; x_wconf 90' lang='lat' dir='ltr'><strong>quam</strong></span> <span class='ocrx_word' id='word_1_304' title='bbox 1005 4797 1039 4860; x_wconf 90' lang='lat' dir='ltr'><strong>in</strong></span> <span class='ocrx_word' id='word_1_305' title='bbox 1063 4794 1177 4871; x_wconf 74' lang='grc' dir='ltr'><strong><em>διέθηκε</em></strong></span> <span class='ocrx_word' id='word_1_306' title='bbox 1203 4794 1303 4862; x_wconf 79' lang='lat' dir='ltr'><strong>Cobet</strong></span> <span class='ocrx_word' id='word_1_307' title='bbox 1327 4794 1508 4860; x_wconf 78' lang='lat' dir='ltr'><strong>emendasse</strong></span> <span class='ocrx_word' id='word_1_308' title='bbox 1533 4795 1671 4861; x_wconf 84' lang='lat' dir='ltr'><strong>videtur.</strong></span> 
     </span>
    </p>
   </div>
   <div class='ocr_carea' id='block_1_7' title="bbox 0 0 2568 6150">
    <p class='ocr_par' dir='ltr' id='par_1_7' title="bbox 0 0 2568 6150">
     <span class='ocr_line' id='line_1_35' title="bbox 0 0 2568 6150; baseline 0 0"><span class='ocrx_word' id='word_1_309' title='bbox 0 0 2568 6150; x_wconf 95' lang='lat' dir='ltr'><strong> </strong></span> 
     </span>
    </p>
   </div>
  </div>
 </body>
</html>
