<?xml version="1.0" encoding="UTF-8"?>
<!DOCTYPE html PUBLIC "-//W3C//DTD XHTML 1.0 Transitional//EN"
    "http://www.w3.org/TR/xhtml1/DTD/xhtml1-transitional.dtd">
<html xmlns="http://www.w3.org/1999/xhtml" xml:lang="en" lang="en">
 <head>
  <title>
</title>
<meta http-equiv="Content-Type" content="text/html;charset=utf-8" />
  <meta name='ocr-system' content='tesseract 3.04.00' />
  <meta name='ocr-capabilities' content='ocr_page ocr_carea ocr_par ocr_line ocrx_word'/>
</head>
<body>
  <div class='ocr_page' id='page_1' title='image "./mnemosyne04verdgoog_0714.png"; bbox 0 0 5125 6150; ppageno 0'>
   <div class='ocr_carea' id='block_1_1' title="bbox 1129 812 1824 889">
    <p class='ocr_par' dir='ltr' id='par_1_1' title="bbox 1129 812 1824 889">
     <span class='ocr_line' id='line_1_1' title="bbox 1129 812 1824 889; baseline 0.001 -10"><span class='ocrx_word' id='word_1_1' title='bbox 1129 831 1198 889; x_wconf 81' lang='lat' dir='ltr'>ouis</span> <span class='ocrx_word' id='word_1_2' title='bbox 1221 812 1345 878; x_wconf 74' lang='lat' dir='ltr'>runos?</span> <span class='ocrx_word' id='word_1_3' title='bbox 1758 815 1824 880; x_wconf 80' lang='lat'>229</span> 
     </span>
    </p>
   </div>
   <div class='ocr_carea' id='block_1_2' title="bbox 639 994 1827 1932">
    <p class='ocr_par' dir='ltr' id='par_1_2' title="bbox 639 994 1827 1932">
     <span class='ocr_line' id='line_1_2' title="bbox 639 994 1826 1083; baseline 0.003 -24"><span class='ocrx_word' id='word_1_4' title='bbox 639 994 749 1072; x_wconf 86' lang='grc' dir='ltr'><em>κώνα”,</em></span> <span class='ocrx_word' id='word_1_5' title='bbox 782 995 874 1080; x_wconf 85' lang='lat' dir='ltr'>Vesp.</span> <span class='ocrx_word' id='word_1_6' title='bbox 901 994 954 1073; x_wconf 88' lang='lat'>83,</span> <span class='ocrx_word' id='word_1_7' title='bbox 985 994 1129 1060; x_wconf 87' lang='lat' dir='ltr'>attulisse</span> <span class='ocrx_word' id='word_1_8' title='bbox 1160 995 1241 1061; x_wconf 87' lang='lat' dir='ltr'>alios</span> <span class='ocrx_word' id='word_1_9' title='bbox 1271 998 1466 1061; x_wconf 81' lang='lat' dir='ltr'>comicorum</span> <span class='ocrx_word' id='word_1_10' title='bbox 1490 995 1574 1062; x_wconf 90' lang='lat' dir='ltr'>locos</span> <span class='ocrx_word' id='word_1_11' title='bbox 1598 1006 1745 1083; x_wconf 88' lang='lat' dir='ltr'>quatuor,</span> <span class='ocrx_word' id='word_1_12' title='bbox 1769 999 1826 1063; x_wconf 92' lang='lat' dir='ltr'>ubi</span> 
     </span>
     <span class='ocr_line' id='line_1_3' title="bbox 639 1101 1826 1187; baseline 0.003 -20"><span class='ocrx_word' id='word_1_13' title='bbox 639 1106 742 1167; x_wconf 88' lang='lat' dir='ltr'>iocose</span> <span class='ocrx_word' id='word_1_14' title='bbox 776 1105 820 1167; x_wconf 94' lang='lat' dir='ltr'>sic</span> <span class='ocrx_word' id='word_1_15' title='bbox 853 1106 985 1167; x_wconf 87' lang='lat' dir='ltr'>iuratur.</span> <span class='ocrx_word' id='word_1_16' title='bbox 1023 1101 1058 1166; x_wconf 79' lang='lat' dir='ltr'>Si</span> <span class='ocrx_word' id='word_1_17' title='bbox 1094 1106 1165 1187; x_wconf 91' lang='lat' dir='ltr'>quis</span> <span class='ocrx_word' id='word_1_18' title='bbox 1196 1109 1305 1168; x_wconf 88' lang='lat' dir='ltr'>autem</span> <span class='ocrx_word' id='word_1_19' title='bbox 1326 1103 1420 1185; x_wconf 49' lang='lat' dir='ltr'>„dicat</span> <span class='ocrx_word' id='word_1_20' title='bbox 1452 1102 1565 1168; x_wconf 82' lang='lat' dir='ltr'><strong>addere</strong></span> <span class='ocrx_word' id='word_1_21' title='bbox 1596 1125 1648 1169; x_wconf 90' lang='lat' dir='ltr'>me</span> <span class='ocrx_word' id='word_1_22' title='bbox 1680 1104 1826 1170; x_wconf 77' lang='lat' dir='ltr'>debuisse</span> 
     </span>
     <span class='ocr_line' id='line_1_4' title="bbox 640 1208 1824 1294; baseline 0.002 -19"><span class='ocrx_word' id='word_1_23' title='bbox 640 1208 762 1276; x_wconf 76' lang='lat' dir='ltr'>Cratini</span> <span class='ocrx_word' id='word_1_24' title='bbox 787 1209 946 1294; x_wconf 84' lang='lat' dir='ltr'>quoddam</span> <span class='ocrx_word' id='word_1_25' title='bbox 970 1209 1189 1294; x_wconf 82' lang='lat' dir='ltr'><strong>fragmentum</strong></span> <span class='ocrx_word' id='word_1_26' title='bbox 1213 1210 1263 1294; x_wconf 91' lang='lat' dir='ltr'>(fr.</span> <span class='ocrx_word' id='word_1_27' title='bbox 1290 1208 1380 1289; x_wconf 82' lang='lat'>231),</span> <span class='ocrx_word' id='word_1_28' title='bbox 1405 1213 1573 1288; x_wconf 88' lang='lat' dir='ltr'>assentiar;</span> <span class='ocrx_word' id='word_1_29' title='bbox 1598 1211 1728 1276; x_wconf 91' lang='lat' dir='ltr'>inutiles</span> <span class='ocrx_word' id='word_1_30' title='bbox 1749 1233 1824 1277; x_wconf 89' lang='lat' dir='ltr'>vero</span> 
     </span>
     <span class='ocr_line' id='line_1_5' title="bbox 640 1315 1827 1400; baseline 0.003 -19"><span class='ocrx_word' id='word_1_31' title='bbox 640 1317 696 1381; x_wconf 91' lang='lat' dir='ltr'>hos</span> <span class='ocrx_word' id='word_1_32' title='bbox 715 1315 801 1380; x_wconf 89' lang='lat' dir='ltr'>locos</span> <span class='ocrx_word' id='word_1_33' title='bbox 820 1337 876 1380; x_wconf 90' lang='lat' dir='ltr'>our</span> <span class='ocrx_word' id='word_1_34' title='bbox 897 1316 980 1381; x_wconf 91' lang='lat' dir='ltr'>dicat</span> <span class='ocrx_word' id='word_1_35' title='bbox 999 1315 1145 1394; x_wconf 84' lang='lat' dir='ltr'>Rosmer,</span> <span class='ocrx_word' id='word_1_36' title='bbox 1165 1316 1274 1381; x_wconf 88' lang='lat' dir='ltr'>videat</span> <span class='ocrx_word' id='word_1_37' title='bbox 1293 1319 1371 1400; x_wconf 90' lang='lat' dir='ltr'>ipse.</span> <span class='ocrx_word' id='word_1_38' title='bbox 1394 1315 1511 1382; x_wconf 80' lang='lat' dir='ltr'><strong>Vereor</strong></span> <span class='ocrx_word' id='word_1_39' title='bbox 1530 1322 1638 1381; x_wconf 86' lang='lat' dir='ltr'>autem</span> <span class='ocrx_word' id='word_1_40' title='bbox 1658 1324 1696 1382; x_wconf 92' lang='lat' dir='ltr'>ut</span> <span class='ocrx_word' id='word_1_41' title='bbox 1714 1318 1827 1384; x_wconf 90' lang='lat' dir='ltr'>scholii</span> 
     </span>
     <span class='ocr_line' id='line_1_6' title="bbox 640 1418 1825 1509; baseline 0.003 -23"><span class='ocrx_word' id='word_1_42' title='bbox 640 1422 754 1486; x_wconf 83' lang='lat' dir='ltr'>verba:</span> <span class='ocrx_word' id='word_1_43' title='bbox 781 1418 892 1498; x_wconf 70' lang='lat' dir='ltr'>„odrae</span> <span class='ocrx_word' id='word_1_44' title='bbox 917 1422 967 1487; x_wconf 80' lang='grc' dir='ltr'><em>διιὶ</em></span> <span class='ocrx_word' id='word_1_45' title='bbox 993 1421 1227 1498; x_wconf 69' lang='grc' dir='ltr'>δεισιδαιμονίαν</span> <span class='ocrx_word' id='word_1_46' title='bbox 1249 1421 1385 1498; x_wconf 85' lang='grc' dir='ltr'><em>ώμνοον”</em></span> <span class='ocrx_word' id='word_1_47' title='bbox 1409 1426 1490 1487; x_wconf 89' lang='lat' dir='ltr'>tanti</span> <span class='ocrx_word' id='word_1_48' title='bbox 1514 1425 1578 1487; x_wconf 88' lang='lat' dir='ltr'>sint</span> <span class='ocrx_word' id='word_1_49' title='bbox 1601 1425 1696 1508; x_wconf 89' lang='lat' dir='ltr'>pretii</span> <span class='ocrx_word' id='word_1_50' title='bbox 1715 1428 1825 1509; x_wconf 87' lang='lat' dir='ltr'>quanti</span> 
     </span>
     <span class='ocr_line' id='line_1_7' title="bbox 640 1525 1825 1612; baseline 0.003 -21"><span class='ocrx_word' id='word_1_51' title='bbox 640 1527 697 1592; x_wconf 93' lang='lat' dir='ltr'>ille</span> <span class='ocrx_word' id='word_1_52' title='bbox 730 1533 832 1612; x_wconf 89' lang='lat' dir='ltr'>putat.</span> <span class='ocrx_word' id='word_1_53' title='bbox 865 1525 965 1592; x_wconf 77' lang='lat' dir='ltr'>(iuius</span> <span class='ocrx_word' id='word_1_54' title='bbox 995 1529 1092 1593; x_wconf 79' lang='lat' dir='ltr'>verba</span> <span class='ocrx_word' id='word_1_55' title='bbox 1116 1531 1143 1593; x_wconf 90' lang='lat' dir='ltr'>si</span> <span class='ocrx_word' id='word_1_56' title='bbox 1166 1532 1244 1593; x_wconf 88' lang='lat' dir='ltr'>satis</span> <span class='ocrx_word' id='word_1_57' title='bbox 1267 1526 1431 1605; x_wconf 77' lang='lat' dir='ltr'>intellexi,</span> <span class='ocrx_word' id='word_1_58' title='bbox 1455 1529 1628 1593; x_wconf 79' lang='lat' dir='ltr'>arbitratur</span> <span class='ocrx_word' id='word_1_59' title='bbox 1650 1530 1825 1595; x_wconf 90' lang='lat' dir='ltr'>Xanthiam</span> 
     </span>
     <span class='ocr_line' id='line_1_8' title="bbox 641 1633 1825 1704; baseline 0.005 -6"><span class='ocrx_word' id='word_1_60' title='bbox 641 1655 769 1698; x_wconf 85' lang='lat' dir='ltr'>servum</span> <span class='ocrx_word' id='word_1_61' title='bbox 800 1634 925 1698; x_wconf 87' lang='lat' dir='ltr'>iurandi</span> <span class='ocrx_word' id='word_1_62' title='bbox 954 1633 1012 1698; x_wconf 89' lang='lat' dir='ltr'>hac</span> <span class='ocrx_word' id='word_1_63' title='bbox 1044 1634 1181 1699; x_wconf 87' lang='lat' dir='ltr'>formula</span> <span class='ocrx_word' id='word_1_64' title='bbox 1208 1635 1247 1699; x_wconf 93' lang='lat' dir='ltr'>ad</span> <span class='ocrx_word' id='word_1_65' title='bbox 1270 1635 1476 1700; x_wconf 90' lang='lat' dir='ltr'>deridendum</span> <span class='ocrx_word' id='word_1_66' title='bbox 1500 1633 1719 1701; x_wconf 82' lang='lat' dir='ltr'>Nicostratum</span> <span class='ocrx_word' id='word_1_67' title='bbox 1742 1659 1825 1704; x_wconf 87' lang='lat' dir='ltr'>nuno</span> 
     </span>
     <span class='ocr_line' id='line_1_9' title="bbox 640 1737 1825 1825; baseline 0.003 -21"><span class='ocrx_word' id='word_1_68' title='bbox 640 1744 707 1817; x_wconf 89' lang='lat' dir='ltr'>uti,</span> <span class='ocrx_word' id='word_1_69' title='bbox 733 1743 788 1825; x_wconf 91' lang='lat' dir='ltr'>qui</span> <span class='ocrx_word' id='word_1_70' title='bbox 810 1744 877 1825; x_wconf 88' lang='lat' dir='ltr'>ipse</span> <span class='ocrx_word' id='word_1_71' title='bbox 901 1739 1014 1805; x_wconf 91' lang='lat' dir='ltr'>solitus</span> <span class='ocrx_word' id='word_1_72' title='bbox 1038 1744 1081 1804; x_wconf 92' lang='lat' dir='ltr'>sit</span> <span class='ocrx_word' id='word_1_73' title='bbox 1104 1745 1148 1806; x_wconf 87' lang='lat' dir='ltr'>sic</span> <span class='ocrx_word' id='word_1_74' title='bbox 1171 1745 1293 1819; x_wconf 91' lang='lat' dir='ltr'>iurare,</span> <span class='ocrx_word' id='word_1_75' title='bbox 1319 1737 1376 1806; x_wconf 84' lang='grc' dir='ltr'><em>ίίσε</em></span> <span class='ocrx_word' id='word_1_76' title='bbox 1401 1741 1596 1821; x_wconf 80' lang='grc' dir='ltr'><em>δεισιδαίμων</em></span> <span class='ocrx_word' id='word_1_77' title='bbox 1616 1766 1662 1814; x_wconf 80' lang='grc' dir='ltr'>τις</span> <span class='ocrx_word' id='word_1_78' title='bbox 1682 1742 1728 1807; x_wconf 87' lang='grc' dir='ltr'>ών.</span> <span class='ocrx_word' id='word_1_79' title='bbox 1753 1743 1825 1808; x_wconf 91' lang='lat' dir='ltr'>Non</span> 
     </span>
     <span class='ocr_line' id='line_1_10' title="bbox 641 1846 1095 1932; baseline -0.002 -21"><span class='ocrx_word' id='word_1_80' title='bbox 641 1846 804 1932; x_wconf 89' lang='lat' dir='ltr'>obloquor,</span> <span class='ocrx_word' id='word_1_81' title='bbox 829 1847 883 1910; x_wconf 89' lang='lat' dir='ltr'>sed</span> <span class='ocrx_word' id='word_1_82' title='bbox 908 1883 949 1894; x_wconf 89' lang='lat'>-</span> <span class='ocrx_word' id='word_1_83' title='bbox 974 1846 1095 1912; x_wconf 84' lang='lat' dir='ltr'>dubito.</span> 
     </span>
    </p>
   </div>
   <div class='ocr_carea' id='block_1_3' title="bbox 635 2061 1916 5023">
    <p class='ocr_par' dir='ltr' id='par_1_3' title="bbox 641 2061 1825 3321">
     <span class='ocr_line' id='line_1_11' title="bbox 686 2061 1823 2152; baseline 0.002 -25"><span class='ocrx_word' id='word_1_84' title='bbox 686 2062 733 2128; x_wconf 92' lang='lat' dir='ltr'>De</span> <span class='ocrx_word' id='word_1_85' title='bbox 763 2061 881 2128; x_wconf 91' lang='lat' dir='ltr'>scholio</span> <span class='ocrx_word' id='word_1_86' title='bbox 913 2061 1005 2148; x_wconf 85' lang='lat' dir='ltr'>Vesp.</span> <span class='ocrx_word' id='word_1_87' title='bbox 1039 2062 1059 2125; x_wconf 83' lang='lat'>4</span> <span class='ocrx_word' id='word_1_88' title='bbox 1088 2062 1172 2148; x_wconf 90' lang='lat' dir='ltr'>apud</span> <span class='ocrx_word' id='word_1_89' title='bbox 1203 2061 1396 2128; x_wconf 89' lang='lat' dir='ltr'>Roemsrum</span> <span class='ocrx_word' id='word_1_90' title='bbox 1427 2085 1458 2148; x_wconf 84' lang='lat' dir='ltr'>p.</span> <span class='ocrx_word' id='word_1_91' title='bbox 1484 2061 1527 2128; x_wconf 88' lang='grc'>63</span> <span class='ocrx_word' id='word_1_92' title='bbox 1548 2085 1592 2149; x_wconf 91' lang='lat' dir='ltr'>sq.</span> <span class='ocrx_word' id='word_1_93' title='bbox 1625 2064 1701 2130; x_wconf 86' lang='lat' dir='ltr'>haec</span> <span class='ocrx_word' id='word_1_94' title='bbox 1732 2063 1823 2152; x_wconf 88' lang='lat' dir='ltr'>lego:</span> 
     </span>
     <span class='ocr_line' id='line_1_12' title="bbox 641 2167 1823 2250; baseline 0.002 -17"><span class='ocrx_word' id='word_1_95' title='bbox 641 2169 718 2247; x_wconf 87' lang='lat' dir='ltr'>„das</span> <span class='ocrx_word' id='word_1_96' title='bbox 738 2168 884 2233; x_wconf 79' lang='lat' dir='ltr'>Scholion</span> <span class='ocrx_word' id='word_1_97' title='bbox 902 2167 1004 2233; x_wconf 89' lang='lat' dir='ltr'>lautet</span> <span class='ocrx_word' id='word_1_98' title='bbox 1024 2168 1238 2233; x_wconf 84' lang='grc' dir='ltr'><em>κνώδαλον;</em></span> <span class='ocrx_word' id='word_1_99' title='bbox 1259 2168 1364 2248; x_wconf 75' lang='grc' dir='ltr'><em>κυρίοις</em></span> <span class='ocrx_word' id='word_1_100' title='bbox 1385 2169 1433 2233; x_wconf 76' lang='grc' dir='ltr'>ἐπί</span> <span class='ocrx_word' id='word_1_101' title='bbox 1455 2173 1508 2234; x_wconf 82' lang='grc' dir='ltr'>τοῦ</span> <span class='ocrx_word' id='word_1_102' title='bbox 1529 2170 1697 2236; x_wconf 72' lang='grc' dir='ltr'><em>θαλασσίου</em></span> <span class='ocrx_word' id='word_1_103' title='bbox 1717 2172 1823 2250; x_wconf 81' lang='grc' dir='ltr'><em>ίκρίον,</em></span> 
     </span>
     <span class='ocr_line' id='line_1_13' title="bbox 641 2274 1823 2355; baseline 0.003 -15"><span class='ocrx_word' id='word_1_104' title='bbox 641 2274 778 2354; x_wconf 72' lang='grc' dir='ltr'>ηείμνισιιι</span> <span class='ocrx_word' id='word_1_105' title='bbox 798 2274 827 2339; x_wconf 79' lang='grc' dir='ltr'>δὲ</span> <span class='ocrx_word' id='word_1_106' title='bbox 848 2275 900 2339; x_wconf 87' lang='grc' dir='ltr'>καί</span> <span class='ocrx_word' id='word_1_107' title='bbox 921 2275 971 2339; x_wconf 78' lang='grc' dir='ltr'><em>ἐσσί</em></span> <span class='ocrx_word' id='word_1_108' title='bbox 992 2279 1044 2338; x_wconf 84' lang='grc' dir='ltr'>σοῦ</span> <span class='ocrx_word' id='word_1_109' title='bbox 1064 2276 1212 2355; x_wconf 78' lang='grc' dir='ltr'><em>χερσαίου</em></span> <span class='ocrx_word' id='word_1_110' title='bbox 1223 2274 1374 2340; x_wconf 87' lang='grc' dir='ltr'><em>κνώδαλον</em></span> <span class='ocrx_word' id='word_1_111' title='bbox 1385 2277 1471 2353; x_wconf 78' lang='grc' dir='ltr'><em>παροδ</em></span> <span class='ocrx_word' id='word_1_112' title='bbox 1484 2278 1519 2342; x_wconf 79' lang='grc' dir='ltr'>τί</span> <span class='ocrx_word' id='word_1_113' title='bbox 1533 2276 1618 2341; x_wconf 82' lang='grc' dir='ltr'><em>ιινσίν</em></span> <span class='ocrx_word' id='word_1_114' title='bbox 1630 2277 1823 2344; x_wconf 72' lang='grc' dir='ltr'><em>ἁλίσκεσθαι.</em></span> 
     </span>
     <span class='ocr_line' id='line_1_14' title="bbox 642 2380 1825 2469; baseline 0.002 -22"><span class='ocrx_word' id='word_1_115' title='bbox 642 2381 812 2462; x_wconf 87' lang='lat' dir='ltr'>„Dasselbe</span> <span class='ocrx_word' id='word_1_116' title='bbox 842 2380 997 2467; x_wconf 90' lang='lat' dir='ltr'>begleitet</span> <span class='ocrx_word' id='word_1_117' title='bbox 1027 2382 1184 2447; x_wconf 84' lang='lat' dir='ltr'>Leeuwsu</span> <span class='ocrx_word' id='word_1_118' title='bbox 1214 2384 1275 2447; x_wconf 94' lang='lat' dir='ltr'>mit</span> <span class='ocrx_word' id='word_1_119' title='bbox 1299 2381 1463 2469; x_wconf 87' lang='lat' dir='ltr'>folgender</span> <span class='ocrx_word' id='word_1_120' title='bbox 1485 2382 1677 2468; x_wconf 85' lang='lat' dir='ltr'>geistvollen</span> <span class='ocrx_word' id='word_1_121' title='bbox 1701 2384 1825 2450; x_wconf 89' lang='lat' dir='ltr'>Bsmer·</span> 
     </span>
     <span class='ocr_line' id='line_1_15' title="bbox 642 2488 1825 2575; baseline 0.001 -21"><span class='ocrx_word' id='word_1_122' title='bbox 642 2491 771 2575; x_wconf 84' lang='lat' dir='ltr'>„kuug:</span> <span class='ocrx_word' id='word_1_123' title='bbox 796 2488 1012 2566; x_wconf 86' lang='lat' dir='ltr'>„Absurdam,</span> <span class='ocrx_word' id='word_1_124' title='bbox 1033 2510 1130 2574; x_wconf 93' lang='lat' dir='ltr'>quam</span> <span class='ocrx_word' id='word_1_125' title='bbox 1148 2489 1266 2554; x_wconf 91' lang='lat' dir='ltr'>scholia</span> <span class='ocrx_word' id='word_1_126' title='bbox 1285 2489 1444 2574; x_wconf 84' lang='lat' dir='ltr'>praebent,</span> <span class='ocrx_word' id='word_1_127' title='bbox 1465 2491 1710 2575; x_wconf 79' lang='lat' dir='ltr'>originationem</span> <span class='ocrx_word' id='word_1_128' title='bbox 1723 2490 1825 2570; x_wconf 79' lang='grc' dir='ltr'><em>(παροδ</em></span> 
     </span>
     <span class='ocr_line' id='line_1_16' title="bbox 642 2595 1822 2681; baseline 0.002 -21"><span class='ocrx_word' id='word_1_129' title='bbox 642 2597 698 2676; x_wconf 75' lang='lat' dir='ltr'>„rb</span> <span class='ocrx_word' id='word_1_130' title='bbox 730 2596 815 2661; x_wconf 84' lang='grc' dir='ltr'><em>κυσίν</em></span> <span class='ocrx_word' id='word_1_131' title='bbox 847 2596 1040 2674; x_wconf 67' lang='grc' dir='ltr'>ἁλίσκεσθαι)</span> <span class='ocrx_word' id='word_1_132' title='bbox 1070 2598 1228 2681; x_wconf 80' lang='lat' dir='ltr'>peperisse</span> <span class='ocrx_word' id='word_1_133' title='bbox 1250 2596 1379 2660; x_wconf 83' lang='lat' dir='ltr'>videtur</span> <span class='ocrx_word' id='word_1_134' title='bbox 1403 2595 1539 2661; x_wconf 87' lang='lat' dir='ltr'>Homeri</span> <span class='ocrx_word' id='word_1_135' title='bbox 1563 2617 1673 2661; x_wconf 85' lang='lat' dir='ltr'>versus</span> <span class='ocrx_word' id='word_1_136' title='bbox 1695 2595 1822 2675; x_wconf 60' lang='lat'>9317’2</span> 
     </span>
     <span class='ocr_line' id='line_1_17' title="bbox 641 2700 1825 2788; baseline 0 -20"><span class='ocrx_word' id='word_1_137' title='bbox 641 2704 776 2783; x_wconf 81' lang='lat' dir='ltr'>„heider</span> <span class='ocrx_word' id='word_1_138' title='bbox 798 2702 915 2767; x_wconf 84' lang='lat' dir='ltr'>wieder</span> <span class='ocrx_word' id='word_1_139' title='bbox 938 2705 988 2767; x_wconf 90' lang='lat' dir='ltr'>ain</span> <span class='ocrx_word' id='word_1_140' title='bbox 1010 2705 1155 2767; x_wconf 88' lang='lat' dir='ltr'>weiterer</span> <span class='ocrx_word' id='word_1_141' title='bbox 1172 2704 1332 2788; x_wconf 89' lang='lat' dir='ltr'>trauriger</span> <span class='ocrx_word' id='word_1_142' title='bbox 1350 2700 1450 2788; x_wconf 91' lang='lat' dir='ltr'>Beleg</span> <span class='ocrx_word' id='word_1_143' title='bbox 1470 2723 1530 2767; x_wconf 87' lang='lat' dir='ltr'>von</span> <span class='ocrx_word' id='word_1_144' title='bbox 1549 2701 1622 2766; x_wconf 89' lang='lat' dir='ltr'>dem</span> <span class='ocrx_word' id='word_1_145' title='bbox 1644 2701 1825 2780; x_wconf 88' lang='lat' dir='ltr'>„Damuant</span> 
     </span>
     <span class='ocr_line' id='line_1_18' title="bbox 642 2805 1823 2896; baseline 0 -22"><span class='ocrx_word' id='word_1_146' title='bbox 642 2831 743 2896; x_wconf 89' lang='lat' dir='ltr'>„quas</span> <span class='ocrx_word' id='word_1_147' title='bbox 775 2831 835 2874; x_wconf 91' lang='lat' dir='ltr'>non</span> <span class='ocrx_word' id='word_1_148' title='bbox 865 2805 1100 2895; x_wconf 85' lang='lat' dir='ltr'>intellegunt&#39;&#39;i</span> <span class='ocrx_word' id='word_1_149' title='bbox 1132 2807 1232 2873; x_wconf 79' lang='lat' dir='ltr'>Hitte</span> <span class='ocrx_word' id='word_1_150' title='bbox 1254 2807 1411 2872; x_wconf 86' lang='lat' dir='ltr'>Leeuwen</span> <span class='ocrx_word' id='word_1_151' title='bbox 1434 2807 1488 2872; x_wconf 90' lang='lat' dir='ltr'>das</span> <span class='ocrx_word' id='word_1_152' title='bbox 1512 2806 1662 2872; x_wconf 80' lang='lat' dir='ltr'>Scholion</span> <span class='ocrx_word' id='word_1_153' title='bbox 1687 2830 1725 2872; x_wconf 86' lang='lat' dir='ltr'>nu</span> <span class='ocrx_word' id='word_1_154' title='bbox 1747 2808 1823 2895; x_wconf 85' lang='lat' dir='ltr'>hys.</span> 
     </span>
     <span class='ocr_line' id='line_1_19' title="bbox 643 2912 1825 3001; baseline -0.001 -21"><span class='ocrx_word' id='word_1_155' title='bbox 643 2914 730 2994; x_wconf 80' lang='lat'>„477</span> <span class='ocrx_word' id='word_1_156' title='bbox 766 2916 953 3001; x_wconf 86' lang='lat' dir='ltr'>augesahen‚</span> <span class='ocrx_word' id='word_1_157' title='bbox 989 2936 1023 2980; x_wconf 89' lang='lat' dir='ltr'>so</span> <span class='ocrx_word' id='word_1_158' title='bbox 1058 2915 1147 2978; x_wconf 80' lang='lat' dir='ltr'>hitto</span> <span class='ocrx_word' id='word_1_159' title='bbox 1181 2935 1215 2978; x_wconf 90' lang='lat' dir='ltr'>er</span> <span class='ocrx_word' id='word_1_160' title='bbox 1248 2912 1332 2978; x_wconf 84' lang='lat' dir='ltr'>wohl</span> <span class='ocrx_word' id='word_1_161' title='bbox 1366 2914 1447 2978; x_wconf 89' lang='lat' dir='ltr'>auch</span> <span class='ocrx_word' id='word_1_162' title='bbox 1479 2912 1622 2992; x_wconf 78' lang='lat' dir='ltr'>erkannt,</span> <span class='ocrx_word' id='word_1_163' title='bbox 1655 2913 1725 2979; x_wconf 90' lang='lat' dir='ltr'>dass</span> <span class='ocrx_word' id='word_1_164' title='bbox 1755 2914 1825 2981; x_wconf 90' lang='lat' dir='ltr'>hier</span> 
     </span>
     <span class='ocr_line' id='line_1_20' title="bbox 644 3018 1824 3101; baseline -0.002 -12"><span class='ocrx_word' id='word_1_165' title='bbox 644 3023 839 3101; x_wconf 89' lang='lat' dir='ltr'>„emendiert</span> <span class='ocrx_word' id='word_1_166' title='bbox 871 3021 995 3088; x_wconf 84' lang='lat' dir='ltr'>werden</span> <span class='ocrx_word' id='word_1_167' title='bbox 1025 3042 1113 3086; x_wconf 90' lang='lat' dir='ltr'>muss</span> <span class='ocrx_word' id='word_1_168' title='bbox 1144 3020 1274 3101; x_wconf 81' lang='grc' dir='ltr'><em>σαοίσον</em></span> <span class='ocrx_word' id='word_1_169' title='bbox 1306 3018 1391 3085; x_wconf 84' lang='grc' dir='ltr'><em>κυσίν</em></span> <span class='ocrx_word' id='word_1_170' title='bbox 1423 3018 1589 3085; x_wconf 72' lang='grc' dir='ltr'><em>ἁλίσκεται</em></span> <span class='ocrx_word' id='word_1_171' title='bbox 1613 3019 1767 3099; x_wconf 78' lang='lat' dir='ltr'>(uimlich</span> <span class='ocrx_word' id='word_1_172' title='bbox 1790 3023 1824 3087; x_wconf 91' lang='lat' dir='ltr'>in</span> 
     </span>
     <span class='ocr_line' id='line_1_21' title="bbox 642 3125 1825 3214; baseline 0.001 -20"><span class='ocrx_word' id='word_1_173' title='bbox 642 3131 738 3208; x_wconf 81' lang='lat' dir='ltr'>„dem</span> <span class='ocrx_word' id='word_1_174' title='bbox 762 3130 893 3194; x_wconf 91' lang='lat' dir='ltr'>Homer.</span> <span class='ocrx_word' id='word_1_175' title='bbox 918 3126 1014 3193; x_wconf 87' lang='lat' dir='ltr'>Verso</span> <span class='ocrx_word' id='word_1_176' title='bbox 1038 3125 1154 3209; x_wconf 60' lang='lat'><strong>9317).</strong></span> <span class='ocrx_word' id='word_1_177' title='bbox 1179 3126 1256 3193; x_wconf 83' lang='lat' dir='ltr'>Also</span> <span class='ocrx_word' id='word_1_178' title='bbox 1278 3128 1372 3192; x_wconf 83' lang='lat' dir='ltr'>heina</span> <span class='ocrx_word' id='word_1_179' title='bbox 1394 3125 1478 3212; x_wconf 84' lang='lat' dir='ltr'>Spur</span> <span class='ocrx_word' id='word_1_180' title='bbox 1501 3148 1563 3193; x_wconf 82' lang='lat' dir='ltr'>vou</span> <span class='ocrx_word' id='word_1_181' title='bbox 1586 3129 1673 3192; x_wconf 90' lang='lat' dir='ltr'>einer</span> <span class='ocrx_word' id='word_1_182' title='bbox 1692 3128 1825 3214; x_wconf 76' lang='lat' dir='ltr'>Etyma-</span> 
     </span>
     <span class='ocr_line' id='line_1_22' title="bbox 643 3236 780 3321; baseline -0.007 -21"><span class='ocrx_word' id='word_1_183' title='bbox 643 3236 780 3321; x_wconf 87' lang='lat' dir='ltr'>„logie&#39;’.</span> 
     </span>
    </p>

    <p class='ocr_par' dir='ltr' id='par_1_4' title="bbox 641 3337 1826 3727">
     <span class='ocr_line' id='line_1_23' title="bbox 687 3337 1826 3427; baseline -0.002 -21"><span class='ocrx_word' id='word_1_184' title='bbox 687 3342 798 3427; x_wconf 82' lang='lat' dir='ltr'>Egone</span> <span class='ocrx_word' id='word_1_185' title='bbox 820 3343 924 3427; x_wconf 90' lang='lat' dir='ltr'>igitur</span> <span class='ocrx_word' id='word_1_186' title='bbox 942 3340 1091 3405; x_wconf 89' lang='lat' dir='ltr'>damnavi</span> <span class='ocrx_word' id='word_1_187' title='bbox 1114 3361 1194 3425; x_wconf 87' lang='lat' dir='ltr'>quoe</span> <span class='ocrx_word' id='word_1_188' title='bbox 1216 3361 1279 3405; x_wconf 91' lang='lat' dir='ltr'>nou</span> <span class='ocrx_word' id='word_1_189' title='bbox 1302 3337 1551 3426; x_wconf 79' lang='lat' dir='ltr'>intellegebam?</span> <span class='ocrx_word' id='word_1_190' title='bbox 1569 3338 1673 3404; x_wconf 94' lang='lat' dir='ltr'>Immo</span> <span class='ocrx_word' id='word_1_191' title='bbox 1691 3338 1826 3406; x_wconf 90' lang='lat' dir='ltr'>Roemer</span> 
     </span>
     <span class='ocr_line' id='line_1_24' title="bbox 642 3446 1826 3531; baseline -0.003 -17"><span class='ocrx_word' id='word_1_192' title='bbox 642 3451 738 3514; x_wconf 86' lang='lat' dir='ltr'>verba</span> <span class='ocrx_word' id='word_1_193' title='bbox 761 3449 878 3513; x_wconf 90' lang='lat' dir='ltr'>tradita</span> <span class='ocrx_word' id='word_1_194' title='bbox 901 3448 1083 3525; x_wconf 76' lang='lat' dir='ltr'>damnavit,</span> <span class='ocrx_word' id='word_1_195' title='bbox 1106 3467 1182 3510; x_wconf 89' lang='lat' dir='ltr'>nam</span> <span class='ocrx_word' id='word_1_196' title='bbox 1204 3446 1390 3531; x_wconf 89' lang='lat' dir='ltr'>corrigenda</span> <span class='ocrx_word' id='word_1_197' title='bbox 1413 3446 1515 3510; x_wconf 86' lang='lat' dir='ltr'>duxit.</span> <span class='ocrx_word' id='word_1_198' title='bbox 1544 3446 1694 3511; x_wconf 90' lang='lat' dir='ltr'>Nondum</span> <span class='ocrx_word' id='word_1_199' title='bbox 1717 3454 1826 3512; x_wconf 85' lang='lat' dir='ltr'>autem</span> 
     </span>
     <span class='ocr_line' id='line_1_25' title="bbox 641 3551 1825 3641; baseline -0.001 -21"><span class='ocrx_word' id='word_1_200' title='bbox 641 3577 831 3641; x_wconf 86' lang='lat' dir='ltr'>persuasum</span> <span class='ocrx_word' id='word_1_201' title='bbox 861 3555 942 3618; x_wconf 91' lang='lat' dir='ltr'>mihi</span> <span class='ocrx_word' id='word_1_202' title='bbox 972 3560 1019 3619; x_wconf 89' lang='lat' dir='ltr'>ast</span> <span class='ocrx_word' id='word_1_203' title='bbox 1052 3575 1125 3618; x_wconf 92' lang='lat' dir='ltr'>eum</span> <span class='ocrx_word' id='word_1_204' title='bbox 1157 3556 1227 3617; x_wconf 89' lang='lat' dir='ltr'>iure</span> <span class='ocrx_word' id='word_1_205' title='bbox 1257 3558 1416 3630; x_wconf 84' lang='lat' dir='ltr'>mutasse,</span> <span class='ocrx_word' id='word_1_206' title='bbox 1447 3573 1550 3637; x_wconf 89' lang='lat' dir='ltr'>neque</span> <span class='ocrx_word' id='word_1_207' title='bbox 1572 3555 1649 3617; x_wconf 88' lang='lat' dir='ltr'>satis</span> <span class='ocrx_word' id='word_1_208' title='bbox 1672 3551 1825 3639; x_wconf 89' lang='lat' dir='ltr'>intellego</span> 
     </span>
     <span class='ocr_line' id='line_1_26' title="bbox 642 3663 966 3727; baseline -0.006 -1"><span class='ocrx_word' id='word_1_209' title='bbox 642 3663 739 3727; x_wconf 81' lang='lat' dir='ltr'>rerba</span> <span class='ocrx_word' id='word_1_210' title='bbox 764 3665 808 3727; x_wconf 88' lang='lat' dir='ltr'>sic</span> <span class='ocrx_word' id='word_1_211' title='bbox 831 3666 966 3725; x_wconf 89' lang='lat' dir='ltr'>mutata.</span> 
     </span>
    </p>

    <p class='ocr_par' dir='ltr' id='par_1_5' title="bbox 635 3764 1916 5023">
     <span class='ocr_line' id='line_1_27' title="bbox 688 3764 1825 3852; baseline -0.003 -20"><span class='ocrx_word' id='word_1_212' title='bbox 688 3768 810 3852; x_wconf 90' lang='lat' dir='ltr'>Nempe</span> <span class='ocrx_word' id='word_1_213' title='bbox 834 3768 911 3832; x_wconf 90' lang='lat' dir='ltr'>haec</span> <span class='ocrx_word' id='word_1_214' title='bbox 934 3771 982 3831; x_wconf 86' lang='lat' dir='ltr'>est</span> <span class='ocrx_word' id='word_1_215' title='bbox 1005 3787 1063 3830; x_wconf 91' lang='lat' dir='ltr'>res.</span> <span class='ocrx_word' id='word_1_216' title='bbox 1089 3764 1199 3831; x_wconf 81' lang='lat' dir='ltr'>Sicubi</span> <span class='ocrx_word' id='word_1_217' title='bbox 1222 3764 1373 3829; x_wconf 77' lang='grc' dir='ltr'><em>κνώδαλον</em></span> <span class='ocrx_word' id='word_1_218' title='bbox 1395 3786 1459 3830; x_wconf 86' lang='lat' dir='ltr'>vox</span> <span class='ocrx_word' id='word_1_219' title='bbox 1481 3766 1581 3829; x_wconf 88' lang='lat' dir='ltr'>rarior</span> <span class='ocrx_word' id='word_1_220' title='bbox 1604 3767 1750 3842; x_wconf 87' lang='lat' dir='ltr'>occurrit,</span> <span class='ocrx_word' id='word_1_221' title='bbox 1774 3785 1825 3850; x_wconf 82' lang='lat' dir='ltr'>ap</span> 
     </span>
     <span class='ocr_line' id='line_1_28' title="bbox 641 3870 1827 3962; baseline -0.004 -22"><span class='ocrx_word' id='word_1_222' title='bbox 641 3878 732 3962; x_wconf 89' lang='lat' dir='ltr'>pingi</span> <span class='ocrx_word' id='word_1_223' title='bbox 765 3874 843 3939; x_wconf 89' lang='lat' dir='ltr'>solet</span> <span class='ocrx_word' id='word_1_224' title='bbox 873 3882 968 3938; x_wconf 89' lang='lat' dir='ltr'>notus</span> <span class='ocrx_word' id='word_1_225' title='bbox 996 3872 1051 3937; x_wconf 92' lang='lat' dir='ltr'>ille</span> <span class='ocrx_word' id='word_1_226' title='bbox 1082 3871 1216 3937; x_wconf 91' lang='lat' dir='ltr'>Homeri</span> <span class='ocrx_word' id='word_1_227' title='bbox 1244 3871 1351 3949; x_wconf 82' lang='lat' dir='ltr'>locus,</span> <span class='ocrx_word' id='word_1_228' title='bbox 1383 3872 1439 3936; x_wconf 92' lang='lat' dir='ltr'>ubi</span> <span class='ocrx_word' id='word_1_229' title='bbox 1469 3873 1557 3936; x_wconf 88' lang='lat' dir='ltr'>canis</span> <span class='ocrx_word' id='word_1_230' title='bbox 1579 3871 1687 3958; x_wconf 84' lang='lat' dir='ltr'>Argus</span> <span class='ocrx_word' id='word_1_231' title='bbox 1710 3870 1827 3935; x_wconf 88' lang='lat' dir='ltr'>dicitur</span> 
     </span>
     <span class='ocr_line' id='line_1_29' title="bbox 642 3975 1826 4067; baseline -0.004 -22"><span class='ocrx_word' id='word_1_232' title='bbox 642 3980 805 4067; x_wconf 89' lang='lat' dir='ltr'>quodlibet</span> <span class='ocrx_word' id='word_1_233' title='bbox 829 3978 982 4044; x_wconf 73' lang='grc' dir='ltr'><em>κνώδαλον</em></span> <span class='ocrx_word' id='word_1_234' title='bbox 1005 4000 1099 4043; x_wconf 91' lang='lat' dir='ltr'>cursu</span> <span class='ocrx_word' id='word_1_235' title='bbox 1124 3976 1201 4043; x_wconf 93' lang='lat' dir='ltr'>olim</span> <span class='ocrx_word' id='word_1_236' title='bbox 1224 3978 1321 4042; x_wconf 88' lang='lat' dir='ltr'>fuisse</span> <span class='ocrx_word' id='word_1_237' title='bbox 1345 3982 1523 4054; x_wconf 59' lang='lat' dir='ltr'>assecutum</span> <span class='ocrx_word' id='word_1_238' title='bbox 1544 3977 1616 4041; x_wconf 91' lang='lat' dir='ltr'>dein</span> <span class='ocrx_word' id='word_1_239' title='bbox 1640 3975 1678 4041; x_wconf 89' lang='lat' dir='ltr'>ds</span> <span class='ocrx_word' id='word_1_240' title='bbox 1702 3979 1826 4062; x_wconf 87' lang='lat' dir='ltr'>origine</span> 
     </span>
     <span class='ocr_line' id='line_1_30' title="bbox 642 4082 1825 4171; baseline -0.007 -17"><span class='ocrx_word' id='word_1_241' title='bbox 642 4091 728 4155; x_wconf 85' lang='lat' dir='ltr'>vocis</span> <span class='ocrx_word' id='word_1_242' title='bbox 749 4085 869 4171; x_wconf 88' lang='lat' dir='ltr'>aliquid</span> <span class='ocrx_word' id='word_1_243' title='bbox 890 4084 970 4150; x_wconf 87' lang='lat' dir='ltr'>solet</span> <span class='ocrx_word' id='word_1_244' title='bbox 989 4084 1071 4149; x_wconf 90' lang='lat' dir='ltr'>addi.</span> <span class='ocrx_word' id='word_1_245' title='bbox 1096 4083 1149 4149; x_wconf 83' lang='lat' dir='ltr'>Sic</span> <span class='ocrx_word' id='word_1_246' title='bbox 1172 4086 1205 4147; x_wconf 94' lang='lat' dir='ltr'>in</span> <span class='ocrx_word' id='word_1_247' title='bbox 1228 4082 1355 4149; x_wconf 80' lang='lat' dir='ltr'>scholiis</span> <span class='ocrx_word' id='word_1_248' title='bbox 1379 4083 1417 4149; x_wconf 91' lang='lat' dir='ltr'>ad</span> <span class='ocrx_word' id='word_1_249' title='bbox 1438 4083 1608 4166; x_wconf 88' lang='lat' dir='ltr'>[Platonis]</span> <span class='ocrx_word' id='word_1_250' title='bbox 1628 4083 1825 4162; x_wconf 78' lang='lat' dir='ltr'>Aniochum‚</span> 
     </span>
     <span class='ocr_line' id='line_1_31' title="bbox 635 4189 1826 4269; baseline -0.005 -9"><span class='ocrx_word' id='word_1_251' title='bbox 635 4197 697 4260; x_wconf 84' lang='lat' dir='ltr'>&#39;ubi</span> <span class='ocrx_word' id='word_1_252' title='bbox 721 4193 853 4259; x_wconf 85' lang='lat' dir='ltr'>cadaver</span> <span class='ocrx_word' id='word_1_253' title='bbox 877 4194 919 4264; x_wconf 83' lang='grc' dir='ltr'>είς</span> <span class='ocrx_word' id='word_1_254' title='bbox 943 4193 1037 4265; x_wconf 77' lang='grc' dir='ltr'><em>εώλίις</em></span> <span class='ocrx_word' id='word_1_255' title='bbox 1062 4191 1113 4254; x_wconf 86' lang='grc' dir='ltr'>καί</span> <span class='ocrx_word' id='word_1_256' title='bbox 1138 4192 1281 4256; x_wconf 79' lang='grc' dir='ltr'><em>κνώδαλα</em></span> <span class='ocrx_word' id='word_1_257' title='bbox 1301 4191 1519 4269; x_wconf 71' lang='grc' dir='ltr'><em>μεταβάλλειν</em></span> <span class='ocrx_word' id='word_1_258' title='bbox 1537 4190 1664 4266; x_wconf 90' lang='lat' dir='ltr'>dicitur,</span> <span class='ocrx_word' id='word_1_259' title='bbox 1685 4189 1826 4255; x_wconf 86' lang='lat' dir='ltr'>scholion</span> 
     </span>
     <span class='ocr_line' id='line_1_32' title="bbox 641 4294 1827 4385; baseline -0.006 -19"><span class='ocrx_word' id='word_1_260' title='bbox 641 4305 687 4367; x_wconf 93' lang='lat' dir='ltr'>ait</span> <span class='ocrx_word' id='word_1_261' title='bbox 718 4300 860 4365; x_wconf 88' lang='grc' dir='ltr'><em>κνώδαλα</em></span> <span class='ocrx_word' id='word_1_262' title='bbox 893 4302 1018 4385; x_wconf 90' lang='lat' dir='ltr'>proprie</span> <span class='ocrx_word' id='word_1_263' title='bbox 1042 4320 1109 4364; x_wconf 88' lang='lat' dir='ltr'>esse</span> <span class='ocrx_word' id='word_1_264' title='bbox 1134 4299 1286 4363; x_wconf 88' lang='grc' dir='ltr'><em>κινώίαλα</em></span> <span class='ocrx_word' id='word_1_265' title='bbox 1310 4301 1378 4364; x_wconf 86' lang='lat' dir='ltr'>sive</span> <span class='ocrx_word' id='word_1_266' title='bbox 1401 4299 1443 4361; x_wconf 77' lang='grc' dir='ltr'>σίι</span> <span class='ocrx_word' id='word_1_267' title='bbox 1468 4299 1496 4360; x_wconf 78' lang='grc' dir='ltr'>ἕν</span> <span class='ocrx_word' id='word_1_268' title='bbox 1519 4296 1573 4361; x_wconf 79' lang='grc' dir='ltr'><em>σίλί</em></span> <span class='ocrx_word' id='word_1_269' title='bbox 1598 4294 1768 4374; x_wconf 82' lang='grc' dir='ltr'><em>κινούμενα,</em></span> <span class='ocrx_word' id='word_1_270' title='bbox 1794 4301 1827 4361; x_wconf 91' lang='lat' dir='ltr'>et</span> 
     </span>
     <span class='ocr_line' id='line_1_33' title="bbox 642 4401 1825 4494; baseline -0.005 -22"><span class='ocrx_word' id='word_1_271' title='bbox 642 4409 839 4494; x_wconf 83' lang='lat' dir='ltr'>Lysistratae</span> <span class='ocrx_word' id='word_1_272' title='bbox 872 4405 928 4472; x_wconf 93' lang='lat' dir='ltr'>illo</span> <span class='ocrx_word' id='word_1_273' title='bbox 962 4406 1031 4471; x_wconf 90' lang='lat' dir='ltr'>loco</span> <span class='ocrx_word' id='word_1_274' title='bbox 1066 4408 1145 4471; x_wconf 90' lang='lat' dir='ltr'>item</span> <span class='ocrx_word' id='word_1_275' title='bbox 1181 4406 1333 4471; x_wconf 87' lang='lat' dir='ltr'>dicuntur</span> <span class='ocrx_word' id='word_1_276' title='bbox 1363 4406 1404 4469; x_wconf 79' lang='grc' dir='ltr'>σοὶ</span> <span class='ocrx_word' id='word_1_277' title='bbox 1437 4404 1467 4468; x_wconf 85' lang='grc' dir='ltr'>ἓν</span> <span class='ocrx_word' id='word_1_278' title='bbox 1497 4412 1535 4481; x_wconf 72' lang='grc' dir='ltr'>τῇ</span> <span class='ocrx_word' id='word_1_279' title='bbox 1566 4401 1620 4467; x_wconf 74' lang='lat' dir='ltr'>aial</span> <span class='ocrx_word' id='word_1_280' title='bbox 1652 4401 1825 4476; x_wconf 79' lang='grc' dir='ltr'><em>κινούμενα.</em></span> 
     </span>
     <span class='ocr_line' id='line_1_34' title="bbox 642 4508 1827 4600; baseline -0.006 -21"><span class='ocrx_word' id='word_1_281' title='bbox 642 4515 841 4600; x_wconf 82' lang='lat' dir='ltr'>Quapropter</span> <span class='ocrx_word' id='word_1_282' title='bbox 863 4516 996 4578; x_wconf 89' lang='lat' dir='ltr'>minime</span> <span class='ocrx_word' id='word_1_283' title='bbox 1022 4515 1117 4578; x_wconf 93' lang='lat' dir='ltr'>miror</span> <span class='ocrx_word' id='word_1_284' title='bbox 1138 4512 1285 4597; x_wconf 89' lang='lat' dir='ltr'>equidem</span> <span class='ocrx_word' id='word_1_285' title='bbox 1306 4511 1389 4597; x_wconf 92' lang='lat' dir='ltr'>quod</span> <span class='ocrx_word' id='word_1_286' title='bbox 1413 4517 1520 4576; x_wconf 85' lang='lat' dir='ltr'>nostro</span> <span class='ocrx_word' id='word_1_287' title='bbox 1544 4531 1667 4595; x_wconf 90' lang='lat' dir='ltr'>quoqne</span> <span class='ocrx_word' id='word_1_288' title='bbox 1689 4508 1758 4574; x_wconf 93' lang='lat' dir='ltr'>loco</span> <span class='ocrx_word' id='word_1_289' title='bbox 1780 4510 1827 4573; x_wconf 91' lang='lat' dir='ltr'>in-</span> 
     </span>
     <span class='ocr_line' id='line_1_35' title="bbox 643 4613 1826 4707; baseline -0.004 -23"><span class='ocrx_word' id='word_1_290' title='bbox 643 4621 767 4685; x_wconf 91' lang='lat' dir='ltr'>dicatur</span> <span class='ocrx_word' id='word_1_291' title='bbox 798 4626 944 4707; x_wconf 84' lang='lat' dir='ltr'>etymon:</span> <span class='ocrx_word' id='word_1_292' title='bbox 977 4622 1081 4704; x_wconf 87' lang='lat' dir='ltr'>magis</span> <span class='ocrx_word' id='word_1_293' title='bbox 1111 4621 1244 4684; x_wconf 89' lang='lat' dir='ltr'>mirarer</span> <span class='ocrx_word' id='word_1_294' title='bbox 1273 4622 1301 4683; x_wconf 91' lang='lat' dir='ltr'>si</span> <span class='ocrx_word' id='word_1_295' title='bbox 1333 4619 1370 4683; x_wconf 89' lang='lat' dir='ltr'>de</span> <span class='ocrx_word' id='word_1_296' title='bbox 1401 4638 1438 4682; x_wconf 92' lang='lat' dir='ltr'>ea</span> <span class='ocrx_word' id='word_1_297' title='bbox 1468 4638 1501 4681; x_wconf 88' lang='lat' dir='ltr'>re</span> <span class='ocrx_word' id='word_1_298' title='bbox 1525 4620 1689 4681; x_wconf 84' lang='lat' dir='ltr'>taceretur.</span> <span class='ocrx_word' id='word_1_299' title='bbox 1722 4613 1826 4694; x_wconf 85' lang='lat' dir='ltr'>Quam</span> 
     </span>
     <span class='ocr_line' id='line_1_36' title="bbox 642 4724 1916 4813; baseline -0.005 -21"><span class='ocrx_word' id='word_1_300' title='bbox 642 4730 887 4813; x_wconf 86' lang='lat' dir='ltr'>originationem</span> <span class='ocrx_word' id='word_1_301' title='bbox 919 4726 1002 4810; x_wconf 92' lang='lat' dir='ltr'>quod</span> <span class='ocrx_word' id='word_1_302' title='bbox 1035 4725 1103 4790; x_wconf 81' lang='lat' dir='ltr'>dixi</span> <span class='ocrx_word' id='word_1_303' title='bbox 1132 4725 1318 4800; x_wconf 87' lang='lat' dir='ltr'>absurdam,</span> <span class='ocrx_word' id='word_1_304' title='bbox 1342 4745 1405 4788; x_wconf 90' lang='lat' dir='ltr'>non</span> <span class='ocrx_word' id='word_1_305' title='bbox 1430 4744 1539 4788; x_wconf 85' lang='lat' dir='ltr'>vereor</span> <span class='ocrx_word' id='word_1_306' title='bbox 1561 4744 1600 4787; x_wconf 89' lang='lat' dir='ltr'>ne</span> <span class='ocrx_word' id='word_1_307' title='bbox 1623 4724 1695 4807; x_wconf 89' lang='lat' dir='ltr'>quis</span> <span class='ocrx_word' id='word_1_308' title='bbox 1717 4732 1827 4787; x_wconf 90' lang='lat' dir='ltr'>contra</span> <span class='ocrx_word' id='word_1_309' title='bbox 1914 4789 1916 4794; x_wconf 74' lang='grc'>,</span> 
     </span>
     <span class='ocr_line' id='line_1_37' title="bbox 643 4828 1826 4915; baseline -0.003 -18"><span class='ocrx_word' id='word_1_310' title='bbox 643 4834 740 4912; x_wconf 89' lang='lat' dir='ltr'>dicat;</span> <span class='ocrx_word' id='word_1_311' title='bbox 777 4833 831 4898; x_wconf 90' lang='lat' dir='ltr'>sed</span> <span class='ocrx_word' id='word_1_312' title='bbox 861 4832 962 4897; x_wconf 90' lang='lat' dir='ltr'>nihilo</span> <span class='ocrx_word' id='word_1_313' title='bbox 996 4840 1044 4896; x_wconf 89' lang='lat' dir='ltr'>est</span> <span class='ocrx_word' id='word_1_314' title='bbox 1079 4831 1244 4896; x_wconf 91' lang='lat' dir='ltr'>absurdior</span> <span class='ocrx_word' id='word_1_315' title='bbox 1276 4851 1373 4915; x_wconf 91' lang='lat' dir='ltr'>quam</span> <span class='ocrx_word' id='word_1_316' title='bbox 1405 4836 1480 4895; x_wconf 87' lang='lat' dir='ltr'>sunt</span> <span class='ocrx_word' id='word_1_317' title='bbox 1508 4828 1584 4895; x_wconf 86' lang='lat' dir='ltr'>illae</span> <span class='ocrx_word' id='word_1_318' title='bbox 1615 4829 1698 4908; x_wconf 74' lang='grc' dir='ltr'>παρὰ</span> <span class='ocrx_word' id='word_1_319' title='bbox 1731 4828 1765 4893; x_wconf 84' lang='grc' dir='ltr'>τί</span> <span class='ocrx_word' id='word_1_320' title='bbox 1796 4830 1826 4894; x_wconf 84' lang='grc' dir='ltr'>ίν</span> 
     </span>
     <span class='ocr_line' id='line_1_38' title="bbox 642 4936 1826 5023; baseline -0.003 -16"><span class='ocrx_word' id='word_1_321' title='bbox 642 4942 784 5023; x_wconf 60' lang='lat' dir='ltr'>tastu„</span> <span class='ocrx_word' id='word_1_322' title='bbox 815 4939 866 5006; x_wconf 89' lang='lat' dir='ltr'>vel</span> <span class='ocrx_word' id='word_1_323' title='bbox 894 4942 923 5005; x_wconf 83' lang='grc' dir='ltr'>ἐν</span> <span class='ocrx_word' id='word_1_324' title='bbox 948 4949 985 5021; x_wconf 68' lang='grc' dir='ltr'>τῇ</span> <span class='ocrx_word' id='word_1_325' title='bbox 1010 4938 1064 5003; x_wconf 71' lang='grc' dir='ltr'>ἁλί</span> <span class='ocrx_word' id='word_1_326' title='bbox 1089 4938 1234 5003; x_wconf 84' lang='grc' dir='ltr'><em>κινεῖσίαι</em></span> <span class='ocrx_word' id='word_1_327' title='bbox 1258 4936 1312 5005; x_wconf 85' lang='lat' dir='ltr'>vel</span> <span class='ocrx_word' id='word_1_328' title='bbox 1334 4940 1430 5004; x_wconf 87' lang='lat' dir='ltr'>etiam</span> <span class='ocrx_word' id='word_1_329' title='bbox 1455 4937 1605 5016; x_wconf 83' lang='grc' dir='ltr'><em>κνώσσειν,</em></span> <span class='ocrx_word' id='word_1_330' title='bbox 1630 4974 1672 4986; x_wconf 94' lang='lat'>—-</span> <span class='ocrx_word' id='word_1_331' title='bbox 1696 4958 1768 5003; x_wconf 88' lang='lat' dir='ltr'>nam</span> <span class='ocrx_word' id='word_1_332' title='bbox 1791 4937 1826 5003; x_wconf 91' lang='lat' dir='ltr'>id</span> 
     </span>
    </p>
   </div>
   <div class='ocr_carea' id='block_1_4' title="bbox 0 0 2573 6148">
    <p class='ocr_par' dir='ltr' id='par_1_6' title="bbox 0 0 2573 6148">
     <span class='ocr_line' id='line_1_39' title="bbox 0 0 2573 6148; baseline 0 0"><span class='ocrx_word' id='word_1_333' title='bbox 0 0 2573 6148; x_wconf 95' lang='lat' dir='ltr'> </span> 
     </span>
    </p>
   </div>
  </div>
 </body>
</html>
