5125 6150
1046 841 1088 888 uu
1111 843 1186 888 ruer
1210 839 1347 888 nouiuo.
1726 821 1788 886 321

600 1014 633 1074 in
666 1007 797 1093 Ulpiani
827 1009 1056 1072 commentario
1087 1005 1229 1092 (Paling.
1255 1001 1458 1083 raa-784).
1490 1002 1534 1067 Ut
1558 1024 1627 1067 eoae
1651 1002 1672 1067 l.
1699 1002 1719 1067 2
1744 1025 1791 1087 pr.

601 1116 738 1179 seribere
770 1115 825 1197 qui
857 1115 963 1197 potuit
995 1112 1161 1175 arbitraria
1193 1111 1271 1176 aetio
1304 1110 1458 1194 utriusque
1481 1109 1644 1172 utilitatem
1663 1109 1794 1172 eontinet

601 1227 673 1295 sto,
696 1217 793 1304 paulo
817 1225 889 1301 post
912 1220 943 1301 (ς
956 1217 991 1296 8)
1015 1218 1311 1292 demonstraturus,
1336 1236 1433 1301 quam
1456 1217 1500 1279 sit
1522 1215 1555 1280 id
1577 1218 1685 1300 ipsum
1705 1216 1795 1280 dubi-

601 1327 733 1390 tationis
757 1320 910 1407 plenum?
934 1322 996 1401 Qui
1020 1322 1132 1387 deinde
1155 1320 1178 1386 l.
1203 1322 1224 1386 2
1248 1321 1298 1405 §1
1323 1321 1404 1386 hano
1428 1323 1587 1386 actionem
1610 1345 1646 1384 er
1668 1323 1793 1403 stipul-

601 1431 682 1493 tione
710 1429 851 1508 menime),
883 1449 983 1513 quum
1016 1430 1059 1492 sit
1089 1449 1107 1492 a
1136 1433 1279 1512 praetore
1304 1425 1485 1490 introducta
1501 1424 1544 1507 ¹)i
1567 1426 1654 1513 Ergo
1678 1428 1796 1492 canoel·

601 1535 697 1600 landa
727 1542 802 1599 sunt
832 1556 879 1618 pr.
904 1541 936 1598 et
960 1534 1021 1617 §L
1047 1533 1137 1612 Quod
1160 1536 1321 1618 sequitur:
1345 1532 1373 1594 ei
1395 1532 1463 1616 quie
1485 1533 1600 1613 Ephesi
1623 1535 1718 1597 decem
1742 1541 1795 1597 aut

608 1643 727 1722 Capuae
749 1641 891 1703 hominem
914 1641 985 1702 dari
1006 1640 1171 1722 atipulatue
1194 1639 1367 1720 experiatur
1388 1640 1567 1724 genuinum
1591 1644 1656 1716 ost,
1677 1642 1795 1724 quippe

604 1769 667 1832 quo
690 1749 869 1810 remittitur
893 1744 943 1829 §3
968 1752 1035 1824 (vv.
1060 1747 1093 1808 in
1111 1745 1297 1827 proponite);
1319 1744 1618 1829 reliquampartem
1640 1745 1691 1828 §2
1712 1750 1795 1810 stare

603 1875 665 1918 non
696 1874 788 1938 posse
819 1873 952 1937 sequens
976 1852 1121 1930 efficito.
1146 1851 1182 1915 In
1206 1854 1276 1935 ipsa
1300 1850 1351 1934 §3
1375 1853 1516 1936 genuina
1538 1873 1602 1915 non
1626 1851 1793 1916 uidentur:

603 1962 707 2022 domus
730 1959 825 2039 ipitur
848 1958 942 2021 actori
961 1959 1129 2021 electionem
1141 1956 1312 2038 petitionis.
1339 1956 1450 2021 Nihilo
1470 1959 1578 2020 minus
1597 1964 1645 2022 est
1665 1958 1796 2023 evidens

603 2063 764 2131 emblema
794 2066 828 2127 in
858 2062 932 2147 §73
963 2064 1042 2127 idem
1072 2063 1214 2126 Iulianus
1244 2069 1372 2140 tractat,
1405 2087 1444 2125 ou
1475 2063 1502 2126 ia
1526 2063 1578 2147 qui
1601 2064 1714 2145 Ilpleeei
1737 2064 1796 2126 oili

604 2179 656 2233 aut
682 2170 759 2233 litio
783 2169 854 2232 dori
876 2169 1042 2251 stipulatus
1066 2177 1125 2246 eet,
1153 2170 1181 2231 ei
1204 2169 1280 2231 aliti
1307 2168 1385 2231 litio
1409 2168 1553 2245 eolootur,
1577 2169 1675 2231 nihilo
1699 2169 1796 2232 minue

599 2278 699 2359 poerit
722 2276 876 2338 intendere
899 2276 957 2338 aiot
980 2275 1051 2338 dari
1075 2281 1216 2356 oportere.
1249 2281 1277 2337 et
1301 2273 1442 2337 Iulianus
1465 2274 1569 2337 eerilit
1592 2275 1793 2338 liberationem

605 2405 663 2445 non
686 2381 843 2461 eontipieae
866 2388 954 2464 atque
976 2381 1043 2443 ideo
1060 2402 1149 2461 posue
1169 2379 1233 2460 peti
1256 2381 1336 2463 quod
1357 2379 1489 2443 intereat.
1509 2380 1679 2443 Marcellae
1698 2388 1795 2444 autem

605 2496 633 2550 et
668 2487 748 2549 aliae
783 2493 894 2549 traetat
924 2493 953 2548 et
983 2487 1066 2567 opud
1095 2485 1250 2548 Iulianum
1279 2491 1364 2547 notat
1392 2506 1476 2565 poree
1508 2485 1570 2546 diei
1594 2488 1640 2566 [at
1664 2488 1690 2549 si
1714 2486 1796 2549 mihi

605 2593 682 2657 alibi
713 2591 871 2674 solvatur]
903 2591 1107 2655 liberationem
1136 2591 1294 2671 eontipioee
1324 2592 1485 2675 [quamvis
1508 2592 1632 2656 invitus
1656 2594 1796 2676 accipere

605 2720 667 2762 non
691 2701 815 2783 cogar]:
834 2697 931 2778 plane
953 2699 981 2760 ei
1003 2720 1060 2760 non
1084 2697 1208 2776 eontipit
1231 2697 1381 2772 liberatio,
1408 2697 1564 2759 dicendum
1582 2698 1627 2759 ait
1645 2719 1796 2779 eupereeee

602 2804 774 2886 petitionem
798 2804 931 2883 inteproe
953 2825 1089 2880 summae,
1114 2803 1354 2886 quemadmodum
1378 2808 1436 2866 oto.
1463 2801 1549 2880 Quae
1574 2805 1720 2886 sequitur
1743 2803 1794 2886 §8

604 2913 747 2973 maxima
765 2908 894 2992 quidem
915 2911 965 2972 sui
985 2916 1074 2993 parte
1093 2910 1233 2993 genuina
1252 2915 1310 2973 est.
1338 2909 1488 2972 Attamen
1501 2911 1677 2994 eogitarins
1689 2914 1795 2993 potest

604 3017 739 3080 aetionis
762 3016 947 3081 arbitrariae
966 3012 1121 3091 formula,
1142 3035 1222 3099 quae
1241 3017 1407 3100 permittat
1426 3013 1525 3080 iudioi
1543 3017 1716 3099 quantitati
1732 3037 1796 3079 omn

605 3130 719 3184 tractus
740 3119 880 3187 servire?
903 3120 1000 3185 Putat
1024 3120 1152 3205 quidem
1174 3120 1272 3186 Lenel
1295 3124 1342 3200 (in
1365 3121 1482 3200 edicto)
1506 3120 1604 3185 talem
1629 3141 1647 3184 a
1671 3142 1703 3185 se
1726 3143 1795 3205 pro-

605 3231 742 3314 positam
756 3226 791 3307 ³)‚
811 3227 866 3292 sed
887 3228 1056 3292 manifesto
1074 3239 1166 3292 errat.
1192 3227 1250 3291 Est
1270 3230 1356 3291 enim
1372 3226 1468 3312 longe
1480 3224 1568 3291 aliud
1581 3230 1795 3311 quantitatem

604 3355 747 3410 servare,
780 3332 867 3397 aliud
891 3333 1057 3418 quantitati
1079 3334 1191 3396 servire
1203 3333 1239 3413 ⁴).
1265 3332 1391 3395 Vitium
1414 3332 1490 3396 haec
1514 3352 1639 3416 quoque
1664 3338 1794 3397 sonant:

603 3448 637 3502 ut
659 3440 687 3501 ei
711 3439 902 3525 interfuisset
925 3439 970 3501 rei
994 3439 1108 3520 Epleei
1125 3439 1230 3520 potius
1252 3439 1366 3500 soluere
1388 3460 1474 3522 quom
1497 3459 1532 3500 eo
1558 3438 1620 3501 loeo
1647 3460 1704 3523 quo
1731 3461 1796 3502 eon-

603 3546 777 3608 oenielatur
794 3546 873 3608 ratio
895 3546 959 3608 eine
978 3547 1137 3607 laberetur
1157 3551 1188 3609 et
1209 3543 1306 3629 paulo
1328 3549 1397 3628 post
1419 3543 1452 3605 iu
1471 3543 1548 3605 luno
1560 3543 1586 3623 5)
1599 3544 1795 3607 arbitrariam

604 3652 683 3735 quod
704 3651 851 3736 interfuit
870 3651 967 3713 ueniet
986 3650 1149 3735 etquidem
1169 3650 1253 3712 ultra
1270 3650 1434 3729 lepitimum
1453 3650 1568 3712 medum
1587 3672 1744 3713 usurarum
1758 3651 1794 3728 t').

604 3757 712 3820 Etiam
746 3754 768 3819 l.
802 3755 821 3818 4
853 3778 901 3841 pr.
934 3754 1163 3820 Tritonianum
1199 3775 1368 3841 agnoscere
1403 3754 1486 3818 mihi
1515 3754 1642 3819 videor:
1668 3756 1747 3839 quod
1768 3756 1796 3817 ei

606 3862 718 3943 Ephesi
741 3868 871 3942 petetur,
904 3862 970 3942 ipea
993 3862 1058 3924 eolo
1081 3884 1191 3924 mmma
1210 3868 1332 3942 petetur
1356 3863 1426 3942 [neo
1449 3858 1590 3944 amplius
1615 3859 1709 3943 quid,
1734 3863 1796 3923 nisi

604 3970 631 4031 si
667 3966 743 4050 quid
780 3971 862 4030 esset
895 3966 1070 4051 stipulatus
1104 3966 1157 4031 vel
1191 3969 1218 4030 si
1254 3968 1407 4052 temporis
1440 3964 1566 4031 utilitas
1596 3968 1794 4047 intervenit}

604 4072 703 4136 Plane
734 4093 845 4136 eorum
876 4093 956 4155 quae
987 4071 1178 4156 praecedunt
1207 4072 1462 4157 interpolationis
1491 4070 1608 4135 indicia
1632 4069 1802 4135 cumulare-

605 4199 839 4263 supervaeuum
870 4178 965 4255 duxi,
996 4181 1072 4262 quia
1094 4179 1230 4244 arbitror
1252 4179 1367 4244 harum
1390 4198 1498 4242 rerum
1523 4178 1642 4261 peritos
1667 4198 1795 4241 meeum

641 4453 666 4513 I)
685 4451 721 4500 Oi.
740 4452 756 4499 l.
776 4453 786 4499 l
807 4450 838 4499 D.
858 4452 895 4499 13,
905 4454 929 4498 4.

637 4534 665 4596 t)
684 4532 735 4581 lom
753 4532 813 4581 vidit
831 4532 875 4580 hoo
893 4531 969 4579 Gliick
989 4531 1049 4580 XIII
1068 4532 1137 4593 §846
1155 4536 1189 4596 (p.
1207 4533 1273 4591 31]).

638 4616 665 4679 ³)
683 4614 710 4662 P.
730 4615 776 4663 195
801 4614 883 4673 (imo):
911 4615 976 4678 ‚auf
993 4614 1045 4663 eine
1065 4614 1187 4677 derartr'9e
1204 4616 1310 4677 Fuerunp
1327 4615 1390 4663 kann
1407 4615 1502 4678 loropea
1520 4616 1618 4675 werden,
1637 4632 1685 4665 uer
1708 4614 1794 4677 Ulprian

604 4698 629 4745 in
647 4697 677 4745 fr.
695 4698 709 4744 2
729 4698 764 4756 §8
783 4696 833 4743 nt.
852 4695 931 4757 rapt?

635 4780 662 4836 4)
683 4778 745 4840 Ergo
764 4777 811 4826 iarn
828 4792 901 4841 supra
916 4782 1054 4826 contractus
1070 4777 1259 4825 cancellariorum.

639 4862 665 4920 5)
684 4860 748 4906 Nota
764 4859 834 4907 hano.

638 4942 665 5003 o)
684 4940 790 5003 corrigit
807 4940 880 4989 Irenel
899 4943 965 4989 ultra
983 4940 1137 4989 centesimam.
