5125 6150
687 813 752 878 324
1021 829 1186 878 nronrsrus
1208 830 1527 880 afflcmnssmsrs
1556 813 1560 817 ’

561 1061 566 1073 ,
685 999 769 1059 inter
799 994 848 1057 ἐπὶ
879 997 911 1058 et
935 993 997 1057 άπθ
1020 996 1185 1059 interesset
1207 1001 1239 1059 et
1262 997 1402 1080 comperi
1424 1016 1570 1080 personas
1593 995 1781 1082 plerumque
1803 997 1866 1062 dici

686 1100 750 1164 α’τθ
781 1123 876 1176 τινος,
911 1097 980 1163 loca
1010 1120 1084 1164 vero
1116 1101 1168 1163 ε’τί
1197 1123 1276 1171 τινος
1308 1122 1423 1165 nomen
1454 1102 1580 1166 habere.
1611 1102 1710 1167 Pauci
1734 1103 1866 1168 fortasse

685 1205 747 1272 loci
769 1207 1011 1292 refragarentur,
1036 1208 1098 1270 nisi
1121 1206 1183 1270 duo
1206 1212 1311 1272 essent
1329 1207 1470 1291 capital
1495 1205 1537 1272 ¹72
1561 1215 1594 1273 et
1617 1207 1670 1285 73,
1693 1212 1727 1273 in
1750 1211 1866 1294 quibus

685 1315 783 1377 octies
806 1312 882 1376 adeo
904 1315 1068 1375 invenitur
1090 1314 1170 1388 άτί,
1195 1312 1251 1376 ubi
1274 1313 1494 1397 exspectabam
1519 1315 1580 1379 ε’πί.
1610 1311 1761 1379 Ceterum
1785 1319 1865 1380 ratio

685 1422 762 1483 satis
784 1423 922 1483 constat:
949 1418 1104 1482 Πευκέτιοι
1127 1425 1202 1482 sunt
1225 1420 1287 1484 άπὸ
1313 1420 1476 1483 Πευκετίου
1501 1417 1515 1482 Ι
1541 1420 1580 1483 ll
1606 1442 1635 1505 p.
1661 1418 1703 1484 32
1726 1426 1758 1485 et
1781 1420 1796 1484 1
1823 1421 1863 1485 13

684 1546 715 1610 p.
741 1524 794 1600 35,
827 1524 982 1594 Λυκάονες
1013 1524 1074 1588 άπὸ
1106 1524 1261 1595 Λυκάονος
1284 1523 1300 1587 Ι
1325 1524 1365 1587 12
1390 1547 1421 1609 p.
1446 1513 1637 1602 33,”Ιταλο1
1660 1527 1717 1589 άπ·
1740 1528 1863 1591 Ἰταλοῦ

683 1630 699 1694 1
725 1630 765 1692 12
795 1652 826 1714 p.
852 1628 905 1706 34,
936 1631 998 1694 άπὸ
1031 1636 1160 1695 Σικελοῦ
1192 1631 1217 1694 σί
1249 1629 1394 1708 άνθριοτσι
1417 1630 1471 1695 καὶ
1498 1633 1515 1705 η
1540 1637 1625 1703 νῆσος
1648 1630 1663 1694 Ι
1686 1632 1729 1696 22
1752 1657 1783 1718 p.
1809 1631 1862 1709 57,

684 1737 826 1816 Τυρρηνοὶ
857 1736 919 1800 άπὸ
949 1742 1098 1815 Τυρρηνοῦ
1121 1735 1137 1799 Ι
1161 1734 1203 1801 27
1227 1759 1256 1821 p.
1283 1737 1336 1813 70,
1361 1743 1419 1801 cet.
1444 1735 1563 1803 Contra
1587 1737 1726 1806 Αῦσθνισς
1750 1742 1862 1810 κόλπος

685 1842 734 1905 ἐπὶ
767 1847 825 1906 τῦν
853 1842 990 1907 statues
1013 1841 1028 1905 Ι
1054 1843 1091 1906 ll
1117 1863 1147 1927 p.
1173 1841 1226 1919 32,
1251 1844 1417 1922 Τρινακρία
1441 1843 1491 1906 ἐπὶ
1516 1847 1568 1907 τοῦ
1592 1845 1756 1923 σχήματος
1779 1843 1794 1907 Ι
1820 1843 1862 1909 22

685 1971 715 2033 p.
742 1948 794 2026 57,
829 1949 987 2013 Παλάτιον
1017 1951 1066 2012 ἐπὶ
1100 1950 1285 2020 Πάλλαντος
1318 1948 1400 2013 132
1431 1969 1462 2033 p.
1487 1948 1540 2026 83,
1573 1950 1696 2014 Ἰταλία
1728 1950 1777 2013 ἐπὶ
1810 1954 1862 2015 τοῦ

684 2056 795 2134 ταύρου
818 2055 834 2119 Ι
857 2055 899 2119 35
923 2077 953 2140 p.
979 2054 1032 2131 90,
1056 2054 1150 2119 Mons
1173 2052 1300 2121 (laelius
1323 2055 1373 2119 ἐπὶ
1399 2056 1526 2119 Καιλίου
1549 2054 1581 2119 ll
1605 2054 1647 2119 36
1670 2077 1700 2140 p.
1727 2054 1803 2133 313,
1828 2059 1863 2121 τὸ

684 2161 818 2241 Φρούριον
848 2163 898 2224 ἐπὶ
930 2167 982 2225 τοῦ
1013 2165 1156 2235 ποταμοῦ
1181 2162 1337 2241 Κρεμέρα,
1370 2160 1461 2224 ΙΧ5
1493 2184 1525 2246 p.
1555 2159 1651 2238 1781,
1679 2160 1765 2226 alibi.
1798 2163 1864 2227 Nee

684 2270 804 2332 mirum
832 2268 888 2332 has
918 2269 1162 2352 praepositiones
1193 2266 1269 2331 alibi
1300 2266 1385 2331 haud
1414 2270 1460 2330 ita
1488 2287 1558 2331 raro
1580 2267 1725 2332 confusas
1748 2268 1861 2346 fuisse;

678 2375 852 2458 plerumque
889 2379 996 2438 tamen
1030 2373 1200 2437 discrimen
1230 2374 1354 2438 obtinet
1384 2372 1467 2458 quod
1498 2373 1574 2438 dixi.
1617 2373 1694 2438 Rem
1726 2374 1863 2440 ulterius

684 2480 881 2566 indagabunt
905 2480 1020 2564 quibus
1043 2482 1148 2544 maius
1171 2486 1219 2544 est
1243 2482 1358 2544 otium.

728 2693 760 2757 ΙΙ
781 2693 822 2758 18
846 2715 876 2778 p.
896 2691 980 2758 272:
1004 2693 1262 2773 σωφροσύνην
1283 2715 1318 2755 τε
1338 2692 1390 2756 καὶ
1411 2680 1607 2765 δίκαισσιίνην.
1631 2693 1689 2757 list
1707 2698 1862 2760 sententia

685 2799 779 2884 paulo
810 2798 937 2885 longior
967 2820 1062 2884 quarn
1094 2819 1173 2885 quae
1197 2799 1248 2863 hic
1271 2797 1475 2874 describatur,
1500 2799 1555 2863 sed
1578 2799 1661 2883 quod
1685 2801 1860 2884 praeeedit:

685 2910 739 2979 την
771 2907 856 2984 παρά
887 2913 944 2968 τῦν
974 2911 1044 2969 θεῶν
1067 2905 1183 2969 εὔνοιαν
1206 2911 1239 2970 et
1261 2905 1346 2989 quod
1367 2907 1511 2988 sequitur
1534 2908 1589 2979 τὴν
1613 2907 1807 2981 εὐδαιμονίαν
1830 2914 1861 2972 et

594 3098 596 3101 .
684 3012 738 3085 την
771 3010 995 3089 γενναιότητα,
1035 3010 1212 3077 luculenter
1247 3010 1419 3076 ostendunt
1452 3010 1625 3076 articulum
1660 3012 1766 3079 abesse
1800 3035 1860 3077 non

684 3140 775 3205 posse
798 3126 830 3183 et
851 3117 1023 3203 legendum
1047 3140 1128 3201 esse:
1154 3121 1235 3197 (την)
1259 3118 1459 3199 σωφροσύνην.
1485 3116 1665 3183 Sexcenties
1688 3120 1755 3184 vidi
1778 3120 1861 3205 apud

684 3226 877 3312 Dionysium
907 3223 1079 3314 articulum
1108 3226 1146 3289 ab
1170 3223 1309 3288 librariis
1332 3245 1496 3309 perperam
1521 3228 1674 3289 omissum
1699 3247 1783 3303 esse,
1808 3227 1860 3291 sed

684 3332 782 3397 semel
811 3332 870 3396 hoe
900 3332 1015 3395 dixisse
1042 3334 1119 3395 satis
1142 3332 1250 3394 habeo.
1282 3329 1370 3395 Alibi
1395 3329 1476 3394 male
1499 3333 1635 3395 insertus
1658 3332 1736 3409 fuit,
1763 3332 1862 3397 veluti

685 3439 728 3504 Vl
750 3439 791 3505 73
812 3461 841 3524 p.
866 3437 968 3502 1206;
993 3439 1041 3501 τά
1064 3439 1269 3518 φανερώτατα
1292 3444 1324 3501 et
1344 3435 1449 3500 V180
1469 3457 1500 3521 p.
1523 3436 1625 3500 1223:
1645 3438 1712 3501 τὸν
1735 3438 1860 3506 άνὲςιον.

728 3651 760 3715 ll
784 3650 822 3715 19
842 3673 872 3736 p.
895 3651 977 3715 276:
998 3651 1194 3730 περιάγουσιν
1214 3652 1275 3715 άνίο
1294 3653 1348 3722 τίον
1369 3650 1457 3715 πάλιν
1473 3649 1552 3715 οῦτοι
1564 3659 1859 3731 μητραγυρτοῦντες.

684 3756 743 3822 Est
777 3777 888 3843 operae
922 3760 1061 3841 pretium
1097 3757 1135 3821 de
1169 3757 1227 3821 hoc
1259 3756 1326 3822 loco
1358 3756 1454 3840 paulo
1485 3755 1673 3843 diligentius
1697 3779 1861 3843 exponere.

684 3864 808 3929 Laudat
831 3862 1004 3949 Dionysius
1026 3862 1187 3928 Romanos
1209 3863 1293 3947 quod
1316 3861 1419 3927 nullas
1437 3871 1556 3927 norunt
1574 3865 1778 3943 θεοφορήσεις,
1800 3888 1863 3931 non

686 3970 986 4050 κορυβαντιασμούς,
1017 3990 1078 4033 non
1110 3969 1335 4049 άγυρμούς,
1367 3989 1430 4033 non
1461 3968 1621 4049 βακχείας
1653 3973 1863 4045 κα1τελετάς

686 4078 886 4155 ἀπορρήτους,
918 4082 1020 4139 cetera
1051 4074 1083 4138 id
1113 4096 1224 4160 genus.
1254 4074 1417 4158 Imprimis
1442 4074 1629 4139 admirabile
1652 4084 1710 4153 est,
1732 4082 1793 4143 etsi
1816 4086 1865 4144 tot

684 4183 833 4247 barbarae
864 4188 974 4267 gentes
1006 4180 1143 4245 Romam
1173 4180 1380 4245 confluxerint
1407 4184 1440 4244 et
1463 4183 1647 4266 peregrinae
1670 4188 1865 4250 ceremoniae

686 4291 784 4353 etiam
807 4287 915 4351 divino
938 4288 1027 4350 iussu
1051 4294 1193 4371 receptae
1216 4288 1297 4361 sint,
1329 4284 1412 4368 quod
1435 4284 1491 4349 illa
1514 4285 1596 4349 fiunt
1617 4287 1757 4354 Romano
1780 4292 1864 4368 ritu;

686 4398 800 4459 civitas
830 4401 892 4464 τοῖς
924 4393 1034 4465 ἑαυτῆς
1059 4393 1143 4457 αῦτά
1167 4398 1245 4474 τιμᾷ
1271 4394 1406 4467 νομίμοις
1432 4391 1611 4467 ἐκβαλοῦσα
1635 4397 1784 4473 τερθρείαν
1808 4422 1868 4486 μυ-

686 4501 776 4571 θικην.
808 4497 963 4582 Exemplo
994 4504 1069 4562 sunt
1099 4496 1291 4584 Megalesia:
1323 4498 1441 4560 etenim
1471 4496 1609 4583 Magnae
1637 4498 1736 4564 Matri
1760 4504 1866 4575 θυσίας

686 4604 737 4668 καὶ
770 4606 894 4680 άγῦνας
926 4604 1052 4680 άγουσιν
1083 4606 1143 4667 άνά
1171 4607 1234 4667 πάν
1266 4601 1330 4673 ἔπος
1363 4604 1389 4666 σί
1421 4605 1569 4679 ςρατηγσὶ
1593 4608 1678 4669 κατά
1701 4608 1771 4677 τοὺς
1795 4608 1866 4671 Ῥυ-

686 4709 785 4785 μαίοιν
816 4709 939 4787 νόμους,
971 4709 1090 4786 ίερῖιται
1120 4709 1145 4772 θ’
1168 4711 1264 4783 αὐτῆς
1290 4708 1361 4787 άνηρ
1387 4706 1468 4787 Φρὺξ
1491 4710 1542 4772 καὶ
1565 4713 1642 4787 γυνη
1667 4712 1787 4791 Φρυγία
1809 4714 1863 4777 καὶ

686 4813 954 4892 περιάγουσιν
979 4817 1039 4879 άνά
1063 4819 1117 4888 την
1140 4817 1230 4880 πάλιν
1252 4811 1332 4879 οῦτοι
1356 4821 1651 4895 μητραγυρτοῦντες.
1675 4818 1866 4905 Despieatis·

686 4924 804 4987 simum
838 4920 1036 4987 sacerdotum
1069 4943 1171 5007 genus
1206 4923 1327 5007 optime
1359 4922 1507 4986 novimus
1539 4944 1577 4986 ex
1606 4924 1742 5008 Apuleio
1770 4932 1866 4991 etex
