5125 6150
802 805 867 873 178
1305 825 1471 875 usmarus.

844 988 936 1069 512.
968 987 1126 1056 Continuo
1156 993 1317 1075 sequitur:
1349 988 1437 1055 ἅπαν
1467 985 1501 1064 νἰν
1531 991 1655 1069 γύνιροον
1678 991 1791 1071 ἡμέραν
1822 999 1978 1071 καρπῶν

800 1087 822 1161 at
853 1105 923 1167 ταῖς
948 1097 1059 1173 κόμαις
1082 1098 1239 1162 εύίαλίσιν
1262 1095 1337 1176 ἄχρι
1361 1099 1456 1175 πίρροι
1479 1097 1612 1177 βρύοντα
1636 1097 1687 1163 τὸν
1709 1097 1795 1174 πίριξ
1817 1098 1893 1178 olipa
1914 1123 1980 1164 σον-

798 1201 940 1280 ιιρίφοον.
974 1203 1221 1268 Substantivum
1252 1206 1358 1268 neutri
1387 1207 1513 1290 generis
1543 1206 1717 1291 requiritur
1739 1212 1771 1270 et
1794 1212 1979 1290 corruptum

799 1316 847 1374 est
869 1309 902 1374 id
925 1310 1010 1395 quod
1033 1318 1081 1375 est
1100 1317 1231 1386 καρπῶν.
1257 1310 1375 1375 Verum
1396 1331 1463 1375 esse
1483 1311 1618 1377 arbitror
1637 1309 1877 1388 depticios,
1898 1311 1978 1396 quod

798 1437 858 1480 nou
889 1416 1053 1481 fructuum
1079 1424 1202 1481 tantum
1224 1438 1338 1481 nomen
1362 1426 1428 1493 est,
1452 1417 1507 1481 sed
1529 1420 1627 1482 etiarn
1648 1420 1790 1502 ipsarum
1813 1418 1979 1494 arborum,

799 1520 902 1586 veluti
932 1522 1077 1608 Xenoph.
1102 1522 1216 1588 Oecon.
1243 1522 1363 1588 19.12.
1387 1522 1546 1588 Similiter
1566 1526 1600 1587 in
1623 1523 1765 1588 eiusdem
1789 1523 1979 1610 paragraphi

799 1625 861 1693 fina
895 1635 1035 1692 erratum
1066 1629 1128 1693 fuit
1159 1632 1191 1692 in
1222 1629 1324 1693 hisce:
1356 1629 1499 1708 ι’λαραί
1531 1629 1690 1693 κλισίαι
1715 1667 1756 1677 -
1781 1629 1822 1699 είς
1854 1626 1894 1704 ci,
1926 1628 1980 1693 sed

799 1731 936 1799 Cobetus
959 1737 1096 1799 correxit
1118 1735 1232 1813 ίλαρίι
1256 1737 1413 1800 κλισία.
1437 1735 1579 1800 Reitzius
1600 1738 1635 1799 iu
1657 1734 1859 1800 adnotatione
1881 1735 1980 1799 direr-

798 1842 925 1907 sissima
948 1844 1089 1907 miscuit.

842 2056 940 2143 §151
977 2058 994 2131 ί
1026 2058 1057 2123 δὲ
1086 2056 1195 2136 πρᾶξις
1227 2056 1380 2132 dearces
1413 2055 1507 2120 αύτύν
1538 2056 1718 2133 ἐσίγησε.
1748 2055 1860 2121 Sermo
1883 2055 1919 2120 fit
1940 2055 1979 2121 de

797 2162 1013 2241 adulescente,
1033 2167 1124 2229 cuius
1142 2162 1313 2228 nefandum
1333 2162 1494 2249 flagitium
1513 2165 1546 2227 in
1567 2164 1624 2227 hoc
1644 2160 1796 2248 opusculo
1808 2168 1979 2239 tractatur;

796 2271 851 2338 sad
875 2271 951 2358 quid
973 2278 1022 2336 est
1044 2260 1190 2346 ἐσίγιισεί
1213 2269 1325 2335 Nonne
1347 2267 1427 2333 latet
1451 2266 1637 2343 ἕποίιισεί

841 2483 925 2570 §lli
945 2483 1009 2549 Hic
1028 2490 1112 2549 recte
1131 2482 1253 2563 editur:
1273 2492 1312 2562 τῇ
1333 2482 1364 2548 δὲ
1379 2482 1514 2565 τραπέζῃ
1532 2483 1686 2563 τέτταρας
1706 2482 1904 2562 ύπραγοίλοιις
1926 2494 1980 2549 Λι-

796 2592 894 2669 βυκῆς
918 2590 1016 2667 iacula
1040 2590 1259 2665 ἀπαριθμήσας
1284 2588 1460 2655 διεπίττευε
1484 2591 1538 2662 τίρν
1563 2588 1690 2666 ἐλπίδα,
1715 2588 1766 2652 καί
1791 2589 1897 2664 βαλὼν
1921 2590 1978 2664 μὲν

798 2699 970 2774 ἐπίσκοπα,
995 2697 1120 2772 μύλισα
1140 2696 1166 2760 δ’
1186 2694 1289 2759 είποτε
1308 2698 1362 2771 τὴν
1381 2696 1444 2760 θεὸν
1468 2698 1565 2766 αύτίιν
1588 2696 1781 2772 εύβολύσοιε,
1807 2696 1978 2776 προσεκύνει

797 2811 851 2874 τῆς
875 2803 1038 2879 ἐπιθυμίας
1062 2800 1222 2877 τεύξεσθαι
1246 2803 1383 2882 νομίζων.
1408 2802 1537 2867 Etenim
1560 2802 1792 2868 Herwcrdenus
1814 2806 1848 2866 in
1867 2804 1977 2866 Μονονκ.

798 2909 885 2977 1879
906 2933 935 2997 p.
956 2910 1019 2976 357
1040 2913 1215 2975 rectissime
1234 2911 1327 2975 eiecit
1345 2931 1424 2994 quae
1444 2911 1703 2995 ροοίεύβολιίσειε
1716 2908 1821 2973 addita
1833 2910 1978 2974 fuerunt:

797 3018 922 3094 μηδενὸς
954 3017 1138 3094 ύςραγιίλιυ
1167 3018 1310 3085 πεσόντος
1342 3015 1395 3096 ίσςο
1426 3018 1571 3096 σχήματι
1603 3021 1635 3081 et
1665 3018 1696 3081 iu
1720 3014 1841 3102 vulgus
1863 3024 1977 3081 uotum

796 3133 845 3190 set
868 3146 962 3210 quem
987 3123 1164 3189 Venereum
1186 3126 1308 3189 iactum
1327 3130 1449 3189 veteres
1469 3122 1676 3208 appellarint3
1696 3122 1797 3188 veluti
1818 3120 1978 3186 Martialis

797 3233 996 3318 epigramma
1019 3237 1067 3295 est
1090 3229 1176 3294 XIV.
1205 3230 1261 3292 14:
1320 3281 1323 3286 .

976 3335 1060 3404 Cum
1083 3340 1207 3401 steterit
1230 3334 1338 3400 nullus
1361 3335 1456 3400 vultu
1479 3336 1538 3400 tibi
1562 3333 1645 3399 talus
1668 3334 1797 3411 eodem,

1021 3443 1156 3508 Munera
1180 3464 1231 3507 me
1255 3442 1340 3507 dices
1361 3462 1479 3528 magna
1502 3439 1623 3506 dedisse
1647 3441 1716 3505 tibi.

797 3547 940 3611 Necdum
972 3555 1080 3613 tamen
1112 3548 1248 3613 talorum
1279 3547 1375 3612 ludus
1405 3549 1444 3613 ab
1475 3550 1561 3612 omni
1586 3551 1674 3632 parts
1697 3550 1780 3610 recte
1803 3544 1979 3631 explicatus

798 3653 877 3728 fuit,
909 3674 984 3717 cum
1007 3657 1069 3718 viri
1093 3654 1177 3719 docti
1201 3676 1261 3719 nou
1286 3657 1362 3717 satis
1385 3653 1574 3718 attenderint
1598 3651 1637 3717 ad
1659 3652 1815 3717 theoriam
1839 3652 1980 3735 probabi-

797 3758 938 3823 litatum.
971 3757 1077 3822 Veluti
1108 3760 1170 3823 fuit
1201 3781 1281 3825 anuo
1317 3757 1403 3824 1873
1434 3762 1484 3823 vir
1513 3758 1668 3845 elegantis
1692 3760 1815 3843 ingenii
1839 3757 1921 3841 Becq
1940 3756 1979 3821 de

796 3864 1004 3948 Fouquiires,
1026 3862 1139 3929 Gallus
1159 3868 1302 3942 natione,
1324 3868 1379 3950 qui
1399 3867 1536 3949 spissum
1557 3863 1678 3928 librum
1696 3865 1729 3926 iu
1743 3861 1848 3928 lucem
1860 3864 1977 3938 amisit,

795 3971 867 4056 plus
892 3991 988 4055 quam
1014 3971 1282 4057 quadringentum
1306 3974 1513 4058 paginarum,
1538 3970 1575 4035 de
1598 3969 1698 4034 Ludis
1721 3969 1888 4034 Veterum:
1919 3969 1978 4031 Les

795 4077 873 4140 Jeuc
897 4078 949 4140 dee
972 4077 1108 4141 Λιιοίοιιο.
1133 4076 1306 4162 Complura
1329 4077 1413 4162 apud
1434 4099 1509 4142 eum
1531 4079 1639 4142 iuveni
1661 4096 1742 4162 quae
1762 4077 1878 4140 vitiosa
1897 4097 1977 4140 nuce

794 4205 856 4248 uon
875 4185 1009 4248 emerim
1029 4190 1061 4248 et
1080 4186 1214 4267 scriptor
1226 4186 1393 4267 utriusque
1406 4185 1559 4248 sermonis
1572 4182 1773 4247 mediocriter
1784 4184 1906 4267 peritus
1918 4191 1977 4257 est,

796 4289 848 4353 sed
872 4288 910 4354 de
930 4288 1005 4355 ludo
1026 4289 1192 4353 duodecim
1214 4292 1424 4375 scriptorum,
1444 4292 1493 4354 uti
1511 4299 1544 4353 et
1563 4288 1601 4352 de
1623 4285 1700 4352 ludo
1723 4285 1977 4352 latrunculorum

796 4393 833 4457 ad
858 4394 977 4459 calcem
1002 4393 1177 4458 voluminis
1201 4397 1319 4461 eximia
1341 4395 1535 4480 disputavit,
1560 4415 1616 4458 nec
1639 4393 1732 4457 video
1755 4392 1831 4477 quid
1856 4392 1977 4457 delevi

796 4507 985 4580 argumento
1008 4498 1148 4582 amplius
1173 4503 1343 4585 requiram.
1370 4498 1477 4564 Veluti
1500 4499 1551 4562 hic
1575 4500 1698 4582 primus
1720 4498 1904 4564 felicissime
1926 4521 1971 4564 ex·

797 4601 917 4685 pedivit
949 4605 1118 4669 obscurum
1149 4606 1308 4690 Agathino
1336 4609 1551 4691 epigramma,
1577 4603 1706 4668 Authol.
1727 4600 1783 4668 Gr.
1807 4603 1854 4667 111
1878 4627 1908 4690 p.
1934 4603 1977 4669 30

795 4728 826 4769 n.
854 4706 905 4782 72,
930 4729 992 4792 quo
1014 4719 1161 4775 narratur
1184 4711 1342 4794 quomodo
1365 4709 1533 4795 aliquando
1556 4710 1731 4793 Imperator
1753 4708 1835 4774 Zeno
1854 4718 1979 4794 praeter

796 4815 941 4876 omnium
973 4819 1240 4902 exspectationem
1271 4820 1375 4881 victus
1406 4819 1447 4880 sit
1478 4814 1553 4881 ludo
1585 4815 1752 4880 duodecim
1775 4818 1975 4901 scriptorum.

796 4917 842 4982 De
866 4920 1004 4986 talorum
1026 4932 1134 4988 autem
1154 4925 1230 4990 ludo
1251 4924 1387 5011 Becqius
1405 4945 1467 4990 nou
1487 4923 1675 5000 satisfaciet,
1697 4942 1798 5007 nequa
1816 4921 1977 4988 intellexit
