5125 6150
1115 813 1287 861 nouenos.
1729 797 1793 863 139

589 993 657 1056 qno
682 971 798 1056 placet.
825 973 913 1039 Inter
936 977 1127 1040 recentiores
1150 997 1226 1041 rero
1250 976 1339 1041 fuere
1361 976 1440 1041 bene
1466 977 1581 1054 multi,
1607 981 1663 1063 qui
1686 980 1795 1044 huius

590 1077 685 1141 modi
710 1082 963 1163 comparationes
983 1080 1022 1144 61
1039 1080 1182 1145 litteram
1204 1085 1394 1166 accipientes
1416 1081 1585 1168 Olympios
1604 1087 1637 1147 in
1658 1084 1795 1148 falcones

591 1182 849 1268 hirundineeque
884 1183 1058 1248 identidem
1095 1191 1236 1250 mutatos
1268 1207 1336 1251 ease
1366 1187 1533 1273 fingerent.
1569 1188 1680 1272 Neque
1712 1192 1796 1253 inter

593 1289 761 1354 auditores
793 1296 922 1354 tantum
946 1290 998 1354 vel
1021 1290 1154 1356 lectores
1178 1294 1358 1356 carminum
1384 1295 1545 1376 epicorum
1570 1296 1687 1358 vitium
1712 1293 1794 1358 illud

592 1395 712 1459 iudicii
745 1398 879 1480 serpsit,
911 1396 966 1460 sed
996 1395 1160 1461 luculenta
1184 1397 1340 1482 quaedam
1363 1400 1431 1461 eius
1457 1398 1647 1463 documenta
1670 1402 1703 1462 in
1726 1402 1795 1483 ipsa

594 1503 741 1565 carmina
775 1503 982 1586 irrepserunt.
1022 1504 1102 1578 „Ceu
1125 1503 1268 1585 satisd’,
1306 1503 1404 1581 611616
1435 1512 1581 1581 remeia,
1613 1525 1718 1569 merea
1748 1510 1795 1568 est

594 1604 783 1670 Leucothea
805 1607 863 1670 dea
883 1609 1023 1683 marina,
1044 1613 1215 1692 postquam
1236 1607 1327 1672 Ulixi
1346 1629 1421 1672 cum
1440 1608 1591 1674 ductibus
1610 1609 1795 1674 colluctanti

596 1732 694 1796 opem
725 1710 821 1776 tulit:
846 1735 898 1775 ccc
911 1712 1022 1798 fulica
1044 1734 1140 1775 616166
1162 1720 1205 1775 eat
1228 1720 1317 1797 atque
1339 1714 1442 1776 obdito
1459 1722 1565 1795 posto.
1597 1714 1649 1778 sic
1672 1717 1795 1799 priscus

597 1823 702 1880 vates.
735 1817 865 1897 „alteia
898 1816 923 1879 δ’
948 1816 1070 1881 aiacis
1095 1853 1137 1864 —
1161 1819 1224 1901 ipsi
1248 1838 1362 1882 versus
1385 1822 1511 1883 numeri
1534 1818 1794 1903 interpolatorem

595 1921 805 2004 produnt-
832 1943 892 1998 „ex
924 1923 1018 1987 undis
1049 1922 1213 1998 emersit”,
1246 1922 1362 1987 fulicae
1394 1927 1550 1988 nimirum
1580 1923 1733 1989 simulata
1762 1924 1794 1988 fi-

596 2047 698 2112 gura:
724 2064 766 2076 —
792 2028 869 2092 haee
902 2029 998 2092 verba
1027 2031 1121 2093 initio
1153 2031 1343 2092 narrationis
1373 2031 1509 2093 inseruit
1540 2029 1658 2106 κέπΦος
1690 2032 1794 2094 666616

597 2135 688 2215 quie,
713 2135 771 2217 qni
794 2134 948 2219 ambigua
967 2134 1140 2198 verborum
1159 2135 1257 2214 611616
1277 2142 1404 2198 renavis
1425 2142 1582 2220 potestate
1602 2138 1635 2199 in
1655 2157 1792 2200 errorem

595 2237 750 2321 abreptus
773 2238 908 2322 putabat
931 2238 1024 2303 deam
1047 2241 1151 2322 specie
1175 2241 1244 2302 avis
1268 2243 1408 2304 marinae
1432 2241 1545 2304 induta
1566 2240 1667 2305 oculis
1687 2240 1793 2305 Ulixis

597 2363 630 2407 se
653 2341 827 2417 obtulisse,
852 2363 926 2407 cnm
950 2364 987 2408 eo
1011 2364 1078 2407 esse
1102 2343 1357 2421 confabulatam,
1381 2344 1491 2409 velum
1512 2367 1607 2410 suum
1622 2345 1793 2410 -fulicae

597 2447 722 2513 scilicet
747 2446 874 2512 velum!
897 2451 989 2512 -ei
1013 2448 1146 2513 dedisse.
1171 2449 1242 2514 Non
1265 2457 1405 2514 senserat
1428 2453 1531 2537 igitur
1550 2451 1646 2516 homo
1665 2454 1794 2536 ineptus

599 2576 698 2639 quam
722 2560 859 2619 venuste
883 2575 1042 2639 quamque
1067 2555 1176 2619 vivide
1200 2558 1322 2620 vetusti
1345 2558 1495 2620 carminis
1518 2559 1661 2641 imagine
1685 2560 1793 2643 pinge·

600 2666 689 2724 retnr
717 2662 815 2724 maris
838 2657 941 2723 incola
965 2660 1072 2724 subito
1096 2660 1155 2723 snb
1179 2660 1273 2724 undis
1298 2681 1488 2726 evanescens
1511 2668 1548 2725 ut
1571 2683 1702 2748 mergus
1726 2683 1794 2747 per·

600 2768 751 2841 territus,
777 2802 819 2813 -
844 2770 877 2829 et
899 2768 944 2828 sic
968 2764 1112 2829 fabulam
1136 2764 1387 2849 pulcherrimam
1411 2767 1527 2831 misere
1550 2770 1692 2852 corrupit
1711 2768 1792 2832 nihil

599 2869 678 2933 mali
702 2871 883 2953 suspicatus
899 2868 931 2948 ¹).

643 2973 682 3037 ln
714 2995 806 3039 veros
837 2979 947 3039 autem
978 2971 1071 3039 alites
1103 2979 1245 3039 mutatos
1277 2975 1448 3062 Olympios
1475 2977 1627 3061 praebent
1649 2980 1792 3061 ipsorum

599 3083 781 3145 carminum
813 3079 1059 3144 Homericorum
1088 3079 1150 3144 loci
1174 3102 1257 3145 unus
1282 3090 1314 3145 et
1337 3082 1434 3160 alter;
1460 3085 1515 3166 qui
1538 3081 1599 3146 loci
1623 3103 1684 3146 non
1708 3089 1793 3167 poet

599 3186 696 3250 modo
721 3206 825 3249 crassa
847 3187 992 3248 minerva
1016 3191 1091 3248 sunt
1114 3188 1250 3262 mutati,
1272 3190 1356 3251 ntis
1375 3208 1471 3271 quem
1492 3186 1587 3251 modo
1609 3189 1790 3272 tetigimus,

596 3291 653 3355 sed
688 3312 706 3354 6
740 3292 955 3354 recentiorum
990 3295 1158 3374 poetarum
1193 3293 1323 3376 ingenio
1358 3291 1437 3355 tales
1467 3291 1577 3375 quales
1608 3294 1791 3356 etiamnunc

594 3395 753 3481 leguntur
777 3394 855 3459 olim
878 3394 1073 3480 prodierunt.
1098 3393 1264 3478 Sequiores
1287 3397 1390 3481 igitur
1412 3404 1522 3480 poetae
1544 3394 1592 3459 illi
1614 3399 1790 3482 imagines,

596 3520 676 3584 quas
709 3502 888 3583 priscorum
913 3505 1025 3563 ratum
1049 3498 1219 3583 praebebat
1243 3499 1359 3575 dictio,
1383 3520 1549 3585 perperam
1572 3503 1792 3585 interpretati,

596 3604 760 3669 Somnum
792 3604 999 3669 ostenderunt
1029 3606 1062 3667 in
1087 3624 1201 3667 verum
1226 3607 1410 3689 accipitrem
1435 3611 1598 3669 mutatum
1623 3606 1699 3669 dum
1723 3605 1793 3670 Iovi

594 3710 770 3774 insidiatur
792 3713 877 3774 inter
899 3709 1000 3774 celsae
1024 3709 1144 3781 arboris
1167 3708 1242 3773 folia
1263 3709 1391 3773 abditus
1405 3708 1442 3789 ⁹),
1466 3713 1499 3773 in
1519 3732 1629 3775 veram
1650 3711 1793 3775 hirundi-

594 3837 671 3880 nem
707 3821 868 3880 mutatam
903 3814 1087 3880 Minervam
1121 3814 1198 3878 dum
1233 3834 1401 3898 procorum
1434 3816 1562 3880 caedem
1595 3816 1730 3899 despicit
1757 3818 1792 3878 in

593 3922 675 3984 tecti
700 3922 793 4005 tigno
816 3919 926 3984 sedens
941 3918 977 4000 ³).

642 4023 740 4090 Vates
759 4027 884 4109 antiqui
904 4024 978 4089 deos
998 4024 1037 4088 61
1056 4044 1149 4087 suam
1168 4025 1313 4107 ipsorum
1328 4025 1505 4109 imaginem
1520 4027 1567 4088 ita
1578 4024 1793 4089 conformave-

594 4135 670 4194 rant
690 4137 728 4193 nt
747 4131 780 4192 in
801 4131 906 4193 maius
926 4127 1104 4212 meliusque
1122 4132 1326 4192 mutarentur
1338 4130 1462 4192 omnia:
1482 4130 1657 4192 recentiore
1669 4147 1747 4190 aevo
1758 4128 1791 4188 in

595 4236 859 4320 praestigiatores
883 4233 1043 4319 malignos
1066 4238 1098 4297 61
1120 4234 1272 4296 immanis
1297 4237 1438 4296 staturae
1461 4237 1604 4296 monstra
1627 4231 1793 4303 abierunt,

595 4339 760 4424 iidemque
794 4342 829 4402 in
862 4341 1017 4403 rixatores
1048 4343 1205 4402 amatores
1236 4343 1417 4422 nugatores.
1452 4338 1518 4400 Aut
1540 4337 1692 4399 moechus
1715 4339 1792 4395 tunc

594 4444 838 4508 monstrabatur
872 4444 962 4509 Mars
996 4445 1030 4506 in
1062 4441 1198 4506 Vulcani
1228 4439 1351 4525 laqueis
1382 4441 1515 4506 haerens
1539 4445 1792 4520 cunctorumque

633 4655 658 4713 l)
678 4652 764 4716 01666.
782 4653 852 4701 6813
872 4651 969 4703 61111.

629 4737 657 4796 8)
677 4735 748 4783 Ilisd.
764 4735 846 4784 22⁹0.

629 4817 658 4880 1)
675 4816 760 4879 Odysa
778 4816 866 4878 χ240.
889 4842 917 4851 -
935 4816 1003 4879 Quae
1018 4813 1099 4862 omnis
1112 4814 1167 4878 apte
1182 4810 1298 4876 disposita
1312 4812 1488 4876 prudenterque
1502 4811 1623 4861 dindicats
1637 4809 1794 4858 inveniuntur

592 4896 659 4961 6661
676 4897 795 4946 usnemu
814 4896 947 4959 Voriragen
963 4911 988 4961 p.
1006 4895 1055 4945 1111
1065 4909 1115 4958 sqq.
