5125 6150
1132 825 1302 874 nouenos.
1440 787 1447 805 '
1736 799 1798 872 181

622 990 737 1068 nullis,
762 1011 841 1076 quae
860 1010 960 1055 vacua
979 989 1109 1054 fuerunt
1130 988 1225 1066 olim,
1245 1010 1330 1053 nunc
1348 989 1472 1053 obtecta
1491 994 1567 1053 sunt
1585 987 1800 1076 imagunculis

622 1096 762 1162 Helenae
786 1096 919 1161 Achillis
942 1095 1080 1161 aliorum
1103 1114 1206 1159 crassa
1228 1093 1375 1159 Minerva
1398 1093 1571 1159 delineatio.

667 1202 779 1268 Finem
803 1206 904 1289 igitur
925 1202 1177 1288 Prolegomenon
1200 1201 1333 1265 faciebat
1356 1199 1471 1265 folium
1491 1204 1524 1264 in
1544 1222 1605 1286 quo
1622 1206 1710 1266 extat
1730 1222 1802 1286 pars

621 1312 776 1393 posterior
806 1314 959 1373 tractatus
988 1310 1025 1371 dc
1055 1307 1225 1370 Aristarchi
1253 1308 1333 1370 norb
1355 1307 1485 1383 criticis,
1510 1310 1599 1372 cuius
1622 1311 1708 1393 prior
1730 1329 1802 1394 pars

621 1417 725 1500 periit.
757 1415 900 1479 Fallebat
930 1424 1039 1480 autem
1070 1417 1224 1479 memoria
1257 1412 1432 1491 Oobetum,
1456 1434 1531 1478 cum
1554 1417 1688 1501 triginta
1711 1418 1800 1479 annis

622 1527 790 1605 postquam
820 1520 959 1584 codicem
989 1523 1056 1585 suis
1086 1521 1233 1585 manibus
1255 1522 1359 1585 tenuit
1382 1525 1415 1584 et
1436 1518 1616 1584 multorum
1639 1523 1799 1585 mensium

621 1625 730 1691 sedulo
753 1625 860 1691 labore
883 1629 1010 1712 penitus
1034 1630 1172 1692 excussit
1191 1627 1228 1692 de
1247 1626 1305 1692 hoc
1324 1626 1504 1712 fragmento
1523 1626 1688 1711 disputans
1710 1629 1799 1703 „sine

619 1734 712 1796 initio
736 1739 767 1796 et
790 1732 872 1798 fine’'
896 1753 962 1798 esse
986 1735 1128 1817 scripsit,
1151 1735 1303 1817 „periisse
1321 1736 1405 1797 enim
1429 1738 1461 1798 et
1480 1733 1666 1817 praecedens
1684 1732 1799 1798 folium

619 1845 650 1902 et
674 1839 827 1923 sequens''
844 1839 883 1918 ¹);
908 1860 982 1904 nam
1006 1860 1212 1924 eorumquae
1232 1839 1328 1905 codex
1348 1839 1385 1905 de
1407 1841 1508 1926 signis
1528 1842 1645 1904 criticis
1665 1840 1799 1905 habebat

618 1945 726 2029 ipsum
758 1943 853 2009 finem
886 1951 1048 2010 servatum
1079 1966 1146 2010 esse
1176 1967 1269 2011 nemo
1293 1968 1354 2010 non
1378 1945 1468 2009 ridet
1488 1947 1629 2031 inspecto
1654 1944 1799 2032 exemplo
1867 1997 1869 2001 .

618 2051 809 2136 phototyp03
832 2053 966 2116 scribere
985 2051 1078 2116 desiit
1096 2051 1245 2117 librarius
1264 2057 1336 2116 ante
1356 2053 1478 2115 exitum
1490 2054 1624 2137 paginae
1636 2055 1800 2117 anterioris

618 2155 689 2220 folii
713 2159 832 2232 octavi,
856 2164 888 2221 et
911 2160 1120 2242 posteriorem
1143 2160 1273 2222 omnino
1298 2155 1428 2242 reliquit
1453 2177 1595 2223 vacuam.

665 2261 760 2327 Levis
790 2263 842 2327 hic
873 2269 921 2327 est
943 2284 1028 2328 error
1035 2285 1044 2342 ;
1068 2266 1192 2348 primus
1215 2270 1340 2341 autem,
1366 2263 1450 2347 quod
1473 2262 1576 2330 multo
1599 2265 1729 2329 maioris
1752 2270 1800 2330 est

621 2371 794 2445 momenti,
824 2371 876 2433 vir
904 2367 959 2434 ille
990 2390 1127 2455 magnus
1159 2369 1241 2434 vidit
1272 2390 1368 2455 quam
1400 2372 1576 2454 pretiosum
1606 2375 1688 2436 esset
1717 2369 1800 2435 illud

620 2475 855 2559 fragmentum,
890 2481 923 2539 et
955 2474 1047 2540 claris
1081 2475 1188 2540 verbis
1221 2476 1302 2540 hanc
1335 2476 1373 2540 de
1407 2496 1444 2540 eo
1479 2475 1555 2540 tulit
1589 2478 1798 2542 sententiam:

623 2580 852 2665 „Praefatioaic
875 2581 1039 2644 Aristonici
1062 2582 1134 2644 abac
1157 2583 1222 2662 περὶ
1248 2583 1380 2659 σημείων
1405 2581 1535 2653 Ἰλιάδος
1557 2583 1634 2646 dccc
1653 2605 1714 2646 esse
1725 2605 1800 2664 par·

621 2686 774 2750 ticulnm'’.
799 2685 961 2751 Mentione
985 2696 1093 2752 autem
1116 2687 1341 2774 dignissimum
1361 2694 1409 2753 est
1426 2687 1459 2752 id
1479 2688 1563 2773 quod
1583 2690 1690 2772 paucis
1709 2690 1799 2752 annis

620 2792 734 2856 abhinc
758 2795 883 2877 scripsit
901 2792 1007 2858 Nabar
1018 2794 1054 2873 ²),
1073 2794 1190 2881 legisse
1210 2816 1242 2860 se
1263 2791 1373 2862 (lebeti
1395 2794 1433 2859 ad
1457 2793 1594 2859 Balrium
1618 2792 1798 2879 epistolam,

620 2898 704 2963 unde
727 2907 876 2985 appareat
898 2921 972 2964 eum
997 2906 1067 2965 tum
1091 2922 1164 2966 oum
1184 2900 1324 2967 Venetiis
1348 2908 1598 2965 commoraretur
1621 2899 1739 2965 vidisse
1767 2900 1801 2964 id

622 3003 705 3091 quod
728 3011 801 3091 post
823 3027 877 3071 sex
901 3006 1031 3071 demum
1054 3006 1218 3072 lustra-
1237 3029 1299 3072 non
1322 3009 1397 3072 novi
1419 3009 1521 3094 igitur
1543 3009 1665 3071 inventi
1682 3006 1799 3094 gaudio

621 3112 769 3195 abreptus
795 3149 837 3161 -
860 3116 894 3177 in
917 3113 1128 3200 Mnemosyne
1151 3114 1380 3199 pronuntiarit.

665 3217 809 3282 Fortasse
832 3225 940 3283 autem
965 3218 1065 3284 dicere
1090 3225 1244 3303 praestat,
1270 3242 1328 3296 ,ec
1351 3218 1515 3283 Aristonici
1537 3218 1734 3305 Praefatione
1753 3242 1800 3283 ec·

621 3324 743 3405 ccrpta'’
768 3326 845 3389 haec
868 3346 934 3390 esse
956 3327 1023 3389 sire
1048 3324 1208 3402 αὖτολεξεὶ
1232 3328 1300 3391 sire
1322 3328 1369 3390 ita
1386 3331 1424 3390 ut
1443 3328 1477 3389 in
1497 3325 1624 3390 brevius
1643 3325 1798 3410 quaedam

621 3430 884 3496 contraherentur
915 3430 967 3496 vel
998 3435 1095 3497 etiam
1125 3432 1197 3498 aliis
1228 3432 1333 3497 verbis
1364 3432 1417 3496 hic
1446 3430 1514 3496 illic
1545 3434 1799 3516 exprimerentur

623 3557 702 3620 quae
734 3536 866 3602 dixisset
895 3536 952 3602 ille
959 3558 966 3615 ;
992 3538 1260 3623 quemadmodum
1284 3560 1346 3604 non
1371 3537 1493 3615 „Procli
1519 3537 1796 3603 Ohrcetnmctdffl

622 3641 675 3706 sed
701 3665 737 3718 „c
759 3642 861 3705 Procli
884 3644 1114 3708 Chrestomotlia
1138 3644 1297 3726 ccccrpta'’
1322 3642 1476 3729 quaedam
1500 3641 1596 3708 codex
1618 3644 1746 3709 exhibet
1765 3646 1799 3708 in

621 3750 724 3833 priore
746 3749 996 3834 Prolsgomenon
1012 3757 1111 3837 parte.
1132 3749 1183 3815 Sic
1196 3748 1346 3815 facillime
1359 3749 1536 3835 explicatur
1547 3748 1617 3813 finis
1629 3749 1798 3834 abruptus3

621 3876 696 3919 nam
725 3858 759 3919 in
789 3858 858 3941 ipso
882 3857 1054 3921 Aristonici
1078 3877 1170 3942 opero
1194 3855 1346 3921 nonnulla
1368 3856 1580 3941 sequebantur
1598 3859 1718 3941 opinor,
1744 3857 1799 3921 sed

619 3963 648 4025 is
680 3964 734 4046 qui
765 3961 975 4047 archetypum
1007 3963 1140 4027 confecit
1168 3962 1252 4027 unde
1282 3961 1380 4027 codex
1402 3967 1511 4027 noster
1533 3964 1709 4047 exscriptus
1732 3966 1797 4039 est,

622 4087 660 4132 ea
683 4074 739 4131 aut
762 4090 821 4132 non
847 4070 996 4153 repetivit
1019 4075 1075 4133 aut
1099 4068 1161 4134 alio
1183 4068 1251 4133 loco
1275 4070 1436 4154 repetivit.

667 4171 829 4237 Dindorfio
861 4172 1057 4238 Kirchhoffio
1088 4173 1160 4238 aliis
1190 4172 1364 4260 philologis
1394 4174 1472 4239 bene
1504 4170 1616 4237 multis
1644 4173 1800 4256 persuasit

621 4274 737 4355 Cobet,
770 4299 832 4342 non
865 4285 972 4343 tamen
1004 4280 1167 4357 omnibus;
1198 4301 1278 4365 quae
1309 4286 1417 4345 autem
1449 4279 1487 4344 de
1517 4279 1595 4363 ipsis
1625 4277 1798 4363 fragmenti

620 4383 726 4446 verbis
749 4383 929 4448 observavit
951 4384 1043 4450 hodie
1064 4386 1191 4471 probari
1210 4391 1322 4451 cuncta
1341 4407 1403 4451 non
1423 4388 1565 4470 possunt.
1588 4382 1629 4447 Et
1650 4385 1798 4468 qnoniam

621 4510 684 4552 non
718 4492 785 4554 sine
821 4510 914 4555 causa
943 4495 1045 4556 vereri
1075 4492 1157 4557 mihi
1187 4492 1297 4557 videor
1326 4497 1363 4555 ut
1393 4496 1476 4555 recte
1506 4491 1709 4573 interpretari
1739 4487 1797 4553 hou

619 4596 837 4681 fragmentum
856 4596 976 4662 soleant
995 4597 1152 4685 philologi
1170 4598 1329 4675 hodierni,
1349 4597 1617 4681 operaepretium
1638 4595 1796 4660 facturum

657 4870 683 4931 1)
701 4869 755 4919 Vid.
774 4871 890 4920 Mnemon.
910 4868 973 4919 187³
992 4885 1014 4933 p.
1031 4867 1072 4919 27.

655 4952 683 5015 2)
702 4951 782 5001 Naber
798 4951 854 5001 Vier
870 4952 1030 5016 tijdgcnooten
1046 4966 1069 5015 p.
1088 4948 1146 4999 280.
