5125 6150
668 811 736 874 280
1104 827 1147 872 nr
1169 826 1279 873 aaran
1301 823 1415 872 marra

668 992 729 1058 Sed
760 995 856 1057 mitto
887 989 1029 1077 Sibyllae
1061 1011 1190 1069 arcana;
1224 990 1337 1076 quidni
1369 1010 1496 1055 carmen
1527 992 1594 1055 sine
1618 989 1728 1054 divino
1752 987 1868 1054 afflatu

666 1100 882 1183 compositum
906 1108 938 1162 et
961 1096 1089 1162 aliunde
1112 1100 1146 1161 in
1168 1096 1297 1161 ltaliam
1321 1096 1512 1174 advectum,
1541 1097 1765 1161 Pessinuntius
1788 1094 1869 1162 deae

667 1207 863 1269 mentionem
891 1204 991 1268 facere
1015 1200 1141 1288 potuit?
1164 1202 1275 1287 Itaque
1299 1224 1339 1268 ne
1361 1206 1458 1268 nimis
1482 1204 1670 1268 festinanter
1691 1203 1869 1267 reiciamns

665 1310 753 1375 Livii
777 1313 1015 1388 testimonium
1049 1309 1218 1374 audiamus
1248 1330 1329 1395 quae
1360 1330 1486 1374 narrare
1516 1310 1641 1394 pergit,
1673 1311 1868 1393 praesertim

666 1416 851 1492 videamus,
883 1436 1026 1501 numqua
1055 1414 1127 1480 luce
1157 1437 1195 1479 ex
1228 1416 1434 1500 sequentibus
1464 1413 1647 1479 illustretur
1672 1435 1878 1500 responsum.

664 1520 765 1596 illud,
790 1524 910 1585 mirum
934 1529 966 1585 et
989 1522 1175 1596 obscurum,
1200 1520 1286 1605 quod
1308 1519 1424 1605 legatis
1449 1519 1535 1585 dedit
1559 1520 1689 1606 Pythia.
1754 1560 1758 1570 ·

711 1629 846 1692 Romani
876 1631 986 1712 itaqua
1016 1628 1062 1706 (id
1094 1626 1177 1711 quod
1207 1628 1415 1710 sequentihus
1446 1629 1616 1711 exponitur
1637 1626 1869 1712 paragraphis)

664 1737 864 1800 constituunt
888 1736 1044 1819 cogitare,
1069 1754 1225 1819 quaenam
1246 1735 1327 1797 ratio
1348 1731 1610 1817 transportandae
1629 1731 1768 1797 Romam
1790 1731 1869 1798 deae

665 1847 765 1919 esset;
786 1847 817 1905 et
836 1843 985 1926 quamvis
1006 1838 1213 1916 „nullasdum
1231 1843 1266 1904 in
1286 1841 1362 1903 Asia
1380 1842 1481 1904 socias
1500 1841 1649 1905 civitates
1667 1837 1867 1915 haberent,”

665 1945 830 2011 commode
859 1948 901 2010 iis
929 1949 963 2010 in
986 1951 1128 2011 mentem
1150 1945 1264 2010 incidit
1288 1948 1377 2022 „iam
1401 1966 1476 2010 cum
1498 1944 1609 2009 Attalo
1632 1965 1710 2030 rege
1733 1950 1869 2030 propter

666 2074 837 2118 commune
860 2052 1013 2117 adversus
1037 2051 1226 2137 Philippum
1251 2050 1372 2116 bellum
1396 2057 1542 2135 coeptam
1562 2052 1740 2116 amicitiam
1761 2050 1866 2117 esse’'.

666 2159 752 2224 Eum
783 2161 817 2222 in
848 2166 937 2223 tanta
967 2180 1000 2223 re
1031 2159 1248 2223 Romanorum
1279 2160 1385 2244 gratia
1417 2159 1579 2223 facturum
1607 2177 1708 2241 „quae
1732 2156 1868 2242 posset”

665 2267 738 2342 rati,
761 2263 886 2350 legatos
911 2265 1107 2350 Pergamum
1126 2266 1257 2328 mittere
1276 2265 1488 2327 constituunt.
1513 2263 1549 2326 In
1570 2283 1707 2347 qnorum
1729 2283 1867 2328 numero

666 2372 853 2454 aptissimus
881 2369 919 2434 ad
948 2391 1067 2433 munus
1097 2371 1160 2434 sibi
1190 2371 1400 2433 commissum
1425 2368 1487 2432 fuit
1512 2367 1557 2433 M.
1582 2367 1763 2446 Laevinus,
1789 2387 1866 2432 nam

664 2477 693 2539 is
724 2478 833 2560 paucis
864 2478 955 2539 annis
985 2481 1058 2540 ante
1080 2477 1113 2541 in
1139 2473 1273 2541 Graecia
1292 2472 1414 2540 bellum
1439 2495 1553 2561 gerens
1575 2476 1764 2539 societatem
1790 2495 1865 2538 cum

666 2602 743 2667 rege
767 2581 920 2667 Pergami
943 2583 1069 2646 inierat.

712 2687 761 2752 En
791 2690 1019 2752 historicorum
1049 2687 1266 2752 Romanorum
1295 2707 1362 2764 ars,
1395 2685 1447 2752 val
1479 2688 1587 2772 petius
1618 2683 1766 2750 artificia.
1803 2685 1864 2751 Res

668 2794 767 2858 factas
799 2792 905 2858 nullas
935 2794 1067 2858 fortasse
1097 2795 1149 2857 hic
1180 2795 1293 2857 reticet
1315 2792 1446 2869 Livius,
1472 2813 1552 2877 qnae
1576 2792 1677 2857 factae
1700 2813 1766 2857 non
1790 2797 1866 2857 sunt

668 2919 748 2975 neu,
781 2896 895 2963 saltem
928 2899 1094 2984 hucusque
1125 2898 1285 2974 nondum,
1317 2898 1428 2982 fingit;
1455 2903 1562 2962 tamen
1587 2902 1654 2961 arte
1676 2918 1735 2962 sua
1758 2901 1864 2983 ipsam

666 3024 776 3068 rernm
799 3006 976 3091 imaginem
999 3026 1129 3090 prorsus
1153 3007 1317 3069 immutat.
1343 3004 1461 3068 Ordine
1484 3006 1571 3068 enim
1595 3009 1798 3070 commutato
1819 3007 1865 3069 ita

669 3114 777 3177 omnia
808 3113 965 3195 disponit,
991 3118 1028 3176 nt
1051 3111 1139 3176 ultro
1166 3149 1207 3160 —
1231 3133 1270 3176 ne
1294 3113 1508 3175 imminuatur
1531 3110 1601 3174 laus
1625 3115 1657 3173 et
1681 3110 1784 3175 honor
1806 3111 1864 3176 Ro

668 3240 739 3284 mas
765 3220 998 3302 —perfecisse
1029 3217 1166 3304 populus
1196 3218 1358 3283 Romanus
1389 3217 1536 3283 videatur
1565 3238 1645 3301 quae
1677 3238 1792 3283 revera
1826 3217 1864 3282 ab

667 3324 739 3390 aliis
777 3327 958 3410 excogitata
998 3332 1170 3409 parataque
1212 3331 1328 3389 essent.
1374 3322 1509 3388 Difficile
1542 3324 1633 3389 uobis
1667 3324 1751 3389 foret
1787 3325 1865 3389 haec

668 3431 802 3496 artificia
833 3431 1083 3515 deprehendere,
1115 3433 1177 3495 nisi
1208 3433 1241 3494 in
1273 3431 1480 3514 sequentibus
1504 3433 1647 3514 scriptor,
1671 3431 1771 3494 nimis
1796 3452 1864 3495 rem

667 3536 861 3600 confundens
899 3536 1034 3620 fictaque
1065 3538 1149 3600 veris
1181 3536 1316 3611 addens,
1350 3535 1516 3600 mendacia
1546 3533 1712 3600 annalium
1747 3536 1865 3620 quibus

667 3644 773 3705 utitur
803 3645 871 3726 ipsa
903 3641 1103 3727 prodidisset.
1137 3641 1220 3721 Quid
1252 3640 1359 3706 eniml
1392 3640 1641 3706 Proficiscuntur
1664 3640 1865 3727 Pergamum

668 3746 786 3832 legati,
818 3749 958 3831 quinque
992 3749 1194 3823 triremibus,
1229 3753 1288 3825 „ut
1319 3768 1358 3811 ex
1389 3747 1548 3832 dignitate
1579 3745 1692 3832 populi
1728 3747 1866 3813 Romani

669 3851 792 3916 adirent
828 3873 880 3917 eas
915 3860 1014 3917 terras
1048 3852 1087 3917 ad
1122 3873 1201 3937 quas
1234 3851 1431 3918 concilianda
1463 3856 1613 3917 maiestas
1645 3854 1771 3917 nomini
1806 3854 1866 3919 Ra

669 3978 762 4022 mano
793 3958 909 4035 esset”,
945 3961 1050 4044 magis
1088 3963 1197 4044 itaque
1232 3959 1270 4024 de
1301 3981 1358 4024 suo
1389 3979 1487 4044 quam
1522 3959 1560 4024 de
1595 3958 1712 4023 Matris
1747 3960 1866 4026 honore

668 4061 812 4127 solliciti!

715 4168 776 4233 Sed
812 4169 889 4254 qnid
919 4166 1041 4255 legati?
1078 4171 1209 4247 „Asiam
1239 4176 1401 4256 petentes,
1438 4172 1583 4254 protinus
1614 4167 1757 4254 Delphos
1789 4192 1863 4236 cnm

669 4273 898 4351 ascendissent,
922 4274 1086 4340 oraculum
1110 4276 1258 4341 adierunt
1281 4275 1499 4353 consulentes,
1523 4275 1562 4340 ad
1586 4275 1669 4360 quod
1694 4279 1864 4362 negotium

670 4379 763 4444 domo
797 4381 887 4444 missi
915 4387 1035 4459 essent,
1059 4380 1242 4465 perficiendi
1266 4384 1335 4447 eius
1360 4401 1457 4466 quam
1481 4379 1543 4446 sibi
1567 4401 1658 4465 spem
1682 4380 1865 4467 populoque

668 4487 812 4552 Romano
843 4485 1053 4572 portenderet.
1085 4486 1288 4572 Responsum
1313 4508 1380 4551 esse
1404 4486 1512 4551 ferunt
1528 4508 1588 4568 per
1611 4485 1749 4550 Attalum
1771 4511 1863 4568 repen

669 4599 833 4677 compotes
863 4595 932 4656 eius
963 4593 1029 4657 fors
1053 4593 1137 4678 qnod
1160 4599 1320 4678 peterent;
1346 4614 1420 4657 cum
1444 4592 1580 4657 Romam
1604 4591 1696 4656 deam
1721 4593 1864 4659 devexis

669 4706 739 4761 sent
776 4706 846 4762 tum
882 4705 1044 4773 curarent,
1082 4704 1118 4762 ut
1153 4720 1223 4765 eam
1260 4702 1315 4784 qui
1349 4701 1400 4762 vir
1434 4701 1575 4783 optimus
1606 4697 1731 4764 Romae
1763 4714 1862 4779 essct,

669 4803 806 4888 hospitio
838 4807 1002 4889 acciperet.
1035 4805 1232 4891 Pergamum
1262 4806 1302 4871 ad
1332 4826 1442 4891 regem
1474 4810 1639 4870 venerunt.
1676 4805 1707 4870 la
1739 4807 1863 4894 legatos

668 4911 800 4973 comiter
822 4916 966 4996 acceptos
990 4911 1215 4976 Pessinuntem
1239 4913 1270 4975 in
1294 4911 1474 4999 Phrygiam
1506 4911 1639 4978 deduxit
1670 4933 1862 5002 sacrumque
