5125 6150
684 789 750 852 310
1190 805 1381 853 uersuros.

730 970 759 1034 ΙΙ
786 971 828 1033 25
852 969 913 1049 (ΙΙΙ
938 969 1037 1048 28),3
1068 978 1123 1045 τῆς
1158 969 1336 1051 φάρυγγος.
1367 970 1485 1035 Forma
1516 971 1622 1035 attica
1654 976 1702 1034 est
1725 968 1888 1050 φάρυγος.

686 1074 842 1142 Codicum
873 1074 969 1141 lectio
1000 1083 1113 1140 utrum
1143 1074 1283 1141 librariis
1312 1097 1351 1140 an
1382 1075 1502 1140 rhetori
1531 1075 1684 1140 debeatur
1713 1078 1790 1140 sciri
1816 1077 1887 1140 iam

684 1183 806 1266 nequit.

730 1396 760 1462 ΙΙ
785 1398 828 1462 28
853 1397 913 1476 (ΠΙ
937 1397 1004 1477 31),
1020 1397 1049 1462 Ι.
1077 1396 1264 1463 Notandum
1297 1396 1360 1478 ὑφ’
1392 1396 1447 1460 ἑνὶ
1479 1396 1633 1477 περιβθλρ
1659 1401 1890 1466 κατοικοῦντας

686 1526 742 1589 pro
767 1504 796 1567 θν
821 1504 861 1568 ἑνὶ
887 1502 1058 1585 περιβόλῳ,
1083 1503 1168 1588 quod
1191 1509 1347 1588 expectes.

731 1706 762 1771 ΙΙ
785 1707 828 1771 30
852 1706 911 1786 (ΙΙΙ
935 1706 1002 1785 32),
1016 1707 1047 1770 2.
1079 1705 1183 1785 τρθτιιν
1210 1705 1329 1781 ταύτην
1354 1704 1469 1784 ῆμθραν
1493 1705 1571 1788 [ἔχοι
1596 1704 1664 1788 καὶ]
1688 1703 1735 1768 ἔτι
1759 1729 1808 1770 σοι
1835 1731 1893 1770 κα-

684 1812 817 1893 ρῆβαρῶ.
838 1812 935 1878 Recte
955 1814 1001 1876 sic
1020 1811 1172 1877 Hercher.
1194 1812 1307 1877 Editor
1327 1811 1405 1889 „sed
1422 1811 1488 1876 vid.
1501 1810 1584 1875 adII
1599 1810 1641 1875 le
1653 1810 1714 1889 (ΠΙ
1729 1810 1788 1891 21)
1802 1813 1822 1896 ς
1834 1812 1889 1877 2”.

685 1918 748 1983 Ubi
771 1916 854 1981 nihil
877 1924 1001 1993 tamen,
1026 1917 1111 2003 qnod
1133 1917 1196 1982 huc
1220 1920 1395 2003 pertineat,
1419 1922 1610 1982 annotatum
1632 1919 1769 2002 reperio.

732 2135 763 2200 ΙΙ
787 2134 831 2200 32
854 2134 935 2215 (34),
950 2134 980 2199 3.
1013 2134 1106 2217 δέχου
1137 2135 1172 2211 δῆ
1204 2132 1253 2200 οὖν
1283 2159 1326 2212 με
1357 2135 1507 2211 μισθωτὸν
1538 2136 1610 2198 κατ’
1639 2134 1748 2214 eyter,
1775 2135 1888 2201 πάντα

687 2241 875 2326 [ὑπομένειν]
893 2238 984 2317 άνεξ
990 2239 1005 2306 θ
1010 2266 1035 2319 μ
1044 2265 1122 2306 ενον
1143 2241 1216 2323 ὑπὲρ
1229 2245 1282 2306 τοῦ
1295 2242 1349 2316 τῆν
1361 2242 1540 2322 άπλῆριιτον
1553 2240 1717 2318 ἐμπλῆσαι
1729 2242 1886 2323 γαστέρα.

689 2345 771 2414 Cum
798 2347 959 2414 Herehero
979 2347 1084 2413 deleto
1104 2348 1263 2425 ὑπομένειν
1283 2368 1341 2433 pro
1365 2347 1433 2411 άνε
1442 2344 1619 2425 χθμενον
1643 2346 1887 2413 dubitabundus

687 2453 867 2532 ἀνεξόμενοι
888 2456 1051 2539 rescripsit
1070 2453 1224 2539 Schepers
1243 2453 1361 2518 addens
1382 2452 1488 2529 „Fort
1511 2451 1670 2530 ὑπομένειν
1688 2455 1885 2519 servandum

688 2564 757 2625 erat
787 2564 820 2623 et
850 2559 1029 2644 putandum
1060 2559 1247 2640 άνεχθμενον
1276 2559 1364 2623 idem
1388 2560 1452 2623 fere
1476 2557 1581 2624 valere
1604 2580 1640 2624 ac
1664 2555 1788 2636 ἕτοιμον
1812 2561 1885 2626 ὄντα

689 2665 743 2730 vel
766 2663 872 2729 simile
895 2664 1005 2749 quid”.
1036 2665 1126 2744 Quod
1149 2665 1237 2730 hand
1260 2663 1353 2729 facile
1376 2665 1520 2742 credam,
1545 2665 1599 2730 sed
1622 2664 1692 2730 deri
1718 2671 1828 2751 potest
1852 2674 1887 2732 ut

688 2771 798 2835 rhetor
817 2769 940 2835 dederit
958 2770 1066 2835 πάντα
1087 2769 1245 2848 ὑπομένειν
1264 2770 1310 2836 διν
1330 2769 1571 2850 δεξάμενον,
1593 2774 1615 2835 i.
1630 2793 1657 2836 e.
1678 2768 1709 2844 ὃς
1733 2771 1887 2850 δεξαίμην

690 2876 728 2942 άν
751 2874 859 2941 πάντα
884 2877 1054 2957 ὑπομένειν,
1079 2883 1136 2942 aut
1159 2877 1263 2942 lenius
1288 2879 1386 2942 etiarn
1410 2876 1455 2942 άν
1480 2876 1627 2959 <δ>εχθ
1634 2901 1758 2956 μενον
1783 2880 1849 2945 ιιτὲ.

735 3096 766 3161 ΙΙ
791 3096 833 3162 33
857 3096 938 3176 (35),
951 3095 982 3160 2.
1015 3097 1067 3161 ιιαδ
1098 3098 1137 3168 ὥς
1169 3092 1298 3168 ἕκαστος
1332 3091 1451 3178 (εἶχε)
1481 3096 1637 3173 δυνάμεως
1666 3095 1885 3176 desponsione

597 3256 602 3264 .
691 3201 980 3281 σννεισῆνθγκαραεν,
1013 3203 1027 3266 θ
1059 3202 1114 3280 μὲν
1146 3202 1224 3281 κριὸν
1256 3203 1270 3266 θ
1303 3201 1333 3267 δὲ
1364 3200 1479 3280 τράγον
1510 3203 1524 3266 ι’
1556 3201 1586 3266 δὲ
1611 3202 1738 3280 κάπρον,
1763 3204 1779 3267 θ
1806 3204 1885 3282 (δὲ)

691 3308 782 3384 πίνης
814 3308 949 3374 πθπανον
981 3308 994 3372 θ
1026 3307 1051 3372 δ’
1077 3308 1121 3373 ἔτι
1154 3308 1328 3388 πενέστερος
1360 3308 1534 3385 λιβανωτοῦ
1558 3305 1713 3389 χθνδρους.
1743 3309 1792 3374 De
1818 3331 1888 3375 meo

692 3415 798 3479 addidi
823 3414 864 3481 ii.

738 3617 767 3681 ΙΙ
792 3616 834 3681 36
859 3607 984 3695 (38),1.
1011 3614 1120 3694 Φρύγα
1142 3616 1260 3691 οῐκθτῆν
1284 3614 1346 3696 ἔχει
1372 3617 1496 3694 ποννρθν
1520 3610 1565 3699 [ὃς
1591 3616 1728 3695 άπθβη
1753 3625 1887 3691 τοιοῦτος

693 3835 861 3895 annotans:
889 3827 977 3904 „Iam
1003 3834 1173 3913 antequam
1197 3827 1339 3891 Eudicus
1364 3849 1439 3892 eum
1459 3830 1555 3910 emit,
1577 3828 1590 3892 i
1612 3825 1693 3906 Φρύξ
1713 3837 1782 3894 erat
1803 3855 1889 3907 πονῆ-

692 3935 774 4014 ρθς”.
804 3935 870 4015 Nee
902 3955 993 4010 sane,
1025 3936 1051 3998 si
1076 3932 1182 4009 άπθβῆ
1207 3937 1348 4018 genuina
1373 3940 1421 3998 est
1444 3932 1559 4011 lectio,
1583 3934 1709 3999 defendi
1735 3945 1888 4022 possunt,

692 4039 907 4107 tolerabiliora
930 4041 1057 4115 futura,
1082 4041 1109 4103 si
1132 4041 1285 4123 primitus
1309 4039 1406 4104 fuerit
1428 4036 1622 4119 άνεφάνν.

740 4258 770 4323 ΙΙ
796 4258 837 4323 39
862 4257 944 4336 (41),
960 4256 988 4320 1.
1021 4256 1088 4336 πρὶν
1119 4255 1269 4339 [φθάσαι]
1301 4256 1503 4338 διαφθαρῆναι
1529 4262 1703 4329 παντελῶς.
1738 4259 1790 4325 lta
1814 4284 1888 4327 oum

692 4366 856 4432 Herchero
887 4362 1044 4429 Cobetum
1077 4368 1203 4427 secutus
1227 4362 1392 4448 Schepers.
1417 4362 1597 4428 subdubito
1621 4370 1731 4429 tamen
1756 4388 1797 4430 an
1823 4368 1890 4432 rhe-

693 4474 772 4538 toris
796 4472 1021 4555 potiusquam
1045 4467 1282 4553 interpolatoris
1306 4468 1399 4553 culpa
1422 4467 1543 4549 φθάσαι
1567 4471 1600 4532 in
1621 4468 1785 4535 codicibus
1805 4472 1890 4537 addi·

694 4586 766 4642 tum
801 4579 861 4652 sit,
897 4577 972 4659 quia
1006 4577 1032 4638 si
1067 4577 1219 4660 primitus
1250 4573 1417 4661 legebatur
1448 4574 1515 4655 πρὶν
1547 4572 1774 4655 διαφθαρῆναι,
1800 4577 1890 4642 nulle

694 4680 865 4764 probabilis
888 4700 982 4745 causa
1004 4686 1072 4745 erat
1095 4702 1151 4744 cur
1174 4682 1246 4764 quis
1268 4678 1351 4744 illud
1375 4680 1576 4745 adscriberet.
1605 4680 1672 4745 Nee
1696 4703 1773 4747 sane
1797 4686 1888 4768 peius

694 4784 810 4850 dicitur
833 4787 900 4864 πρὶν
921 4784 1041 4867 φθάσαι
1063 4784 1266 4865 διαφθαρῆναι
1289 4807 1386 4870 quam
1406 4808 1462 4851 nos
1479 4788 1513 4850 in
1533 4785 1722 4871 quotidiano
1741 4808 1888 4853 sermone

698 4887 833 4955 dicimus
859 4913 956 4969 „voor
979 4891 1034 4956 dat
1058 4893 1093 4976 cij
1120 4899 1196 4954 ecrit
1220 4890 1296 4956 —’'.
