5125 6150
706 870 709 875 .
810 828 874 895 132
1292 854 1500 904 nnocrnmss.

808 1014 913 1091 ηοστίς
944 1038 984 1094 χε
1015 1014 1049 1089 δίη
1081 1013 1119 1080 ὧν
1149 1019 1331 1094 μεμνήμεθα
1355 1021 1534 1099 χενίμενος,
1560 1020 1808 1098 ξυμτεττυκῦαν
1833 1024 1986 1105 ἔκτορίεί,

807 1126 865 1184 τῶν
889 1122 1045 1202 οίνίρύτυν
1067 1124 1096 1194 ἐς
1120 1124 1162 1189 τοὶ
1186 1121 1234 1202 ύρη
1258 1125 1470 1205 πεφευγότων,
1494 1127 1547 1193 καί
1570 1129 1624 1202 τίην
1648 1129 1751 1211 χύραν
1774 1128 1986 1210 καταδρομαῖς

807 1231 892 1294 λείαν
905 1232 1043 1309 ἐπονεῖτο,
1057 1234 1137 1306 πλην
1150 1235 1206 1296 τῶν
1220 1233 1394 1314 ἐλευθέρων·
1407 1235 1532 1306 τούτους
1545 1235 1574 1300 δὲ
1588 1237 1670 1312 ἠφίει
1683 1235 1789 1316 (Stahl
1801 1258 1857 1322 pro
1873 1238 1987 1318 οίΦίεν).

852 1336 889 1402 In
920 1338 971 1402 his
1001 1358 1126 1423 quoque
1156 1340 1243 1404 hiare
1273 1341 1355 1405 mihi
1379 1340 1506 1407 videtur
1529 1345 1639 1406 oratio.
1663 1340 1830 1428 Suspicor:
1856 1344 1908 1407 καί
1933 1347 1988 1419 την

807 1443 911 1523 χύραν
952 1444 1160 1523 καταδρομαῖς
1202 1445 1290 1511 λείαν
1324 1447 1469 1523 ἐπονεῖτο,
1506 1446 1775 1529 (evaporantes)
1812 1451 1893 1524 πλην
1928 1455 1987 1515 τῶν

807 1548 962 1631 ε’λευίίρυν
985 1551 1049 1618 κτὲ.

854 1761 941 1841 61,3
965 1762 1017 1826 καί
1038 1766 1186 1843 καρτεροῖς
1206 1761 1371 1841 γενομένης
1391 1761 1572 1843 ναυμαχίας
1595 1765 1647 1828 ούκ
1666 1761 1795 1828 ἔλασσον
1818 1762 1986 1844 ἔχοντες

806 1869 836 1932 ἒν
867 1871 909 1947 τῷ
942 1867 1018 1949 ἔργῳ
1043 1870 1067 1934 oi
1092 1877 1155 1934 Χῖον
1179 1870 1231 1933 καί
1256 1871 1281 1934 οί
1304 1867 1468 1948 ξύμμαχον
1483 1869 1736 1952 -οίνεχύρησαν
1760 1872 1789 1941 ἒς
1813 1872 1868 1946 την
1887 1870 1986 1936 τίλνν.

805 1975 907 2040 Miror
937 1997 989 2041 me
1020 1982 1150 2061 excepto
1181 1975 1308 2041 nullum
1340 1978 1495 2042 editorem
1526 1981 1664 2063 recipere
1687 1999 1802 2043 ausum
1823 1955 1904 2043 esse‘
1913 1977 1988 2042 libri

806 2081 951 2146 Vaticani
969 2080 1138 2147 lectionem
1157 2103 1237 2166 qnae
1256 2082 1323 2148 sola
1342 2085 1496 2148 rationem
1515 2083 1609 2148 habet
1629 2108 1646 2146 ο
1655 2083 1819 2163 χίντες,
1840 2086 1970 2149 correct'

805 2187 935 2273 reliquis
954 2187 1033 2253 locis
1057 2187 1289 2275 Thucydideis,
1314 2192 1369 2275 qui
1389 2189 1499 2255 eodem
1519 2192 1600 2256 vitio
1619 2189 1779 2267 laborant,
1799 2211 1837 2255 ne
1859 2187 1988 2257 Classen

808 2295 955 2380 quidem,
980 2297 1036 2379 qui
1059 2293 1173 2360 melius
1196 2316 1292 2382 quam
1316 2295 1411 2360 Hude
1433 2296 1592 2361 intellexit
1613 2299 1681 2362 eius
1700 2296 1815 2361 codicis
1834 2297 1869 2360 in
1887 2301 1988 2384 poete

807 2402 944 2467 rioribus
965 2399 1056 2465 libris
1071 2404 1178 2487 operis
1197 2400 1396 2488 Thucydidei
1414 2405 1652 2487 praestantiam.
1676 2402 1759 2483 Quid
1779 2423 1895 2487 quaeso
1916 2402 1989 2467 miri

810 2508 906 2573 hahet
936 2514 1090 2593 perpetua
1114 2509 1148 2572 in
1172 2529 1265 2573 mser.
1290 2508 1466 2573 formarum
1493 2517 1616 2574 exetN
1641 2515 1670 2574 et
1696 2517 1838 2587 exelN,
1866 2513 1986 2574 eXssN

810 2619 842 2680 et
867 2620 986 2678 can
1012 2613 1232 2700 similiumque
1254 2611 1414 2679 confusio?

855 2832 940 2911 64,1
975 2833 1026 2898 καί
1053 2831 1148 2913 είρητο
1172 2834 1274 2904 αὐτοῖς
1299 2839 1357 2898 τῶν
1380 2832 1515 2908 ύτηκίων
1539 2832 1655 2898 σίλευν
1678 2827 1727 2905 αίς
1755 2832 1792 2898 ἂν
1816 2830 1988 2914 ίσχασον

808 2939 996 3020 ὀλιγαρχίαν
1016 2939 1209 3005 καθεστάναι.
1227 2938 1356 3006 Soloeca
1375 2941 1456 3004 mihi
1473 2940 1601 3005 videtur
1612 2940 1687 3005 haec
1699 2939 1766 3004 coti.
1781 2936 1987 3024 Oseriptnra,

810 3067 905 3132 quam
930 3040 1035 3111 'Hude
1069 3045 1223 3133 praetulit
1256 3046 1385 3112 lectioni
1418 3049 1557 3132 optimae
1591 3046 1735 3111 Vaticani
1768 3048 1987 3131 τροτ(σ)χύσον

810 3157 925 3219 merito
955 3160 1098 3240 receptae
1130 3151 1331 3220 aOlaesenio
1354 3154 1503 3239 aliisque,
1528 3174 1687 3239 quamque
1710 3152 1899 3218 confirmant
1923 3152 1989 3218 reli-

811 3281 890 3345 qnae
933 3262 1101 3324 varietates
1143 3280 1252 3325 omnes
1286 3260 1403 3325 leviter
1436 3260 1635 3345 depravatae.
1670 3259 1888 3325 Necessarium
1924 3281 1987 3325 esse

810 3368 1076 3451 praepositionem
1106 3387 1180 3430 cnm
1212 3388 1267 3451 per
1299 3388 1331 3431 se
1363 3366 1464 3453 liquet
1495 3374 1565 3430 tum
1598 3367 1709 3431 docent
1739 3364 1800 3430 loci
1823 3364 1867 3430 IV
1892 3364 1988 3443 30,2.

810 3472 851 3549 ΙΙ,
882 3472 934 3538 91.
967 3472 1025 3536 VII
1057 3472 1110 3549 35,
1128 3472 1157 3538 2.
1191 3512 1233 3520 —
1265 3474 1313 3537 Ex
1345 3474 1452 3538 eodem
1483 3473 1588 3538 codice
1620 3471 1644 3540 G
1676 3493 1840 3558 perperam
1873 3473 1990 3557 recepit

811 3579 979 3644 κατελύετο
1002 3580 1035 3642 in
1058 3599 1124 3663 cap.
1150 3577 1192 3642 63
1216 3579 1266 3664 §3
1292 3580 1348 3644 ύτί
1373 3581 1434 3658 γὰρ
1458 3585 1561 3644 τοῦτον
1585 3580 1635 3643 τὸν
1657 3580 1761 3659 χρύνον
1785 3579 1836 3642 καί
1858 3576 1903 3642 ἔτι
1925 3575 1990 3655 τρί·

811 3708 892 3763 τερον
917 3688 933 3758 ἦ
960 3686 989 3748 ίν
1012 3693 1084 3757 ταῖς
1108 3687 1249 3758 ’Λύνίνανς
1273 3687 1526 3751 κατελέλυτο
1535 3734 1543 3764 ,
1568 3707 1664 3770 quam
1684 3685 1879 3770 reliquorum
1899 3684 1991 3749 libro

807 3813 879 3866 rum
903 3790 1071 3856 lectionem
1097 3795 1295 3857 verissimam
1319 3815 1385 3858 esse
1409 3815 1541 3879 sequens
1560 3795 1698 3857 narratio
1719 3791 1843 3856 abunde
1862 3790 1990 3856 demon·

809 3905 897 3963 strat.
926 3897 987 3963 Sed
1012 3920 1140 3983 prorsus
1164 3900 1244 3963 mihi
1267 3899 1362 3965 Hude
1386 3901 1534 3986 probavit
1557 3899 1639 3984 quod
1661 3921 1700 3964 ex
1723 3904 1909 3983 contempto
1932 3898 1990 3962 sihi

808 4005 958 4070 Vaticano
971 4010 1058 4084 (cnm
1071 4005 1203 4084 scholio)
1216 4012 1248 4071 et
1256 4006 1348 4071 Dion.
1365 4005 1437 4071 Hal.
1447 4028 1496 4092 ep.
1507 4006 1527 4070 2
1540 4006 1578 4071 ad
1590 4007 1697 4071 Amm.
1711 4028 1741 4090 p.
1752 4004 1828 4080 800,
1838 4004 1859 4068 2
1871 4007 1990 4089 recepit

808 4114 950 4188 εύνομίας
972 4134 1046 4177 mox
1068 4112 1153 4189 64,5
1176 4117 1368 4192 σωφροσύνην
1389 4117 1450 4192 γὰρ
1471 4114 1627 4189 λαβοῦσαν
1646 4116 1678 4176 αί
1700 4113 1803 4182 πόλεις
1816 4114 1868 4176 καί
1884 4110 1990 4177 ἄδειαν

809 4225 866 4282 τῶν
887 4221 1101 4297 πρασσομένων
1115 4221 1272 4300 ἐχώρησαν
1285 4220 1334 4284 ἕτί
1348 4222 1402 4295 τίην
1415 4219 1552 4300 ἄντικρυς
1567 4219 1745 4297 ἐλευθερίαν,
1767 4228 1836 4293 τοῖς
1857 4219 1921 4284 airh
1935 4225 1990 4284 τῶν

809 4326 974 4398 Ἀθηναίων
999 4325 1176 4391 ύσούλου
1200 4327 1394 4401 εύνομίας
1419 4328 1485 4407 (την
1510 4362 1552 4375 -
1577 4324 1705 4391 ὕπουλον
1730 4326 1871 4401 εύνομίαν
1895 4322 1936 4405 0)
1958 4325 1991 4390 ού

809 4434 1053 4513 προτιμήσαντες
1083 4455 1139 4519 pro
1169 4432 1304 4520 vulgata
1335 4436 1490 4519 scriptura
1521 4431 1810 4507 την-ὕπουλον
1834 4433 1993 4498 αύτονο-

808 4542 921 4616 μίαν,
946 4539 1029 4624 quod
1052 4537 1205 4603 mendum
1229 4542 1387 4625 originem
1413 4539 1523 4605 debere
1542 4542 1684 4624 suspicor
1702 4558 1887 4625 praegresso
1913 4539 1994 4603 ίλευ

808 4646 917 4723 θερίαν,
953 4652 985 4710 et
1019 4645 1148 4710 fortasse
1179 4644 1300 4710 infelici
1330 4649 1528 4711 coniecturae
1559 4645 1700 4710 debetur.
1731 4643 1820 4708 Nihil
1845 4650 1995 4710 curantes

808 4750 921 4816 falsam
952 4756 1048 4818 istam
1080 4754 1118 4817 ah
1143 4754 1390 4819 Atheniensibus
1413 4754 1474 4817 sihi
1498 4752 1637 4817 oblatam
1661 4753 1843 4815 eunomiam
1867 4748 1994 4817 'Phacus

808 4855 951 4941 aliaeque
970 4863 1135 4936 civitates,
1155 4866 1285 4926 nanctae
1306 4863 1460 4924 maiorem
1479 4858 1593 4945 agendi
1613 4857 1795 4923 libertatem
1816 4878 1914 4943 quam
1934 4860 1993 4923 suh

807 4961 954 5048 populari
976 4969 1111 5053 imperio
1134 4967 1327 5044 habuerant,
1351 4967 1390 5031 ab
1415 4966 1548 5030 Athenis
1572 4965 1761 5031 defecerunt.
