5125 6150
702 894 705 898 Ι
784 804 847 868 144
1115 819 1281 868 nrorrsros
1304 817 1620 868 mmcrnnrssmsrs.

782 990 827 1052 sic
857 991 933 1051 satis
961 986 1099 1071 placeat,
1127 1005 1255 1072 nempe:
1287 984 1339 1050 leci
1366 988 1421 1058 σὺν
1451 984 1772 1067 σινοισοψνφίοιν.
1803 982 1958 1052 Ceterum

782 1095 820 1159 cf.
844 1094 957 1159 Aesch.
980 1115 1006 1159 c.
1031 1090 1115 1160 Otos.
1138 1115 1169 1178 p.
1194 1091 1247 1157 89.
1261 1090 1315 1156 35.

827 1310 919 1376 V15
949 1333 981 1398 p.
1005 1309 1081 1376 880.
1117 1313 1221 1375 Aruns
1250 1309 1442 1395 Tarquinius
1471 1309 1609 1374 Brutum
1639 1310 1838 1388 προύκαλεῖτο
1869 1309 1961 1383 μόνον

779 1417 885 1498 αύτῷ
908 1415 1123 1491 συνοισόμενον.
1147 1415 1349 1502 scripsissem
1373 1416 1537 1503 equidem:
1557 1416 1645 1492 μόνον
1663 1416 1752 1498 μόνῳ.
1776 1415 1823 1483 Of.
1844 1415 1892 1481 XI
1915 1415 1958 1481 14

783 1545 815 1610 p.
840 1521 938 1601 2189,
963 1521 1048 1588 alibi.

828 1723 856 1789 V
881 1724 922 1789 16
952 1747 982 1812 p.
1007 1723 1091 1790 882:
1121 1725 1205 1802 Φοινιὶ
1236 1748 1282 1794 σιι
1314 1722 1440 1801 ἠκούσθη
1471 1733 1542 1797 ταῖς
1571 1723 1734 1800 bovinam
1763 1722 1960 1804 ύμφοσόοοιις

782 1840 989 1910 γεγονυῖαι.
1022 1831 1084 1896 Hic
1114 1833 1243 1896 haerent
1272 1834 1460 1917 interpretes
1491 1839 1523 1897 et
1553 1830 1731 1897 Schnellius
1761 1831 1800 1897 ad
1823 1835 1960 1910 incitas,

782 1938 890 2015 credo,
925 1938 1086 2016 redactus,
1121 1937 1374 2003 commendavit:
1411 1941 1495 2018 φωνή
1531 1962 1578 2012 τις
1614 1940 1751 2016 γέγονεν,
1785 1959 1842 2003 nec
1871 1946 1960 2004 certe

783 2047 890 2131 potuit
918 2044 1021 2110 dicere
1050 2044 1134 2110 unde
1164 2045 1342 2132 corruptela
1373 2053 1454 2110 esset
1477 2052 1554 2111 orta.
1579 2046 1732 2112 Potuerat
1753 2064 1827 2110 eum
1851 2050 1962 2110 tamen

783 2154 818 2216 in
846 2153 933 2215 viam
955 2150 1102 2217 reducere
1125 2150 1290 2230 Reielrius,
1315 2153 1370 2237 qui
1393 2151 1482 2217 docte
1506 2154 1623 2217 erravit
1645 2172 1746 2237 quum
1768 2151 1963 2216 rescribebat

784 2257 949 2322 barbaram
968 2258 1103 2322 formam
1122 2262 1316 2335 γεγσνοῦσοι,
1336 2258 1390 2323 sed
1410 2257 1604 2342 quantillum
1623 2265 1672 2322 est
1690 2278 1804 2323 vemm
1822 2259 1963 2342 reperire

785 2368 1003 2439 γεγονυῖα.
1037 2361 1105 2427 Ηοο
1139 2363 1234 2429 habet
1270 2362 1436 2428 Reiskius:
1472 2363 1510 2428 de
1542 2366 1753 2450 grammatica
1782 2383 1962 2449 numquam

784 2466 956 2533 admodum
979 2466 1134 2533 sollicitus
1156 2469 1237 2546 fuit,
1256 2468 1309 2533 sed
1330 2467 1536 2553 praecellebat
1554 2471 1587 2533 in
1607 2489 1642 2534 eo
1660 2489 1770 2534 sensns
1788 2471 1856 2533 eius
1875 2468 1964 2554 quod

786 2573 883 2639 decet.
904 2570 1053 2640 Oetemm
1072 2575 1200 2639 invenio
1218 2574 1303 2659 apud
1322 2573 1512 2660 Dionysium
1532 2576 1565 2638 in
1583 2577 1716 2651 vicinio,
1738 2573 1819 2638 v24
1832 2595 1862 2659 p.
1876 2572 1962 2639 899:

787 2683 872 2760 φοινὶι
895 2678 1106 2758 pepererint,
1130 2678 1204 2745 VIII
1228 2679 1270 2744 56
1294 2700 1325 2764 p.
1353 2680 1455 2745 1640:
1480 2678 1655 2757 ἐφθέγξατο
1678 2683 1779 2762 φωνὴν
1801 2679 1964 2745 εὐσύνετόν

788 2811 822 2849 σε
847 2786 898 2849 κού
922 2786 1066 2863 γεγωνόν,
1090 2785 1168 2851 XIII
1191 2809 1222 2872 p.
1249 2784 1323 2850 190.
1336 2784 1378 2852 27
1402 2785 1600 2868 Κι1τφωνῇ
1626 2788 1748 2866 γεγωνῷ
1773 2785 1964 2864 ἐφθέγξατο.

787 2893 952 2958 Praeterea
974 2893 1181 2958 Leeuwenius
1204 2912 1255 2956 me
1279 2891 1426 2958 admonet
1447 2895 1545 2958 etiam
1567 2892 1583 2956 I
1607 2891 1648 2957 39
1673 2915 1703 2978 p.
1729 2892 1792 2958 100
1815 2914 1870 2978 pro
1897 2894 1966 2972 s’yr·

787 2998 869 3077 νθνει
893 3020 960 3064 esse
982 2998 1153 3084 legendum
1176 2998 1331 3076 ἐγεγώνει.
1363 3072 1366 3079 ,

832 3217 858 3281 V
884 3215 924 3283 17
950 3238 980 3302 p.
1005 3215 1088 3282 884:
1121 3218 1171 3283 τόν
1200 3216 1288 3294 νόμον
1317 3216 1450 3295 νοούμενον
1474 3217 1544 3283 ieri
1569 3225 1626 3283 τῶν
1647 3218 1802 3297 βασιλέοιν
1825 3219 1968 3299 capiac-

789 3323 855 3401 βεν.
880 3323 965 3389 Imo:
991 3323 1054 3387 θοοὶ
1078 3330 1136 3388 σῶν
1155 3321 1319 3399 βασιλέων.

832 3526 859 3588 V
885 3525 924 3593 17
942 3550 973 3612 p.
999 3526 1074 3592 885.
1099 3526 1225 3613 Tragici
1244 3532 1353 3613 poetae
1373 3528 1456 3612 apud
1477 3529 1682 3593 Athenienses
1700 3549 1718 3593 a
1736 3530 1968 3594 vetustissimis

788 3634 982 3717 temporibus
1013 3634 1196 3719 repetebant
1228 3654 1321 3697 usum
1350 3636 1526 3698 orationum
1552 3634 1751 3712 funebrium,
1776 3636 1893 3719 quippe
1919 3660 1968 3700 νιο-

790 3739 970 3810 λοικεύονσες
1002 3740 1055 3812 τὴν
1086 3741 1173 3806 πόλιν
1205 3740 1253 3804 ἐπὶ
1287 3747 1347 3810 τοῖς
1378 3741 1434 3806 ὑπὸ
1466 3740 1587 3814 Θησέως
1616 3740 1887 3815 θαπτομένοις
1913 3742 1967 3807 nal

789 3849 870 3912 τοῦτ’
893 3847 1072 3923 ἐμύθευσαν.
1097 3846 1226 3933 Aliquid
1250 3846 1367 3911 excidit
1375 3868 1383 3926 ;
1410 3847 1622 3933 supplendum
1647 3847 1696 3911 ἐπὶ
1722 3850 1970 3917 σοῖς-θᾶσσο-

788 3952 885 4029 plum
909 3952 1024 4019 ἐνετοὶ.
1048 3952 1265 4037 Neglererunt
1289 3951 1409 4018 librarii
1433 3960 1539 4020 notam
1564 3952 1771 4019 numeralem.

836 4188 862 4251 V
884 4188 925 4254 19
946 4212 974 4274 p.
995 4188 1078 4253 889:
1099 4189 1152 4263 rev
1172 4187 1267 4253 οἷκόοιν
1288 4188 1317 4252 ἐν
1338 4188 1485 4269 ἐπιφθόνῳ
1505 4186 1587 4269 τόσῳ
1608 4187 1969 4269 ιιοοσεσιιενοὲσοισο,

789 4294 859 4362 leve
882 4301 930 4360 est
952 4297 1127 4381 corrigere:
1153 4294 1449 4363 κοιτεσκεθιιςο.

837 4501 860 4565 V
884 4499 928 4566 20
959 4523 988 4587 p.
1014 4497 1096 4564 891:
1129 4498 1343 4563 οὶσοδεόιιννσοοι
1370 4499 1533 4580 Ούοιλθοιοι
1559 4500 1593 4565 σθ
1618 4498 1751 4577 δεύτερον
1772 4494 1888 4569 ύσοιτοι
1915 4502 1969 4567 καὶ

704 4631 706 4635 ·
790 4606 844 4670 σὺν
866 4609 948 4688 αὐτῷ
974 4607 1228 4688 Λουκρήτιος.
1261 4605 1323 4671 Hic
1348 4606 1453 4671 deesse
1476 4628 1535 4671 non
1560 4606 1651 4670 debet
1674 4625 1863 4691 praenomen
1888 4611 1933 4684 (T
1945 4609 1970 4671 i-

790 4718 868 4790 σοι)
900 4714 1090 4789 Λουκρήτιοι.
1122 4709 1272 4779 (lotorum
1302 4733 1363 4776 non
1395 4719 1511 4798 erputo
1542 4734 1598 4777 cur
1628 4712 1770 4776 lacobius
1800 4710 1876 4776 alibi
1900 4712 1968 4798 ple-

790 4837 924 4903 rumque
955 4820 1021 4885 Titi
1050 4841 1163 4885 nomen
1194 4825 1393 4903 σοοσερισσᾷ.
1427 4818 1453 4884 0
1484 4818 1555 4884 lite
1586 4825 1655 4883 tute
1686 4818 1766 4883 Tati.
1792 4816 1818 4881 0
1842 4816 1914 4883 Tite
1938 4823 1967 4885 si

791 4925 867 5007 quid
891 4945 959 5010 ego.
