5125 6150
1090 832 1297 881 meorumue.
1721 811 1783 876 129

602 1002 768 1080 ιὶπολείψει
801 1007 853 1064 τοῦ
881 999 1086 1078 στρατοπέδου
1109 997 1269 1076 ξυνίβαινε
1293 1008 1330 1078 τῇ
1355 1023 1389 1062 τε
1414 997 1481 1074 όψει
1508 997 1628 1075 ἕκαστον
1651 997 1786 1073 ἆλγεινόι

602 1106 655 1171 καί
693 1118 731 1187 τῇ
767 1112 872 1188 γνώμῃ
904 1108 1071 1172 αίσίίσόαι.
1104 1108 1221 1191 Aperte
1252 1127 1353 1192 neque
1383 1106 1458 1170 ferri
1489 1112 1592 1190 potest
1615 1103 1785 1169 artificiosa

602 1214 699 1278 huius
717 1213 779 1278 loci
797 1216 1033 1298 interpretatio,
1055 1233 1134 1296 quae
1153 1234 1192 1276 ne
1210 1214 1272 1296 ipsi
1292 1212 1420 1296 quidem
1437 1213 1571 1287 auctori,
1586 1208 1784 1276 Classenium

601 1319 688 1395 dico,
720 1320 891 1396 satisfecit,
926 1340 1026 1404 neque
1051 1321 1147 1383 huius
1172 1321 1352 1383 coniectura
1375 1323 1431 1382 τῶν
1454 1317 1690 1397 πεπραγμένων.
1715 1316 1785 1383 Nisi

601 1425 703 1502 fallor,
724 1424 837 1490 lacuna
856 1424 1022 1490 statuenda
1042 1432 1090 1489 est
1109 1431 1181 1489 ante
1198 1423 1390 1489 vocabulum
1407 1430 1464 1488 τῶν
1475 1423 1681 1505 πραγμάτων.
1705 1422 1786 1488 Sori-

601 1533 710 1596 beuter
741 1535 827 1596 enim
851 1554 881 1598 v.
904 1554 930 1597 o.
955 1531 1046 1595 δεινόν
1071 1527 1119 1595 οὖν
1143 1527 1175 1603 ἦν
1199 1533 1232 1595 οὖ
1257 1531 1325 1594 καί
1349 1522 1378 1595 ἓν
1400 1531 1486 1604 μόνον
1510 1529 1782 1608 (διεφθαρμένων)

600 1645 659 1702 τῶν
691 1640 895 1717 πραγμάτων,
928 1637 972 1705 ότι
1005 1638 1082 1716 κτλ,
1113 1641 1304 1703 sententiam
1333 1640 1546 1704 nanciscimur
1575 1636 1779 1714 facillimam,

600 1765 681 1831 quae
704 1744 792 1810 nullo
818 1754 891 1831 eget
913 1749 1095 1831 interprete.

649 1948 735 2025 75,4
770 1951 822 2013 οὐκ
855 1947 926 2012 ἄνευ
956 1951 1104 2025 όλίγων
1137 1949 1349 2024 ἐπιόειασμῶν.
1387 1951 1448 2014 Pro
1479 1954 1628 2033 corrupto
1659 1946 1780 2024 όλίγων,

601 2058 692 2119 cuius
728 2059 878 2120 incertior
908 2056 1030 2121 medela
1069 2055 1237 2139 (hodieque
1275 2055 1379 2140 placet
1409 2057 1493 2142 qnod
1524 2055 1603 2121 olim
1632 2056 1782 2139 proposui

601 2162 733 2243 οίκτρῶν)
752 2163 854 2227 editor
873 2166 1037 2248 proposuit
1057 2164 1152 2239 ὠμῶν,
1173 2162 1257 2247 quod
1277 2184 1328 2228 me
1347 2163 1450 2228 iudice
1469 2169 1516 2228 est
1534 2163 1780 2249 ineptissimum.

1084 2383 1275 2394 n———u

1004 2544 1053 2606 An
1076 2561 1196 2608 muauu
1219 2561 1377 2609 ocravuu.

647 2724 709 2802 2,1
744 2762 786 2772 -
805 2725 831 2789 οί
862 2723 888 2789 δ’
912 2719 952 2789 αὔ
975 2730 1032 2789 τῶν
1058 2724 1305 2801 Λακεδαιμονίων
1329 2725 1545 2805 ξύμμαχοι
1569 2723 1782 2804 ξυμπροθυμη-

600 2832 699 2902 όέντες
724 2831 774 2895 ε’πί
800 2831 892 2895 πλέον
918 2832 934 2904 ἢ
959 2831 1026 2909 πρὶν
1048 2831 1288 2910 ἀπαλλάξεσθαι
1313 2833 1364 2897 διὰ
1389 2831 1506 2911 τοίχους
1529 2839 1647 2906 πολλῆς
1671 2847 1780 2895 ταλαι-

601 2937 726 3011 πωρίας.
758 2936 902 3012 μοίλιστα
927 2936 957 3001 δὲ
981 2935 1005 3002 ol
1030 2945 1087 3002 τῶν
1110 2939 1275 3012 Ἀθηναίων
1302 2938 1469 3012 ὑπήκοοι
1494 2938 1606 3012 ἑτοῖμοι
1630 2934 1705 3012 ἦσαν
1728 2936 1780 3000 καί

600 3044 684 3122 παρὰ
709 3042 837 3117 δύνομιν
860 3044 959 3107 αὐτῶν
982 3045 1178 3123 ἀφίστασθαι
1203 3046 1265 3110 κτὲ.
1291 3043 1477 3130 Suspicione
1497 3066 1558 3109 non
1580 3042 1671 3130 plane
1691 3049 1782 3108 vacat

599 3149 745 3214 additum
767 3151 905 3227 ὑπήκοοι,
926 3172 989 3235 quo
1009 3154 1124 3215 omisso
1145 3173 1161 3216 e
1181 3154 1373 3237 praegressis
1393 3151 1586 3222 audiendum
1599 3150 1781 3231 ξύμμαχοι,

598 3279 662 3343 qno
693 3257 844 3322 vocabulo
876 3258 1019 3323 subditos
1051 3280 1125 3323 suos
1157 3258 1272 3323 blando
1303 3261 1430 3323 nomine
1463 3258 1611 3323 denotare
1640 3256 1784 3322 solebant

601 3363 817 3428 Athenienses.
851 3363 898 3431 Of.
931 3373 1038 3432 tamen
1068 3364 1126 3429 Vll
1159 3362 1245 3441 57,4
1269 3364 1328 3442 bie,
1362 3364 1435 3428 VIII
1468 3363 1521 3441 64,
1536 3361 1566 3428 5.
1598 3360 1681 3430 Oum
1712 3361 1782 3428 loco

600 3477 706 3534 nostro
737 3470 776 3534 of.
803 3492 879 3534 mox
903 3492 969 3558 oap.
996 3471 1016 3534 4
1041 3478 1120 3536 extr.
1145 3471 1289 3548 μάλιστα
1314 3471 1346 3536 δέ
1369 3477 1440 3536 τῶν
1466 3465 1697 3550 ξυμμοίχων
1721 3469 1783 3533 δια·

599 3580 780 3648 σκοποῦντες
801 3574 880 3646 όπωι
904 3581 948 3652 μό
971 3583 1058 3656 οΦῶν
1081 3578 1319 3652 όποστήσονται.

647 3779 709 3857 3,1
747 3780 830 3854 εὐθὺς
863 3779 910 3847 οὖν
939 3780 1039 3859 Ἆγις
1070 3783 1125 3859 μὲν
1156 3782 1169 3846 ό
1198 3781 1351 3857 βασιλεὺς
1384 3781 1484 3845 αὐτῶν
1515 3782 1545 3845 ἐν
1580 3782 1620 3860 τῷ
1652 3783 1779 3859 χειμῶνι

601 3885 695 3967 τούτῳ
727 3888 860 3965 όρμνόείι
892 3889 1014 3967 στροίτιρ
1045 3888 1102 3952 τινί
1133 3889 1167 3951 ἐκ
1192 3887 1362 3958 Δεκελείας
1386 3885 1501 3952 τότε
1524 3884 1782 3965 τῶνξυμμάχων

602 3994 842 4071 ἠργυρολόγησεν
873 3995 901 4064 ἐς
934 3996 968 4058 τό
999 3996 1151 4071 ναυτικόν,
1184 3996 1235 4059 καί
1268 3983 1458 4071 τραπόμενοι
1493 3993 1541 4057 ίπί
1574 3995 1627 4055 τοῦ
1658 3997 1784 4063 Μνλιῶς

601 4101 715 4165 κόλπου
750 4102 813 4166 ari.
848 4101 961 4178 Recte,
994 4107 1031 4166 ut
1062 4100 1198 4181 videtur,
1231 4098 1361 4168 Classen
1393 4101 1431 4167 de
1462 4102 1569 4186 parvis
1593 4098 1784 4164 Boeotorum

600 4208 725 4292 oppidis
748 4215 780 4273 et
805 4207 912 4272 Locris
937 4207 1086 4292 Opuntiis
1110 4208 1187 4273 haec
1210 4210 1335 4293 accipit.
1370 4208 1457 4274 Num
1480 4208 1560 4272 forte
1583 4203 1786 4292 Thucydides

599 4317 725 4399 scripsit
749 4314 840 4378 τινοί
865 4338 907 4378 τε
933 4321 990 4379 τῶν
1014 4312 1216 4395 ξυμμάχωνί

648 4516 666 4583 7
698 4521 749 4582 τοῦ
781 4517 807 4583 δ’
831 4517 1063 4596 ἐπιγιγνομένου
1095 4519 1189 4596 ίίρουι
1215 4518 1300 4592 εὐθὺς
1326 4515 1602 4596 ἐπειγομένων
1625 4523 1683 4580 τῶν
1709 4517 1785 4581 Χίων

600 4624 786 4689 ἀποστεῖλαι
821 4625 879 4695 σόος
916 4630 988 4694 ναῦς
1024 4625 1088 4690 κτὲ.
1124 4625 1263 4690 Aduolat
1295 4623 1441 4693 Classen:
1475 4625 1679 4701 ἀποστεῖλαι,
1711 4622 1782 4699 „die

600 4731 813 4817 Aussendung
845 4754 882 4795 un
915 4731 1107 4808 bewirlren'’,
1138 4731 1188 4796 die
1211 4734 1256 4798 eie
1279 4754 1343 4796 uon
1366 4731 1438 4796 dem
1460 4730 1722 4796 Lacedaemoniar
1744 4750 1783 4794 zu

598 4837 759 4902 erreiohen
790 4838 924 4903 bemiiht
954 4859 1067 4903 waren.
1100 4836 1143 4902 Es
1173 4841 1216 4903 ist
1245 4838 1341 4902 daher
1371 4837 1459 4902 nicht
1489 4840 1551 4902 mit
1582 4836 1654 4901 dem
1678 4834 1783 4902 Schol.

600 4943 778 5021 ἐπείγεσθαι
804 4947 970 5009 transitive
989 4964 1027 5008 zu
1047 4944 1194 5009 verstehn
1214 4944 1432 5025 (ἐπειγόντων).
1452 4945 1496 5008 At
1512 4945 1590 5009 scire
1609 4941 1783 5029 pervelim,
