5125 6150
1222 845 1344 893 nrsras.
1813 829 1878 893 383

687 1011 830 1076 Tandem
852 1019 975 1088 πεῖσαν,
996 1011 1079 1096 quod
1104 1013 1225 1097 optime
1249 1010 1344 1074 habet
1369 1008 1406 1074 de
1427 1012 1541 1073 ricinis
1565 1013 1671 1074 minus
1696 1011 1878 1086 benevolis,

687 1137 762 1180 cum
787 1116 946 1202 largiendi
968 1137 1095 1200 quoque
1118 1118 1205 1180 notio
1229 1118 1324 1192 insit,
1349 1113 1483 1179 ridicule
1506 1115 1624 1179 dicit-ur
1643 1115 1680 1180 de
1700 1137 1773 1181 casu
1795 1138 1881 1201 prae-

688 1222 906 1298 tereuntibus,
932 1243 1010 1306 qnos
1034 1242 1052 1286 a
1075 1243 1127 1286 reo
1147 1224 1235 1305 operi
1258 1223 1381 1286 intento
1400 1242 1440 1286 ne
1460 1227 1642 1305 conspectos
1662 1221 1790 1306 quidem
1813 1244 1880 1287 esse

688 1348 746 1411 par
776 1337 835 1390 est.
868 1326 1111 1411 Supervacuum
1143 1329 1292 1390 existimo
1324 1324 1416 1411 plura
1446 1330 1636 1410 argumenta
1659 1326 1698 1390 ad
1722 1326 1880 1392 emblema

689 1455 742 1497 me
762 1433 866 1497 iudice
888 1432 1097 1496 manifestum
1123 1431 1323 1517 arguendum
1348 1434 1531 1516 conquirere
1539 1453 1547 1509 ;
1574 1432 1690 1515 quibus
1714 1432 1791 1496 haec
1817 1454 1879 1496 non

689 1537 868 1614 sufficiunt,
893 1537 957 1602 alia
981 1559 1042 1602 non
1066 1537 1313 1621 persuadebunt.

735 1752 787 1817 Or.
809 1752 979 1837 V11§22:
1003 1752 1102 1817 καότοο
1128 1753 1154 1817 εἰ
1179 1755 1277 1833 φὴο·
1304 1755 1354 1830 μὴ
1380 1751 1463 1817 δεῖν
1483 1755 1536 1824 τὴν
1556 1755 1665 1832 μορόαν
1684 1752 1878 1835 ἀφανίζοντα

687 1859 757 1930 τοὺς
782 1859 866 1924 ἐννέα
886 1857 1042 1941 ἄρχοντας
1063 1859 1227 1937 όποὶναγες
1243 1896 1273 1906 -
1289 1896 1319 1905 -
1333 1897 1381 1935 -,
1403 1861 1455 1923 οὐκ
1476 1858 1514 1922 civ
1534 1858 1639 1938 ἑτέρων
1658 1859 1716 1924 ἔδει
1737 1884 1781 1925 οον
1803 1885 1879 1939 pap·

689 1963 794 2041 τύρων.
818 1963 868 2028 Ita
891 1964 932 2028 X.
957 1962 1048 2029 Nihil
1070 1967 1179 2030 verius
1203 1984 1300 2049 quarn
1324 1964 1408 2049 quod
1431 1963 1567 2029 Aldinae
1588 1986 1700 2052 margo
1719 1970 1877 2050 porrexit:

686 2073 722 2146 μ’
754 2071 825 2134 ἰδεῖν
857 2092 913 2154 pro
944 2072 989 2146 μὶν
1022 2069 1092 2147 δεῖν,
1124 2070 1272 2155 pluribus
1295 2077 1332 2134 ut
1356 2091 1452 2154 supra
1475 2073 1588 2134 monui
1611 2070 1786 2136 editoribus
1810 2093 1878 2156 pro·

687 2176 810 2240 batum.
841 2176 907 2240 Nec
932 2181 1038 2241 tamen
1062 2177 1227 2252 omnibus,
1252 2196 1326 2240 cum
1354 2175 1392 2240 de
1417 2174 1676 2240 antecedentibus
1703 2179 1762 2241 etsi
1792 2177 1878 2241 haud

689 2280 784 2345 dubie
823 2283 981 2365 corruptis
1019 2281 1204 2366 ambigatur
1239 2280 1397 2365 quomodo
1439 2280 1636 2345 restituenda
1677 2284 1751 2345 sint.
1793 2282 1878 2346 Hinc

688 2387 851 2449 maximus
886 2385 1046 2450 editorum
1080 2389 1326 2471 criticorumque
1362 2386 1539 2462 dissensus,
1572 2389 1656 2449 inter
1686 2408 1765 2471 quos
1790 2388 1878 2451 fuere

688 2494 744 2576 qui
775 2490 912 2555 ulterius
941 2495 1102 2576 progressi
1132 2513 1206 2556 curn
1237 2490 1357 2555 Fuhrio
1389 2491 1488 2556 καότον
1519 2492 1545 2555 si
1571 2492 1656 2563 εόόός
1682 2492 1800 2571 (citior
1826 2492 1879 2557 Al·

690 2596 814 2676 brecht)
836 2598 872 2672 μ’
891 2595 958 2660 ἰδὼν
977 2599 1183 2682 requirerent.
1209 2597 1316 2662 Multo
1336 2618 1388 2661 me
1407 2597 1511 2661 iudice
1531 2600 1648 2662 rectius
1667 2597 1878 2663 Marklandus

688 2700 767 2766 olim
799 2699 849 2764 ότε
882 2703 1040 2767 inserebat
1071 2709 1145 2787 post
1175 2704 1220 2780 εἰ,
1247 2724 1343 2788 quern
1366 2702 1599 2767 Herwerdenus
1623 2710 1752 2768 secutus
1775 2711 1823 2767 est
1846 2711 1878 2769 et

689 2807 922 2872 Thalheimins.
947 2807 1008 2873 Sed
1034 2808 1132 2873 simul
1156 2814 1189 2873 et
1211 2807 1316 2872 lenius
1339 2815 1371 2873 et
1394 2811 1590 2884 accuratius,
1616 2847 1657 2856 -
1683 2811 1802 2873 etenim
1825 2806 1877 2874 ότε

688 2915 723 2989 μ’
748 2908 824 2984 εἶδες
850 2913 927 2978 bene
952 2914 1110 2993 sehabet,
1131 2910 1181 2978 ὅτε
1200 2916 1264 2994 <pic
1285 2916 1319 2990 μ’
1341 2915 1412 2978 ibris
1433 2936 1495 2979 non
1515 2917 1612 2991 item,
1627 2952 1667 2962 -
1688 2917 1878 2979 rescribetur

686 3018 770 3104 quod
795 3018 927 3084 suadeo:
948 3019 1047 3083 καότον
1068 3021 1113 3097 ri,
1131 3020 1285 3092 <ότεό>
1299 3020 1362 3100 φής
1382 3021 1417 3095 μ’
1437 3020 1510 3085 ἰδεῖν
1530 3044 1559 3085 τ.
1582 3044 1648 3100 μορ.
1670 3020 1875 3102 ἀφανίζοντα,

686 3129 755 3196 τοὺς
790 3124 874 3188 ἐννέα
906 3122 981 3205 ἄρχ.
1014 3128 1179 3202 ἐπήγαγες
1212 3141 1283 3189 κτλ.
1317 3124 1370 3202 Si,
1397 3127 1534 3210 qnoniam
1558 3129 1623 3190 tuis
1646 3134 1677 3190 te
1700 3126 1801 3191 oculis
1824 3148 1876 3192 mo

685 3229 938 3294 malefacientem
959 3231 1078 3294 vidisse
1098 3230 1280 3309 adseveras,
1302 3232 1467 3295 archontes
1487 3231 1540 3296 vel
1559 3234 1767 3318 Areopagitas
1780 3239 1877 3298 testes

685 3336 868 3401 advocasses
891 3341 999 3411 cett.,·
1017 3344 1055 3400 ut
1079 3357 1173 3401 omne
1197 3340 1487 3422 argumentationis
1510 3338 1634 3422 pondus
1657 3340 1754 3402 sitin
1779 3340 1875 3404 verbo

685 3444 767 3507 ἰδεῖν.
794 3439 945 3507 Ceterum
969 3445 1023 3505 vix
1048 3464 1127 3529 opus
1151 3449 1199 3506 est
1219 3458 1257 3507 ut
1277 3443 1410 3520 addam,
1432 3464 1470 3506 ex
1490 3464 1562 3508 mea
1584 3464 1708 3528 qnoque
1720 3448 1877 3510 sententia

686 3548 737 3612 hic
772 3567 834 3611 non
870 3549 952 3611 serio
984 3535 1078 3633 agere
1110 3568 1220 3626 reum,
1253 3549 1307 3613 sed
1338 3554 1556 3614 accusatorem
1587 3553 1720 3615 testium
1744 3554 1877 3636 penuria

685 3652 883 3717 laborantem
907 3656 962 3738 qui
984 3653 1066 3738 quod
1089 3653 1210 3718 factum
1230 3676 1291 3719 non
1312 3660 1380 3718 erat
1400 3654 1594 3720 affirmarent
1613 3654 1717 3741 lepide
1737 3656 1876 3722 ludibrio

685 3759 844 3822 habuisse.

733 3962 785 4026 Or.
811 3961 870 4027 Vll
894 3961 977 4045 ξ23.
1010 3961 1128 4026 Statim
1159 3964 1320 4046 sequitur:
1353 3963 1515 4027 δεινότατα
1547 3960 1595 4028 οὗν
1625 3963 1760 4042 retexo,
1786 3960 1824 4036 ὃς
1849 3966 1874 4030 εἰ

685 4068 742 4145 μὲν
773 4068 950 4148 παρέσχετο
982 4068 1159 4147 μάρτυρας,
1192 4069 1308 4138 τούτοις
1341 4066 1379 4133 όον
1411 4067 1492 4145 ἠξίου
1524 4068 1690 4147 ποοτεόεον,
1716 4069 1873 4143 ἐπειδὴδὲ

684 4175 737 4237 οὐκ
768 4174 843 4237 εἰσὶν
873 4175 977 4253 αὐτῷ,
1009 4175 1074 4248 ἐμοὶ
1107 4174 1159 4238 καὶ
1184 4174 1302 4248 ταύτην
1326 4172 1441 4253 ζημίαν
1464 4173 1558 4237 οἴεται
1583 4180 1695 4252 χρῆναι
1721 4176 1874 4252 γενέσθαι.

684 4280 788 4343 Haec:
819 4278 982 4345 δεινότατα
1007 4280 1141 4356 retexo,
1166 4276 1197 4350 tr
1223 4277 1304 4355 ἥξόον
1330 4294 1400 4344 κτλ.
1427 4281 1546 4343 sincera
1569 4300 1636 4343 esse
1660 4284 1790 4344 omnino
1813 4304 1875 4347 non

684 4392 828 4470 possunt.
848 4384 1110 4449 Rauchensteinii
1129 4388 1299 4450 inventum
1318 4382 1336 4447 ό
1342 4387 1370 4447 τ’
1391 4385 1416 4447 ri
1436 4384 1492 4459 μὲν
1514 4384 1692 4464 παρέσχετο
1714 4402 1796 4464 κτον,
1812 4409 1873 4471 quo

685 4491 831 4576 plerique
855 4493 1077 4576 acquiescunt,
1103 4492 1185 4555 mibi
1209 4490 1339 4576 quidem
1363 4512 1425 4555 non
1448 4489 1620 4555 admodum
1647 4492 1760 4576 placet.
1792 4492 1874 4557 Nam

685 4605 723 4661 ut
754 4597 922 4661 concedam
955 4594 1006 4661 ότε
1040 4598 1219 4683 significare
1249 4619 1360 4682 posse,
1384 4596 1468 4682 quod
1492 4601 1667 4686 necessario
1691 4602 1874 4684 requiritur,

686 4704 841 4788 quoniam,
867 4742 909 4751 -
937 4725 999 4788 qna
1023 4704 1061 4768 de
1085 4725 1118 4769 re
1142 4704 1287 4769 nonnihil
1310 4704 1386 4769 licet
1408 4704 1554 4768 dubitare
1571 4704 1603 4785 ¹),
1626 4744 1665 4754 -
1688 4704 1739 4770 vel
1760 4708 1804 4769 sic
1824 4706 1875 4771 hic

719 4947 746 5010 1)
772 4946 852 4995 ,(ὀτο
876 4945 956 4995 cancel
974 4962 993 4995 e.
1013 4947 1042 4994 19
1061 4945 1121 5007 W.
1145 4944 1388 5006 (Raucb.)1demrd
1406 4948 1449 4995 Or.
1468 4947 1524 4996 xlx
1543 4950 1591 5008 §br
1613 4945 1669 4995 ιότε
1686 4947 1730 4997 wic
1746 4948 1782 4997 cit
1799 4948 1875 4998 όπότε
