5125 6150
726 886 728 891 ,
800 821 863 889 146
1131 839 1295 887 nnonnsms
1318 836 1633 891 nfflonnnsssnnns.

799 1004 999 1077 λιπόντας
1017 1000 1142 1082 τάλλα,
1164 1002 1236 1070 V6.
1252 1005 1288 1072 1:
1309 1002 1401 1069 έθόιιει
1422 1002 1998 1084 αὐτοῖς--παραιιαλέσανταςΙ

798 1112 866 1184 τοὺς
901 1114 1056 1184 Σινωπέας
1089 1113 1282 1191 πορεύεσθαι,
1313 1109 1360 1175 III
1393 1109 1421 1174 l.
1436 1108 1473 1175 5:
1505 1109 1710 1188 συμβουλεύει
1739 1112 1779 1189 τῷ
1803 1116 1971 1189 Ξενοφῶντι

799 1217 968 1286 έλθόντα
1010 1220 1052 1290 εἷς
1096 1217 1239 1298 Δελφοὺς
1282 1218 1479 1281 άναιιοινῶσαι
1522 1217 1563 1295 τῷ
1607 1217 1676 1297 θεῷ·
1720 1218 1793 1282 hino
1829 1216 1844 1283 I
1877 1217 1971 1284 2.1:

800 1324 1020 1404 παραγγέλλει
1047 1327 1088 1406 τῷ
1112 1349 1147 1389 τε
1171 1324 1321 1404 Κλεάρχῳ
1344 1323 1519 1400 λαβόντι
1544 1320 1623 1398 ἥκειν
1646 1318 1712 1388 ὅσον
1736 1320 1768 1398 ἦν
1792 1325 1874 1403 αὐτῷ
1898 1323 1974 1403 πρά·

798 1456 900 1509 τενμα
931 1433 982 1497 καὶ
1015 1433 1056 1512 τῷ
1086 1432 1256 1511 Ἀριςθππῳ
1279 1429 1589 1507 συναλλαγέντι
1613 1432 1685 1508 πρὸς
1709 1430 1781 1509 τοὺς,
1802 1429 1871 1495 οἶκοι
1895 1431 1974 1496 άπο·

799 1537 924 1620 πέμψαι
964 1537 1034 1616 πρὸς
1072 1537 1178 1603 ἑαυτὸν
1217 1529 1231 1601 i
1262 1531 1330 1615 εἶχε
1366 1535 1525 1613 ςράσιυμα
1560 1539 1685 1620 reposui
1718 1535 1902 1612 λαβόντα
1940 1544 1973 1601 et

798 1643 1135 1722 συναλλαγέντα,
1167 1642 1434 1729 quemadmodum
1465 1642 1554 1706 brevi
1584 1647 1656 1726 post
1691 1649 1774 1706 reete
1809 1645 1972 1727 sequitur:

800 1751 887 1834 sote
907 1749 985 1826 θὶιιειν
1006 1748 1225 1828 παραγγέλλει
1244 1750 1385 1826 λαβόντα
1405 1749 1473 1819 τοὺς
1493 1745 1617 1819 ἄλλους.
1638 1747 1815 1813 Discrimen
1827 1755 1973 1834 apparet:

797 1861 825 1925 si
846 1860 1014 1922 retinueris
1033 1857 1178 1922 dativum
1201 1856 1349 1934 λαβόντι,
1373 1857 1433 1921 hoe
1455 1856 1630 1940 Xenophon
1654 1854 1771 1919 dixisse
1794 1854 1973 1924 videbitur:

798 1963 900 2036 θπειθέι
924 1963 1083 2044 Κλέαρχος
1106 1962 1221 2040 έλαβεν
1244 1958 1310 2027 θσυν
1334 1959 1367 2036 ἦν
1392 1963 1473 2043 αὐτῷ
1497 1963 1674 2043 ςράτευμα,
1699 1961 1713 2026 ό
1737 1966 1829 2041 Κῦρος
1849 1985 1975 2042 παραγ·

798 2071 906 2147 γέλλει
942 2071 1025 2148 αὐτῷ
1061 2066 1157 2144 ἥκειν·
1192 2090 1306 2134 verum
1336 2090 1399 2135 non
1428 2069 1504 2135 hese
1535 2073 1581 2133 est
1610 2067 1673 2133 loni
1704 2070 1875 2145 sententie,
1899 2067 1973 2135 sed:

802 2175 1022 2255 παραγγέλλει
1042 2179 1082 2256 τῷ
1103 2175 1252 2258 Κλεάρχῳ
1272 2176 1384 2254 λαβεῖν
1402 2174 1467 2241 ὅσον
1487 2174 1520 2251 ἦν
1540 2177 1622 2253 αὐτῷ
1642 2174 1865 2253 ςράτενμαιιαὶ
1881 2173 1975 2251 ι’ἱιιειν.

802 2282 882 2349 I'em
912 2288 961 2348 est
989 2284 1047 2348 hoo
1078 2290 1223 2368 opertum
1246 2289 1283 2347 ut
1306 2286 1409 2369 magis
1432 2304 1493 2347 non
1517 2284 1633 2367 possit;
1657 2284 1765 2367 itaquo
1788 2281 1918 2346 dativus
1942 2301 1975 2348 se

803 2396 887 2456 reete
916 2391 1012 2456 hebet
1040 2389 1141 2455 Aneb.
1164 2389 1220 2456 III.
1246 2390 1275 2454 1.
1290 2389 1350 2454 34:
1374 2392 1447 2465 ἡμῖν
1469 2389 1552 2468 θρῶσι
1577 2391 1616 2452 τοὶ
1642 2387 1780 2469 παρόντα
1804 2385 1886 2462 ἔδοξε
1903 2393 1977 2453 ’συν-

803 2498 913 2562 ελθεῒν·
946 2517 1008 2561 non
1038 2499 1124 2562 enim
1153 2495 1327 2582 signifieat:
1364 2498 1435 2572 ἡμῖν
1466 2493 1547 2572 ἔδοξε
1577 2495 1646 2572 όροῖν
1676 2495 1716 2558 τά
1750 2492 1888 2573 παρόντα
1924 2494 1976 2560 ιιαό

804 2605 965 2680 συνελθεῖν,
1006 2602 1077 2667 sed:
1123 2601 1224 2674 insedit
1264 2602 1399 2680 ἑωρῶμεν
1433 2603 1474 2666 τά
1508 2604 1662 2679 παρόντα,
1698 2600 1778 2679 έθοξε
1812 2603 1976 2666 συνελθεῖν.

805 2710 881 2774 Post
911 2707 988 2774 elios
1015 2706 1152 2774 Cobetns
1175 2710 1313 2774 breviter
1335 2709 1465 2774 eandem
1489 2711 1705 2795 quaestionem
1729 2710 1841 2792 attigit
1864 2709 1977 2772 Μαοιιι.

808 2812 894 2880 1857
925 2835 956 2900 p.
989 2813 1065 2879 368.
1096 2813 1163 2879 [em
1195 2814 1234 2879 ed
1262 2816 1342 2879 hono
1371 2813 1476 2879 lucem
1505 2816 1722 2899 unusquisque
1751 2816 1847 2877 sentit
1880 2833 1978 2899 quom

803 2923 846 2985 sit
876 2920 960 3005 epod
991 2919 1183 3007 Dionysium
1211 2921 1366 2986 absurdus
1388 2919 1442 2985 ille
1465 2920 1592 2985 dativus
1615 2919 1800 2996 πορευθέντι,
1824 2940 1880 2984 neo
1903 2940 1978 2984 sene

803 3027 976 3115 quidquem
999 3030 1151 3093 noncessit
1173 3028 1312 3094 Porsena
1330 3026 1455 3093 Valerio
1476 3026 1641 3104 πορευθέντι
1666 3026 1696 3092 h.
1718 3046 1745 3091 e.
1768 3026 1892 3104 absenti,
1924 3025 1978 3092 sed

797 3135 963 3218 praesenti.
1005 3132 1066 3199 Sed
1097 3139 1190 3199 erunt
1220 3135 1350 3200 fortasse
1379 3136 1435 3219 qui
1465 3134 1609 3199 dubitent
1638 3155 1677 3198 en
1704 3132 1878 3218 Dionysius
1909 3153 1979 3198 ean·

803 3240 876 3305 dem
906 3241 1058 3304 rationem
1089 3245 1215 3305 secutus
1246 3244 1305 3320 sit,
1337 3261 1432 3326 quem
1456 3240 1539 3326 apud
1562 3240 1769 3304 Athenienses
1791 3245 1978 3324 perpetuam

803 3368 869 3413 esse
903 3341 1132 3431 comperimus:
1167 3348 1283 3411 horum
1318 3350 1421 3432 igitur
1453 3350 1488 3411 in
1521 3348 1658 3432 gretiam
1692 3365 1791 3431 peuce
1822 3345 1977 3430 quaedam

804 3449 947 3536 exempla
977 3450 1063 3516 dabo.
1094 3450 1204 3537 Itaque
1235 3457 1487 3519 accusativusse
1512 3459 1594 3518 rente
1617 3452 1712 3516 hebet
1734 3449 1749 3513 Ι
1773 3451 1814 3515 55
1838 3472 1869 3536 p.
1896 3450 1977 3519 141:

806 3558 952 3635 Σόβυλλα
987 3560 1090 3628 αὐτοῖς
1125 3557 1241 3636 ἔφρασε
1386 3558 1525 3636 ἡγεμόνα
1561 3558 1864 3632 ποιησαμένους

804 3664 966 3738 δείμασθαι
992 3664 1091 3730 πόλιν.
1128 3664 1208 3729 156
1240 3687 1269 3751 p.
1296 3664 1377 3730 142:
1408 3662 1484 3730 εἶναι
1515 3665 1578 3744 γάρ
1609 3665 1690 3744 αὐτῷ
1721 3661 1913 3740 πεπρωμένον
1945 3664 1978 3730 εἰι

802 3770 917 3844 ταύτης
950 3769 1176 3848 όρμάμενον
1312 3780 1366 3846 τῆς
1389 3773 1529 3847 οἷιιιὶσεοις
1554 3775 1670 3844 πολλὴν
1694 3772 1832 3847 ιιάγαθόρν
1856 3770 1978 3843 έπιιιτιὶ·

803 3878 914 3941 σασθαι
946 3884 1014 3954 γῆν.
1047 3876 1142 3942 1147
1167 3898 1197 3962 p.
1223 3875 1305 3944 334:
1340 3877 1418 3956 ἔδοξε
1443 3886 1503 3950 τοῖς
1529 3877 1792 3956 βασιλεῦσκ....
1817 3877 1977 3941 διπλάσιον

802 3991 924 4056 ποιῆσαι
958 3984 1008 4045 τόν
1031 3989 1088 4047 τῶν
1111 3985 1275 4064 πατρικίων
1299 3984 1422 4062 άριθμόν
1445 3982 1886 4064 προσκαταλέξαντας,
1911 3984 1976 4048 ιιτέ.

802 4088 828 4152 V
856 4090 894 4153 II
922 4110 952 4174 p.
972 4087 1053 4154 870:
1080 4089 1254 4170 Κολλατίνῳ
1275 4096 1426 4169 παραινῶν
1440 4140 1447 4156 .
1463 4138 1469 4156 .
1485 4139 1491 4157 .
1507 4139 1514 4155 .
1536 4091 1598 4155 έκθ
1607 4114 1680 4154 ντα
1701 4090 1885 4154 καταθέσθαι
1901 4139 1908 4153 .
1924 4137 1932 4154 .
1946 4137 1953 4154 .
1969 4137 1977 4156 .

803 4194 987 4271 μεταθέσθαι
1022 4219 1058 4259 τε
1092 4197 1146 4269 τέρν
1181 4193 1294 4268 οἴκοισιν
1419 4195 1523 4260 πάντα
1559 4200 1600 4260 τά
1635 4199 1743 4261 ἑαυτοῦ
1779 4195 1979 4274 λαβόντα.

802 4300 877 4366 VIH
901 4299 943 4366 37
967 4324 997 4388 p.
1025 4302 1127 4367 1521:
1160 4302 1361 4378 συνεβούλευε
1393 4303 1526 4382 ιιρεῑττόν
1558 4327 1587 4365 τι
1618 4302 1979 4380 βουλευσαμένους

802 4409 893 4487 ἥκειν.
923 4408 959 4472 In
991 4412 1138 4493 genetivo
1169 4429 1218 4473 res
1246 4415 1294 4474 est
1317 4412 1415 4474 etiem
1439 4412 1466 4474 si
1489 4410 1556 4475 fiori
1579 4418 1683 4496 potest
1706 4412 1851 4495 opertior,
1876 4408 1981 4474 veluti

801 4517 833 4583 Π
857 4514 900 4582 58
923 4536 954 4600 p.
977 4514 1055 4579 148:
1079 4515 1178 4580 θιιέται
1199 4516 1280 4591 ὑμῶν
1300 4517 1447 4591 γινόμεθα
1468 4519 1511 4590 μὴ
1532 4517 1605 4593 πρός
1624 4519 1713 4596 όρνόιν
1734 4517 1776 4580 τά
1797 4515 1979 4594 πράγματα

802 4625 979 4703 λαμβάνειν
1011 4622 1322 4698 ένθνμνθέντας.
1355 4621 1381 4686 V
1410 4624 1453 4688 50
1484 4646 1514 4709 p.
1548 4623 1629 4689 963:
1663 4624 1847 4698 θεησάμενος
1879 4623 1980 4687 αὐτῶν

802 4732 872 4803 τοὺς
904 4732 1025 4812 ἐνόχους
1141 4728 1388 4808 έξευροθσας
1418 4730 1553 4795 ἐκδοῦναι
1576 4729 1627 4796 vel
1653 4730 1725 4794 VIII
1749 4729 1791 4795 39
1816 4752 1845 4815 p.
1874 4728 1980 4794 1595:
2006 4815 2008 4819 ,

800 4836 934 4913 isdusda
1036 4837 1227 4916 οἰκτείρασαν
1331 4840 1493 4917 προελθεῖν,
1528 4839 1582 4902 uti
1613 4859 1705 4903 nemo
1736 4858 1809 4902 sane
1832 4839 1982 4901 eoniioiet

801 4945 1026 5026 ένθυμνθέντων,
1048 4944 1223 5024 έξενρουσῶν
1243 4944 1298 5012 vel
1315 4946 1512 5024 οἶατειράσνς.
1537 4944 1629 5010 Nune
1652 4944 1734 5009 mihi
1757 4943 1841 5008 credi
1860 4946 1982 5027 poterit
