5125 6150
689 853 755 918 104
1214 866 1355 914 pressus.

688 1036 834 1098 tissimus
869 1033 955 1096 enim
992 1029 1210 1107 hndresenus,
1247 1033 1339 1094 ouius
1373 1029 1479 1095 studia
1508 1030 1637 1096 Tacitea
1665 1035 1736 1096 iure
1768 1035 1879 1119 magni

688 1141 824 1204 iacimus
844 1158 953 1202 omnes
967 1135 1001 1216 ¹),
1020 1136 1079 1201 hoe
1101 1157 1154 1200 me
1178 1136 1317 1200 refutare
1342 1142 1533 1221 argumento
1556 1143 1688 1201 conatus
1708 1142 1775 1215 est,
1798 1137 1879 1223 quod

689 1265 760 1309 mea
783 1249 907 1328 recepta
930 1241 1151 1307 emendatione
1176 1242 1214 1305 de
1237 1263 1310 1304 navo
1332 1243 1375 1304 sit
1397 1242 1603 1326 cogitandum
1628 1263 1768 1321 veneno,
1796 1242 1879 1328 quod

683 1351 774 1433 prius
798 1350 894 1413 luerit
918 1346 1146 1411 inveniendum
1170 1367 1266 1430 quam
1292 1347 1330 1410 ad
1348 1347 1471 1411 facinus
1491 1352 1689 1413 transiretur.
1712 1348 1775 1413 Sed
1795 1350 1877 1413 idem

687 1454 769 1520 illud
801 1457 862 1518 erit
892 1452 1102 1527 sumendum,
1134 1454 1160 1514 si
1194 1450 1362 1536 vulgatam
1394 1454 1559 1536 sequimur
1582 1453 1762 1518 lectionem.
1797 1453 1877 1532 Quid

688 1557 797 1626 enim?
822 1558 857 1623 Si
879 1556 925 1621 nil
945 1560 1008 1622 nisi
1024 1557 1242 1640 permiscentur
1261 1578 1381 1622 venena
1401 1558 1574 1642 quaedam,
1594 1562 1736 1623 nascitur
1756 1558 1876 1644 aliquid

690 1665 773 1752 quod
803 1665 901 1728 minue
931 1667 973 1728 sit
995 1663 1103 1728 efficax
1128 1684 1223 1747 quam
1248 1685 1357 1728 eorum
1381 1662 1464 1727 illud
1488 1664 1572 1748 quod
1596 1666 1639 1728 sit
1663 1667 1812 1729 omnium
1835 1686 1876 1730 ra·

688 1772 911 1858 pidissimum,
946 1770 1078 1834 fortasse
1112 1768 1232 1853 aliquid
1269 1769 1352 1854 quod
1387 1769 1479 1854 plane
1510 1772 1554 1834 sit
1583 1772 1771 1836 innocuum.
1805 1771 1875 1836 Sive

688 1878 802 1942 herhas
825 1876 948 1960 aliquas
971 1896 1068 1939 novas
1087 1874 1217 1939 adhibet
1237 1874 1393 1951 Locusta,
1414 1878 1481 1940 sive
1500 1897 1622 1940 venena
1641 1875 1768 1960 pridem
1788 1882 1874 1952 nota,

688 1984 758 2047 aovi
793 1981 914 2067 aliquid
949 1984 978 2045 ei
1013 1987 1061 2046 est
1096 1981 1312 2064 quaerendum
1347 1980 1651 2066 inveniendumque.
1688 1982 1777 2068 Ergo
1811 1986 1872 2047 sive

688 2090 828 2171 rapidam
851 2086 1009 2172 legimus,
1033 2090 1102 2151 sive
1125 2087 1282 2168 rapidius,
1307 2086 1514 2172 cogitandum
1534 2087 1625 2152 nohis
1645 2094 1694 2152 est
1714 2088 1753 2153 de
1773 2088 1873 2174 aliquo

689 2193 870 2257 laboratorio
901 2192 1063 2272 toaclapiao
1093 2193 1179 2276 quod
1209 2196 1301 2257 iuxta
1330 2192 1472 2259 Caesaris
1503 2194 1688 2259 cubiculum
1713 2194 1813 2260 fuerit
1832 2199 1874 2259 in-

688 2305 857 2365 structum.
889 2297 1111 2363 Incredibilem
1142 2319 1210 2363 rem
1234 2320 1302 2363 esse
1326 2300 1407 2363 hene
1429 2298 1578 2364 lubenter
1601 2300 1786 2366 Andreseno
1809 2322 1872 2367 oon·

688 2406 774 2470 cedo.
806 2403 885 2480 Sed,
917 2408 955 2467 ut
986 2403 1145 2479 dicebam,
1179 2403 1347 2480 veneficia,
1380 2404 1418 2468 de
1450 2406 1566 2488 quibus
1596 2413 1703 2469 narrat
1728 2404 1871 2481 Tacitus,

687 2509 877 2597 plerumque
899 2508 1083 2573 incredibile
1106 2508 1225 2572 habent
1248 2508 1388 2593 aliquid,
1413 2509 1497 2593 quod
1520 2512 1621 2574 nostri
1646 2510 1708 2575 loci
1730 2531 1796 2575 non
1818 2512 1873 2575 mi·

686 2638 747 2680 nus
770 2616 848 2679 hene
872 2614 963 2678 docet
985 2613 1120 2699 vulgata
1142 2634 1239 2699 quam
1263 2614 1431 2680 emendata
1453 2613 1558 2679 lectio.

733 2721 826 2785 Nunc
849 2719 887 2784 de
911 2718 1052 2784 Martiae
1076 2719 1214 2784 venefica
1237 2741 1318 2805 quae
1341 2725 1510 2785 narrantur
1528 2724 1567 2785 A.
1588 2720 1677 2799 lll,7
1699 2722 1872 2787 videamus.

686 2825 819 2890 Frustra
853 2847 905 2890 me
941 2846 979 2889 ex
1014 2825 1071 2890 illo
1104 2824 1290 2912 labyrintho
1325 2829 1483 2910 quaesisse
1518 2829 1643 2891 exitum
1678 2849 1873 2912 praemoneo.

688 2931 837 3010 „Eirecti”
870 2934 916 2996 ait
938 2931 1067 2996 Tacitus
1091 2938 1203 3009 „erant
1227 2935 1374 2996 omnium
1397 2936 1496 2997 animi
1521 2933 1674 3018 petendae
1698 2955 1714 2999 e
1738 2934 1873 3001 Pisoue''

685 3040 756 3125 (qui
786 3034 1014 3104 Germanicum
1043 3058 1164 3104 veneno
1188 3058 1313 3104 necasse
1334 3038 1510 3120 dicebatur)
1535 3039 1691 3118 „ultionis
1713 3047 1747 3106 et
1771 3042 1875 3108 creber

685 3153 753 3210 erat
776 3151 925 3229 questus:

731 3251 817 3338 quod
847 3271 951 3335 vagus
980 3253 1110 3315 interim
1139 3251 1239 3331 (Piso)
1269 3272 1326 3335 per
1348 3271 1480 3316 amoena
1503 3253 1597 3316 Asiae
1621 3257 1716 3337 atque
1739 3255 1876 3320 Achaiae

685 3358 853 3443 adroganti
884 3368 916 3421 et
946 3356 1080 3421 subdola
1110 3379 1200 3422 mora
1234 3355 1391 3422 scelerum
1425 3358 1630 3442 probationes
1664 3360 1875 3426 subverteret.

685 3464 770 3528 Nam
789 3461 961 3547 vulgatum
981 3470 1048 3527 erat
1069 3465 1219 3538 missam,
1241 3469 1278 3526 ut
1303 3462 1386 3538 dixi,
1411 3483 1430 3527 a
1453 3459 1510 3527 On.
1535 3463 1645 3528 Sentio
1668 3467 1739 3550 (qui
1763 3466 1874 3553 Syriae

685 3574 845 3654 praeerat,
878 3568 1004 3632 Pisonis
1035 3589 1204 3645 successor,
1229 3568 1268 3633 cf.
1293 3568 1323 3632 II
1349 3567 1404 3648 74)
1428 3569 1583 3633 famosam
1608 3569 1770 3635 veneficiis
1794 3572 1876 3637 Mar

685 3676 787 3738 tinam
818 3675 924 3738 subita
954 3681 1057 3740 morte
1093 3673 1257 3737 Brundisii
1292 3676 1501 3750 exstinctam,
1536 3695 1760 3759 venenumque
1795 3678 1875 3742 nodo

685 3781 823 3844 erinium
842 3781 910 3843 eius
930 3779 1144 3857 occultatum,
1165 3801 1223 3844 nee
1242 3778 1309 3844 ulla
1327 3782 1361 3843 in
1381 3800 1510 3864 corpore
1530 3784 1622 3866 signa
1641 3784 1765 3866 sumpti
1784 3786 1875 3848 exitii

684 3884 843 3970 reperta.''

731 3991 817 4069 Quae
848 3991 924 4075 quid
955 3990 1083 4055 tandem
1115 3990 1176 4054 sibi
1206 3988 1342 4055 volunt?
1374 3992 1614 4076 Argumentum
1636 3989 1699 4055 loci
1723 3992 1788 4057 hue
1812 3995 1876 4059 iere

684 4095 786 4161 redire
818 4097 931 4159 statuit
962 4094 1190 4180 Nipperdeius:
1225 4096 1403 4172 „Martina,
1434 4116 1629 4180 quamquam
1653 4095 1789 4161 dubium
1813 4122 1876 4165 non

685 4208 753 4267 erat
784 4203 861 4285 quin
890 4222 1050 4266 venenum
1079 4204 1268 4286 sumpsisset
1290 4201 1364 4280 (hoc
1387 4203 1473 4265 enim
1496 4221 1565 4265 eam
1591 4222 1717 4285 semper
1740 4204 1878 4270 occulta·

685 4311 757 4370 tum
780 4327 888 4371 secum
911 4306 1060 4371 habuisse
1083 4306 1177 4372 modo
1200 4312 1267 4372 erat
1287 4308 1467 4391 cognitum)
1489 4313 1594 4371 tamen
1612 4309 1771 4373 eiusmodi
1790 4314 1877 4375 necis

683 4410 775 4476 nulla
803 4412 939 4476 habebat
961 4414 994 4475 in
1018 4432 1148 4497 corpore
1170 4416 1261 4498 signa
1285 4420 1410 4497 aperta;
1435 4412 1590 4476 habuerat
1612 4433 1689 4498 ergo
1714 4434 1876 4481 venenum

688 4564 883 4573 ⁸——

719 4655 746 4714 1)
767 4653 846 4717 Igitur
869 4652 944 4701 miror
967 4652 1076 4716 equidem
1100 4668 1147 4701 noa
1169 4651 1282 4701 ambabus
1305 4668 1358 4703 eum
1384 4651 1492 4701 manibus
1514 4653 1643 4718 arripuisse
1661 4654 1717 4704 lelix
1734 4657 1876 4708 Woelfflinii

684 4735 810 4785 inventum
832 4738 864 4797 (s.
883 4734 1055 4784 Wochanscbr.
1073 4734 1089 4784 t.
1107 4734 1180 4783 klass.
1197 4734 1260 4783 Phil.
1278 4750 1302 4798 p.
1320 4736 1369 4783 4³1
1380 4736 1457 4799 sqq.);
1475 4750 1522 4784 non
1540 4736 1616 4784 miror
1632 4736 1778 4787 intellexisse
1795 4741 1877 4791 virum

684 4817 842 4882 perspicacem
860 4831 931 4880 quem
950 4815 1044 4865 molesti
1062 4821 1139 4865 suant
1155 4815 1275 4871 sanarat
1287 4815 1324 4865 illi
1340 4814 1491 4873 Plutarchei,
1505 4831 1576 4879 qaam
1592 4816 1675 4866 invicti
1688 4818 1751 4867 arcis
1764 4821 1879 4871 Woelffli-

684 4900 769 4948 nisuse
795 4903 991 4962 propugnatores.
1018 4899 1052 4945 lis
1079 4897 1222 4947 Plutarcbso
1247 4895 1282 4954 sic
1303 4895 1396 4956 ‘Psipns
1419 4896 1445 4945 iu
1467 4897 1604 4945 narratione
1627 4899 1656 4946 ds
1672 4900 1878 4952 tumultuantibus

685 4978 845 5044 praetorianis
862 4979 896 5042 (s,
915 4995 938 5043 p.
952 4981 1056 5042 tbsqq.)
1070 4978 1200 5028 assaltum
1216 4978 1248 5028 sit
1262 4979 1288 5028 ia
1304 4977 1434 5028 Andrsseni
1443 4977 1671 5028 eensars'silsntiam
1680 4980 1741 5029 scira
1750 4983 1876 5045 pervelim.
