<?xml version="1.0" encoding="UTF-8"?>
<!DOCTYPE html PUBLIC "-//W3C//DTD XHTML 1.0 Transitional//EN"
    "http://www.w3.org/TR/xhtml1/DTD/xhtml1-transitional.dtd">
<html xmlns="http://www.w3.org/1999/xhtml" xml:lang="en" lang="en">
 <head>
  <title>
</title>
<meta http-equiv="Content-Type" content="text/html;charset=utf-8" />
  <meta name='ocr-system' content='tesseract 3.04.00' />
  <meta name='ocr-capabilities' content='ocr_page ocr_carea ocr_par ocr_line ocrx_word'/>
</head>
<body>
  <div class='ocr_page' id='page_1' title='image "./mnemosyne04verdgoog_0023.png"; bbox 0 0 5125 6150; ppageno 0'>
   <div class='ocr_carea' id='block_1_1' title="bbox 1117 788 1785 864">
    <p class='ocr_par' dir='ltr' id='par_1_1' title="bbox 1117 788 1785 864">
     <span class='ocr_line' id='line_1_1' title="bbox 1117 788 1785 864; baseline -0.01 0"><span class='ocrx_word' id='word_1_1' title='bbox 1117 813 1282 864; x_wconf 75' lang='lat' dir='ltr'>nuouuus.</span> <span class='ocrx_word' id='word_1_2' title='bbox 1745 788 1785 858; x_wconf 80' lang='lat'>19</span> 
     </span>
    </p>
   </div>
   <div class='ocr_carea' id='block_1_2' title="bbox 599 971 1788 1270">
    <p class='ocr_par' dir='ltr' id='par_1_2' title="bbox 599 971 1788 1270">
     <span class='ocr_line' id='line_1_2' title="bbox 647 971 1787 1059; baseline -0.009 -15"><span class='ocrx_word' id='word_1_3' title='bbox 647 978 705 1044; x_wconf 94' lang='lat' dir='ltr'><strong>III.</strong></span> <span class='ocrx_word' id='word_1_4' title='bbox 731 980 771 1044; x_wconf 89' lang='lat' dir='ltr'>l:</span> <span class='ocrx_word' id='word_1_5' title='bbox 806 980 850 1044; x_wconf 79' lang='grc' dir='ltr'><strong><em>τιδ</em></strong></span> <span class='ocrx_word' id='word_1_6' title='bbox 881 977 1039 1056; x_wconf 83' lang='grc' dir='ltr'><strong><em>μέλλοντα</em></strong></span> <span class='ocrx_word' id='word_1_7' title='bbox 1071 977 1237 1059; x_wconf 84' lang='grc' dir='ltr'><strong><em>προειδέτες</em></strong></span> <span class='ocrx_word' id='word_1_8' title='bbox 1268 975 1320 1041; x_wconf 75' lang='grc' dir='ltr'>καὶ</span> <span class='ocrx_word' id='word_1_9' title='bbox 1352 981 1505 1055; x_wconf 73' lang='grc' dir='ltr'><strong><em>προειπεῖν</em></strong></span> <span class='ocrx_word' id='word_1_10' title='bbox 1535 971 1692 1050; x_wconf 70' lang='grc' dir='ltr'><strong><em>δυνάμενοι</em></strong></span> <span class='ocrx_word' id='word_1_11' title='bbox 1724 978 1787 1042; x_wconf 75' lang='grc' dir='ltr'><strong><em>τοῖς</em></strong></span> 
     </span>
     <span class='ocr_line' id='line_1_3' title="bbox 599 1080 1788 1169; baseline -0.008 -20"><span class='ocrx_word' id='word_1_12' title='bbox 599 1084 822 1164; x_wconf 75' lang='grc' dir='ltr'><strong><em>ἐρομένοις.</em></strong></span> <span class='ocrx_word' id='word_1_13' title='bbox 854 1084 974 1151; x_wconf 87' lang='lat' dir='ltr'>Melius</span> <span class='ocrx_word' id='word_1_14' title='bbox 1005 1092 1070 1162; x_wconf 88' lang='lat' dir='ltr'>ost,</span> <span class='ocrx_word' id='word_1_15' title='bbox 1100 1084 1206 1162; x_wconf 87' lang='lat' dir='ltr'>credo,</span> <span class='ocrx_word' id='word_1_16' title='bbox 1230 1082 1315 1169; x_wconf 92' lang='lat' dir='ltr'>quod</span> <span class='ocrx_word' id='word_1_17' title='bbox 1337 1084 1371 1147; x_wconf 94' lang='lat' dir='ltr'>in</span> <span class='ocrx_word' id='word_1_18' title='bbox 1395 1103 1458 1147; x_wconf 91' lang='lat' dir='ltr'>uno</span> <span class='ocrx_word' id='word_1_19' title='bbox 1481 1081 1586 1148; x_wconf 89' lang='lat' dir='ltr'>codice</span> <span class='ocrx_word' id='word_1_20' title='bbox 1609 1080 1788 1144; x_wconf 83' lang='lat' dir='ltr'>invenitur:</span> 
     </span>
     <span class='ocr_line' id='line_1_4' title="bbox 599 1189 825 1270; baseline 0.004 -14"><span class='ocrx_word' id='word_1_21' title='bbox 599 1189 825 1270; x_wconf 89' lang='grc' dir='ltr'><strong><em>δεομένοις.</em></strong></span> 
     </span>
    </p>
   </div>
   <div class='ocr_carea' id='block_1_3' title="bbox 602 1373 1791 1781">
    <p class='ocr_par' dir='ltr' id='par_1_3' title="bbox 602 1373 1791 1781">
     <span class='ocr_line' id='line_1_5' title="bbox 649 1373 1789 1461; baseline -0.006 -15"><span class='ocrx_word' id='word_1_22' title='bbox 649 1380 740 1446; x_wconf 85' lang='lat' dir='ltr'><strong>XIII.</strong></span> <span class='ocrx_word' id='word_1_23' title='bbox 763 1380 800 1446; x_wconf 86' lang='lat'>6:</span> <span class='ocrx_word' id='word_1_24' title='bbox 826 1379 878 1444; x_wconf 77' lang='grc' dir='ltr'><strong><em>καὶ</em></strong></span> <span class='ocrx_word' id='word_1_25' title='bbox 898 1380 961 1460; x_wconf 75' lang='grc' dir='ltr'>γὰρ</span> <span class='ocrx_word' id='word_1_26' title='bbox 980 1386 1107 1445; x_wconf 81' lang='grc' dir='ltr'><strong><em>Κλεῖτον</em></strong></span> <span class='ocrx_word' id='word_1_27' title='bbox 1127 1380 1282 1445; x_wconf 69' lang='grc' dir='ltr'><strong><em>ἐκεῖνον</em></strong></span> <span class='ocrx_word' id='word_1_28' title='bbox 1302 1378 1354 1458; x_wconf 78' lang='grc' dir='ltr'>δρῶ</span> <span class='ocrx_word' id='word_1_29' title='bbox 1374 1376 1427 1441; x_wconf 73' lang='grc' dir='ltr'>καὶ</span> <span class='ocrx_word' id='word_1_30' title='bbox 1450 1374 1665 1450; x_wconf 69' lang='grc' dir='ltr'><strong><em>Καλλισθένην.</em></strong></span> <span class='ocrx_word' id='word_1_31' title='bbox 1686 1373 1789 1461; x_wconf 82' lang='lat' dir='ltr'>Lege:</span> 
     </span>
     <span class='ocr_line' id='line_1_6' title="bbox 602 1480 1791 1569; baseline -0.003 -19"><span class='ocrx_word' id='word_1_32' title='bbox 602 1487 702 1552; x_wconf 77' lang='grc' dir='ltr'><strong><em>ἐκεῖ.</em></strong></span> <span class='ocrx_word' id='word_1_33' title='bbox 722 1486 807 1553; x_wconf 83' lang='lat' dir='ltr'><strong>Item</strong></span> <span class='ocrx_word' id='word_1_34' title='bbox 824 1484 982 1551; x_wconf 84' lang='lat' dir='ltr'><strong>XXIII.3</strong></span> <span class='ocrx_word' id='word_1_35' title='bbox 1001 1485 1115 1551; x_wconf 86' lang='lat' dir='ltr'>malim</span> <span class='ocrx_word' id='word_1_36' title='bbox 1127 1486 1298 1551; x_wconf 82' lang='lat' dir='ltr'>rescribere</span> <span class='ocrx_word' id='word_1_37' title='bbox 1318 1486 1405 1549; x_wconf 77' lang='grc' dir='ltr'><strong><em>ἐκεῖ</em></strong></span> <span class='ocrx_word' id='word_1_38' title='bbox 1423 1504 1520 1569; x_wconf 84' lang='lat' dir='ltr'>quem</span> <span class='ocrx_word' id='word_1_39' title='bbox 1532 1503 1606 1548; x_wconf 90' lang='lat' dir='ltr'>cum</span> <span class='ocrx_word' id='word_1_40' title='bbox 1618 1480 1791 1547; x_wconf 80' lang='lat' dir='ltr'>Fritnschio</span> 
     </span>
     <span class='ocr_line' id='line_1_7' title="bbox 603 1588 1791 1676; baseline -0.006 -18"><span class='ocrx_word' id='word_1_41' title='bbox 603 1591 713 1660; x_wconf 87' lang='lat' dir='ltr'>delere</span> <span class='ocrx_word' id='word_1_42' title='bbox 733 1593 797 1657; x_wconf 86' lang='grc' dir='ltr'>έκε</span> <span class='ocrx_word' id='word_1_43' title='bbox 808 1594 875 1672; x_wconf 74' lang='lat' dir='ltr'>lup.</span> <span class='ocrx_word' id='word_1_44' title='bbox 896 1592 1044 1657; x_wconf 87' lang='lat' dir='ltr'>Recurrit</span> <span class='ocrx_word' id='word_1_45' title='bbox 1062 1591 1149 1657; x_wconf 87' lang='lat' dir='ltr'>idom</span> <span class='ocrx_word' id='word_1_46' title='bbox 1168 1593 1288 1656; x_wconf 84' lang='lat' dir='ltr'>vitium</span> <span class='ocrx_word' id='word_1_47' title='bbox 1306 1589 1534 1676; x_wconf 83' lang='lat' dir='ltr'>Necyom.10;</span> <span class='ocrx_word' id='word_1_48' title='bbox 1556 1588 1594 1653; x_wconf 92' lang='lat' dir='ltr'>de</span> <span class='ocrx_word' id='word_1_49' title='bbox 1611 1610 1673 1674; x_wconf 95' lang='lat' dir='ltr'>quo</span> <span class='ocrx_word' id='word_1_50' title='bbox 1685 1593 1791 1654; x_wconf 89' lang='lat' dir='ltr'>tamen</span> 
     </span>
     <span class='ocr_line' id='line_1_8' title="bbox 602 1693 1589 1781; baseline -0.004 -17"><span class='ocrx_word' id='word_1_51' title='bbox 602 1699 675 1764; x_wconf 92' lang='lat' dir='ltr'>loco</span> <span class='ocrx_word' id='word_1_52' title='bbox 699 1697 794 1765; x_wconf 87' lang='lat' dir='ltr'>aliter</span> <span class='ocrx_word' id='word_1_53' title='bbox 816 1698 936 1764; x_wconf 89' lang='lat' dir='ltr'>iudicat</span> <span class='ocrx_word' id='word_1_54' title='bbox 960 1698 1154 1763; x_wconf 85' lang='lat' dir='ltr'>Fritaschins</span> <span class='ocrx_word' id='word_1_55' title='bbox 1176 1696 1303 1777; x_wconf 79' lang='lat' dir='ltr'>Quaest.</span> <span class='ocrx_word' id='word_1_56' title='bbox 1327 1695 1458 1761; x_wconf 84' lang='lat' dir='ltr'>Lucian.</span> <span class='ocrx_word' id='word_1_57' title='bbox 1480 1716 1511 1781; x_wconf 90' lang='lat' dir='ltr'>p.</span> <span class='ocrx_word' id='word_1_58' title='bbox 1537 1693 1589 1760; x_wconf 88' lang='grc'>69.</span> 
     </span>
    </p>
   </div>
   <div class='ocr_carea' id='block_1_4' title="bbox 605 1912 1797 2102">
    <p class='ocr_par' dir='ltr' id='par_1_4' title="bbox 605 1912 1797 2102">
     <span class='ocr_line' id='line_1_9' title="bbox 653 1912 1797 2000; baseline -0.004 -18"><span class='ocrx_word' id='word_1_59' title='bbox 653 1915 745 1982; x_wconf 87' lang='lat' dir='ltr'><strong>XXI.</strong></span> <span class='ocrx_word' id='word_1_60' title='bbox 774 1915 802 1980; x_wconf 92' lang='lat'>1.</span> <span class='ocrx_word' id='word_1_61' title='bbox 834 1915 951 1981; x_wconf 78' lang='lat' dir='ltr'><strong>Narrat</strong></span> <span class='ocrx_word' id='word_1_62' title='bbox 979 1913 1134 1982; x_wconf 83' lang='lat' dir='ltr'>Cerberus</span> <span class='ocrx_word' id='word_1_63' title='bbox 1158 1915 1316 2000; x_wconf 92' lang='lat' dir='ltr'>quomodo</span> <span class='ocrx_word' id='word_1_64' title='bbox 1339 1917 1498 1980; x_wconf 89' lang='lat' dir='ltr'>animatus</span> <span class='ocrx_word' id='word_1_65' title='bbox 1522 1912 1666 1979; x_wconf 87' lang='lat' dir='ltr'>Socrates</span> <span class='ocrx_word' id='word_1_66' title='bbox 1689 1913 1729 1978; x_wconf 86' lang='lat' dir='ltr'>ad</span> <span class='ocrx_word' id='word_1_67' title='bbox 1751 1916 1797 1978; x_wconf 92' lang='lat' dir='ltr'>in·</span> 
     </span>
     <span class='ocr_line' id='line_1_10' title="bbox 605 2020 1795 2102; baseline -0.004 -12"><span class='ocrx_word' id='word_1_68' title='bbox 605 2025 692 2090; x_wconf 87' lang='lat' dir='ltr'>feros</span> <span class='ocrx_word' id='word_1_69' title='bbox 711 2022 923 2088; x_wconf 81' lang='lat' dir='ltr'>descenderIt:</span> <span class='ocrx_word' id='word_1_70' title='bbox 945 2023 1032 2098; x_wconf 56' lang='lat' dir='ltr'>aare</span> <span class='ocrx_word' id='word_1_71' title='bbox 1050 2021 1095 2086; x_wconf 83' lang='grc' dir='ltr'><strong><em>έτι</em></strong></span> <span class='ocrx_word' id='word_1_72' title='bbox 1115 2021 1325 2097; x_wconf 73' lang='grc' dir='ltr'><strong><em>διαμέλλοντα</em></strong></span> <span class='ocrx_word' id='word_1_73' title='bbox 1345 2022 1438 2086; x_wconf 79' lang='grc' dir='ltr'><strong><em>αὐτὸν</em></strong></span> <span class='ocrx_word' id='word_1_74' title='bbox 1459 2020 1556 2085; x_wconf 75' lang='grc' dir='ltr'><strong><em>δακὼν</em></strong></span> <span class='ocrx_word' id='word_1_75' title='bbox 1576 2023 1624 2100; x_wconf 77' lang='grc' dir='ltr'><strong><em>τῷ</em></strong></span> <span class='ocrx_word' id='word_1_76' title='bbox 1650 2021 1795 2102; x_wconf 71' lang='grc' dir='ltr'><strong><em>κωνείῳ</em></strong></span> 
     </span>
    </p>
   </div>
   <div class='ocr_carea' id='block_1_5' title="bbox 605 2126 1916 2213">
    <p class='ocr_par' dir='ltr' id='par_1_5' title="bbox 605 2126 1916 2213">
     <span class='ocr_line' id='line_1_11' title="bbox 605 2126 1916 2213; baseline -0.003 -18"><span class='ocrx_word' id='word_1_77' title='bbox 605 2130 799 2195; x_wconf 72' lang='grc' dir='ltr'><strong><em>κατέσπασεν</em></strong></span> <span class='ocrx_word' id='word_1_78' title='bbox 830 2131 883 2193; x_wconf 83' lang='grc' dir='ltr'><strong><em>τοῦ</em></strong></span> <span class='ocrx_word' id='word_1_79' title='bbox 915 2127 1014 2200; x_wconf 87' lang='grc' dir='ltr'><strong><em>ποδές.</em></strong></span> <span class='ocrx_word' id='word_1_80' title='bbox 1046 2127 1109 2193; x_wconf 90' lang='lat' dir='ltr'>Hic</span> <span class='ocrx_word' id='word_1_81' title='bbox 1140 2148 1233 2192; x_wconf 89' lang='lat' dir='ltr'>nemo</span> <span class='ocrx_word' id='word_1_82' title='bbox 1263 2149 1325 2192; x_wconf 91' lang='lat' dir='ltr'>non</span> <span class='ocrx_word' id='word_1_83' title='bbox 1356 2128 1498 2193; x_wconf 77' lang='lat' dir='ltr'>haerebit</span> <span class='ocrx_word' id='word_1_84' title='bbox 1526 2133 1559 2193; x_wconf 89' lang='lat' dir='ltr'>et</span> <span class='ocrx_word' id='word_1_85' title='bbox 1583 2134 1711 2213; x_wconf 79' lang='lat' dir='ltr'>quaeret</span> <span class='ocrx_word' id='word_1_86' title='bbox 1735 2148 1796 2212; x_wconf 93' lang='lat' dir='ltr'>quo</span> <span class='ocrx_word' id='word_1_87' title='bbox 1911 2126 1916 2135; x_wconf 89' lang='lat'>&#39;</span> 
     </span>
    </p>
   </div>
   <div class='ocr_carea' id='block_1_6' title="bbox 604 2233 1818 4108">
    <p class='ocr_par' dir='ltr' id='par_1_6' title="bbox 604 2233 1818 4108">
     <span class='ocr_line' id='line_1_12' title="bbox 605 2233 1797 2321; baseline -0.003 -20"><span class='ocrx_word' id='word_1_88' title='bbox 605 2236 738 2302; x_wconf 86' lang='lat' dir='ltr'>tandem</span> <span class='ocrx_word' id='word_1_89' title='bbox 772 2237 952 2321; x_wconf 89' lang='lat' dir='ltr'>pertineant</span> <span class='ocrx_word' id='word_1_90' title='bbox 984 2235 1081 2300; x_wconf 85' lang='lat' dir='ltr'>verba</span> <span class='ocrx_word' id='word_1_91' title='bbox 1110 2236 1152 2314; x_wconf 81' lang='grc' dir='ltr'><strong><em>τῷ</em></strong></span> <span class='ocrx_word' id='word_1_92' title='bbox 1184 2236 1309 2312; x_wconf 70' lang='grc' dir='ltr'><strong><em>κωνείῳ·</em></strong></span> <span class='ocrx_word' id='word_1_93' title='bbox 1340 2234 1394 2298; x_wconf 91' lang='lat' dir='ltr'>sed</span> <span class='ocrx_word' id='word_1_94' title='bbox 1417 2236 1559 2320; x_wconf 94' lang='lat' dir='ltr'>primum</span> <span class='ocrx_word' id='word_1_95' title='bbox 1583 2233 1797 2319; x_wconf 82' lang='lat' dir='ltr'>expendamus</span> 
     </span>
     <span class='ocr_line' id='line_1_13' title="bbox 604 2339 1795 2422; baseline -0.003 -14"><span class='ocrx_word' id='word_1_96' title='bbox 604 2342 777 2408; x_wconf 82' lang='lat' dir='ltr'>Fritzschii</span> <span class='ocrx_word' id='word_1_97' title='bbox 796 2340 1050 2406; x_wconf 76' lang='lat' dir='ltr'>adnotationem:</span> <span class='ocrx_word' id='word_1_98' title='bbox 1072 2339 1192 2417; x_wconf 72' lang='lat' dir='ltr'>„tando</span> <span class='ocrx_word' id='word_1_99' title='bbox 1213 2343 1255 2418; x_wconf 80' lang='grc' dir='ltr'><strong><em>τῷ</em></strong></span> <span class='ocrx_word' id='word_1_100' title='bbox 1275 2342 1401 2422; x_wconf 78' lang='grc' dir='ltr'><strong><em>κωνείῳ·</em></strong></span> <span class='ocrx_word' id='word_1_101' title='bbox 1422 2342 1499 2406; x_wconf 89' lang='lat' dir='ltr'>haec</span> <span class='ocrx_word' id='word_1_102' title='bbox 1511 2341 1607 2406; x_wconf 84' lang='lat' dir='ltr'>verba</span> <span class='ocrx_word' id='word_1_103' title='bbox 1619 2340 1795 2406; x_wconf 89' lang='lat' dir='ltr'>cohaerent.</span> 
     </span>
     <span class='ocr_line' id='line_1_14' title="bbox 606 2445 1798 2542; baseline -0.003 -28"><span class='ocrx_word' id='word_1_104' title='bbox 606 2447 768 2542; x_wconf 77' lang='lat' dir='ltr'>Cerberus</span> <span class='ocrx_word' id='word_1_105' title='bbox 791 2451 872 2528; x_wconf 82' lang='lat' dir='ltr'>(sivo</span> <span class='ocrx_word' id='word_1_106' title='bbox 895 2450 989 2513; x_wconf 92' lang='lat' dir='ltr'>utin</span> <span class='ocrx_word' id='word_1_107' title='bbox 1012 2447 1147 2513; x_wconf 90' lang='lat' dir='ltr'>Demon.</span> <span class='ocrx_word' id='word_1_108' title='bbox 1172 2446 1215 2511; x_wconf 82' lang='lat'>45</span> <span class='ocrx_word' id='word_1_109' title='bbox 1240 2445 1379 2528; x_wconf 85' lang='lat' dir='ltr'>Oharon)</span> <span class='ocrx_word' id='word_1_110' title='bbox 1403 2446 1547 2512; x_wconf 90' lang='lat' dir='ltr'>mordere</span> <span class='ocrx_word' id='word_1_111' title='bbox 1566 2447 1686 2512; x_wconf 89' lang='lat' dir='ltr'>dicitur</span> <span class='ocrx_word' id='word_1_112' title='bbox 1704 2449 1798 2512; x_wconf 90' lang='lat' dir='ltr'>mori-</span> 
     </span>
     <span class='ocr_line' id='line_1_15' title="bbox 606 2552 1797 2640; baseline -0.003 -20"><span class='ocrx_word' id='word_1_113' title='bbox 606 2554 734 2620; x_wconf 91' lang='lat' dir='ltr'>bundos</span> <span class='ocrx_word' id='word_1_114' title='bbox 763 2556 786 2618; x_wconf 92' lang='lat' dir='ltr'>i.</span> <span class='ocrx_word' id='word_1_115' title='bbox 806 2575 832 2619; x_wconf 90' lang='lat' dir='ltr'>e.</span> <span class='ocrx_word' id='word_1_116' title='bbox 863 2556 946 2619; x_wconf 92' lang='lat' dir='ltr'>mori</span> <span class='ocrx_word' id='word_1_117' title='bbox 977 2575 1100 2640; x_wconf 82' lang='lat' dir='ltr'>cogere.</span> <span class='ocrx_word' id='word_1_118' title='bbox 1131 2574 1207 2639; x_wconf 81' lang='lat' dir='ltr'>ergo</span> <span class='ocrx_word' id='word_1_119' title='bbox 1231 2552 1395 2619; x_wconf 84' lang='lat' dir='ltr'>Socratem</span> <span class='ocrx_word' id='word_1_120' title='bbox 1418 2555 1522 2618; x_wconf 87' lang='lat' dir='ltr'>cicuta</span> <span class='ocrx_word' id='word_1_121' title='bbox 1545 2560 1710 2617; x_wconf 90' lang='lat' dir='ltr'>mortuum</span> <span class='ocrx_word' id='word_1_122' title='bbox 1734 2574 1797 2617; x_wconf 92' lang='lat' dir='ltr'>non</span> 
     </span>
     <span class='ocr_line' id='line_1_16' title="bbox 607 2658 1797 2737; baseline -0.001 -12"><span class='ocrx_word' id='word_1_123' title='bbox 607 2660 705 2726; x_wconf 88' lang='lat' dir='ltr'>dente</span> <span class='ocrx_word' id='word_1_124' title='bbox 734 2665 784 2737; x_wconf 91' lang='lat' dir='ltr'>(ut</span> <span class='ocrx_word' id='word_1_125' title='bbox 808 2658 899 2737; x_wconf 87' lang='lat' dir='ltr'>alios)</span> <span class='ocrx_word' id='word_1_126' title='bbox 922 2660 1096 2725; x_wconf 86' lang='lat' dir='ltr'>momordit</span> <span class='ocrx_word' id='word_1_127' title='bbox 1120 2659 1174 2724; x_wconf 91' lang='lat' dir='ltr'>sed</span> <span class='ocrx_word' id='word_1_128' title='bbox 1198 2662 1311 2724; x_wconf 91' lang='lat' dir='ltr'>cicuta.</span> <span class='ocrx_word' id='word_1_129' title='bbox 1336 2658 1410 2724; x_wconf 90' lang='lat' dir='ltr'>talis</span> <span class='ocrx_word' id='word_1_130' title='bbox 1433 2659 1602 2724; x_wconf 88' lang='lat' dir='ltr'>verborum</span> <span class='ocrx_word' id='word_1_131' title='bbox 1626 2658 1716 2723; x_wconf 92' lang='lat' dir='ltr'>lusus</span> <span class='ocrx_word' id='word_1_132' title='bbox 1739 2659 1797 2724; x_wconf 86' lang='lat' dir='ltr'>fro-</span> 
     </span>
     <span class='ocr_line' id='line_1_17' title="bbox 607 2763 1818 2853; baseline -0.003 -21"><span class='ocrx_word' id='word_1_133' title='bbox 607 2788 711 2853; x_wconf 92' lang='lat' dir='ltr'>quens</span> <span class='ocrx_word' id='word_1_134' title='bbox 742 2765 981 2851; x_wconf 87' lang='lat' dir='ltr'>Aristophani.&#39;&#39;</span> <span class='ocrx_word' id='word_1_135' title='bbox 1012 2765 1169 2831; x_wconf 85' lang='lat' dir='ltr'>Poterant</span> <span class='ocrx_word' id='word_1_136' title='bbox 1198 2766 1330 2831; x_wconf 90' lang='lat' dir='ltr'>fortasse</span> <span class='ocrx_word' id='word_1_137' title='bbox 1360 2764 1445 2830; x_wconf 89' lang='lat' dir='ltr'>haud</span> <span class='ocrx_word' id='word_1_138' title='bbox 1477 2763 1646 2829; x_wconf 75' lang='lat' dir='ltr'>dissimiles</span> <span class='ocrx_word' id='word_1_139' title='bbox 1673 2767 1735 2830; x_wconf 91' lang='lat' dir='ltr'>ioci</span> <span class='ocrx_word' id='word_1_140' title='bbox 1758 2786 1818 2842; x_wconf 44' lang='lat' dir='ltr'>ex,</span> 
     </span>
     <span class='ocr_line' id='line_1_18' title="bbox 607 2868 1796 2958; baseline -0.004 -19"><span class='ocrx_word' id='word_1_141' title='bbox 607 2873 825 2958; x_wconf 80' lang='lat' dir='ltr'>Aristophane</span> <span class='ocrx_word' id='word_1_142' title='bbox 848 2875 995 2950; x_wconf 80' lang='lat' dir='ltr'>excitari3</span> <span class='ocrx_word' id='word_1_143' title='bbox 1022 2872 1076 2937; x_wconf 93' lang='lat' dir='ltr'>sed</span> <span class='ocrx_word' id='word_1_144' title='bbox 1098 2873 1175 2958; x_wconf 93' lang='lat' dir='ltr'>quid</span> <span class='ocrx_word' id='word_1_145' title='bbox 1198 2874 1258 2938; x_wconf 93' lang='lat' dir='ltr'>boc</span> <span class='ocrx_word' id='word_1_146' title='bbox 1282 2868 1433 2937; x_wconf 82' lang='lat' dir='ltr'>adrem?</span> <span class='ocrx_word' id='word_1_147' title='bbox 1457 2871 1556 2937; x_wconf 91' lang='lat' dir='ltr'>Unice</span> <span class='ocrx_word' id='word_1_148' title='bbox 1580 2891 1695 2954; x_wconf 88' lang='lat' dir='ltr'>quaero</span> <span class='ocrx_word' id='word_1_149' title='bbox 1719 2870 1796 2954; x_wconf 94' lang='lat' dir='ltr'>quid</span> 
     </span>
     <span class='ocr_line' id='line_1_19' title="bbox 607 2976 1796 3064; baseline -0.003 -19"><span class='ocrx_word' id='word_1_150' title='bbox 607 2979 738 3055; x_wconf 88' lang='lat' dir='ltr'>deceat,</span> <span class='ocrx_word' id='word_1_151' title='bbox 770 2999 833 3063; x_wconf 94' lang='lat' dir='ltr'>quo</span> <span class='ocrx_word' id='word_1_152' title='bbox 864 2977 946 3043; x_wconf 90' lang='lat' dir='ltr'>nibil</span> <span class='ocrx_word' id='word_1_153' title='bbox 976 2983 1025 3044; x_wconf 89' lang='lat' dir='ltr'>est</span> <span class='ocrx_word' id='word_1_154' title='bbox 1048 2981 1275 3059; x_wconf 79' lang='grc' dir='ltr'><strong><em>’λττικώτεροκ</em></strong></span> <span class='ocrx_word' id='word_1_155' title='bbox 1300 2978 1370 3064; x_wconf 89' lang='lat' dir='ltr'>Ipse</span> <span class='ocrx_word' id='word_1_156' title='bbox 1394 2978 1534 3042; x_wconf 84' lang='lat' dir='ltr'>carnifex</span> <span class='ocrx_word' id='word_1_157' title='bbox 1557 2984 1641 3042; x_wconf 90' lang='lat' dir='ltr'>recte</span> <span class='ocrx_word' id='word_1_158' title='bbox 1664 2976 1796 3041; x_wconf 87' lang='lat' dir='ltr'>fortasse</span> 
     </span>
     <span class='ocr_line' id='line_1_20' title="bbox 607 3080 1796 3171; baseline -0.005 -19"><span class='ocrx_word' id='word_1_159' title='bbox 607 3087 673 3152; x_wconf 88' lang='lat' dir='ltr'>dici</span> <span class='ocrx_word' id='word_1_160' title='bbox 698 3089 816 3171; x_wconf 90' lang='lat' dir='ltr'>poterit</span> <span class='ocrx_word' id='word_1_161' title='bbox 839 3084 1000 3150; x_wconf 80' lang='lat' dir='ltr'>Socratem</span> <span class='ocrx_word' id='word_1_162' title='bbox 1023 3088 1064 3164; x_wconf 79' lang='grc' dir='ltr'><strong><em>τῷ</em></strong></span> <span class='ocrx_word' id='word_1_163' title='bbox 1088 3087 1195 3166; x_wconf 74' lang='grc' dir='ltr'><strong><em>κωνείῳ</em></strong></span> <span class='ocrx_word' id='word_1_164' title='bbox 1220 3085 1340 3150; x_wconf 80' lang='grc' dir='ltr'><strong><em>δακεῖν·</em></strong></span> <span class='ocrx_word' id='word_1_165' title='bbox 1367 3084 1443 3170; x_wconf 92' lang='lat' dir='ltr'>quid</span> <span class='ocrx_word' id='word_1_166' title='bbox 1467 3084 1526 3149; x_wconf 89' lang='lat' dir='ltr'>hoc</span> <span class='ocrx_word' id='word_1_167' title='bbox 1547 3084 1586 3150; x_wconf 84' lang='lat' dir='ltr'>ad</span> <span class='ocrx_word' id='word_1_168' title='bbox 1605 3080 1796 3150; x_wconf 77' lang='lat' dir='ltr'>Cerberum?</span> 
     </span>
     <span class='ocr_line' id='line_1_21' title="bbox 607 3187 1794 3274; baseline -0.005 -16"><span class='ocrx_word' id='word_1_169' title='bbox 607 3191 672 3258; x_wconf 88' lang='lat' dir='ltr'>Sed</span> <span class='ocrx_word' id='word_1_170' title='bbox 708 3189 797 3256; x_wconf 91' lang='lat' dir='ltr'>locus</span> <span class='ocrx_word' id='word_1_171' title='bbox 831 3191 887 3255; x_wconf 92' lang='lat' dir='ltr'>ubi</span> <span class='ocrx_word' id='word_1_172' title='bbox 921 3191 1088 3256; x_wconf 89' lang='lat' dir='ltr'>descensus</span> <span class='ocrx_word' id='word_1_173' title='bbox 1120 3198 1167 3255; x_wconf 92' lang='lat' dir='ltr'>est</span> <span class='ocrx_word' id='word_1_174' title='bbox 1198 3190 1237 3255; x_wconf 88' lang='lat' dir='ltr'>ed</span> <span class='ocrx_word' id='word_1_175' title='bbox 1267 3190 1384 3255; x_wconf 86' lang='lat' dir='ltr'>inferos</span> <span class='ocrx_word' id='word_1_176' title='bbox 1414 3189 1448 3253; x_wconf 80' lang='grc' dir='ltr'><strong><em>τέ</em></strong></span> <span class='ocrx_word' id='word_1_177' title='bbox 1472 3190 1575 3264; x_wconf 79' lang='grc' dir='ltr'><strong><em>ςέμιον</em></strong></span> <span class='ocrx_word' id='word_1_178' title='bbox 1599 3187 1794 3274; x_wconf 90' lang='lat' dir='ltr'>appellatur;</span> 
     </span>
     <span class='ocr_line' id='line_1_22' title="bbox 609 3295 1796 3382; baseline -0.004 -19"><span class='ocrx_word' id='word_1_179' title='bbox 609 3297 716 3364; x_wconf 84' lang='lat' dir='ltr'>veluti</span> <span class='ocrx_word' id='word_1_180' title='bbox 751 3296 885 3362; x_wconf 84' lang='lat' dir='ltr'><strong>XXVII.</strong></span> <span class='ocrx_word' id='word_1_181' title='bbox 919 3295 940 3361; x_wconf 89' lang='lat'>8</span> <span class='ocrx_word' id='word_1_182' title='bbox 972 3296 1153 3382; x_wconf 92' lang='lat' dir='ltr'>philosophi</span> <span class='ocrx_word' id='word_1_183' title='bbox 1188 3317 1224 3361; x_wconf 88' lang='lat' dir='ltr'>eo</span> <span class='ocrx_word' id='word_1_184' title='bbox 1258 3299 1452 3362; x_wconf 84' lang='lat' dir='ltr'>conveniunt</span> <span class='ocrx_word' id='word_1_185' title='bbox 1486 3300 1681 3380; x_wconf 88' lang='lat' dir='ltr'>spectatum:</span> <span class='ocrx_word' id='word_1_186' title='bbox 1723 3295 1796 3359; x_wconf 91' lang='lat' dir='ltr'>hinc</span> 
     </span>
     <span class='ocr_line' id='line_1_23' title="bbox 608 3401 1796 3491; baseline -0.007 -20"><span class='ocrx_word' id='word_1_187' title='bbox 608 3404 789 3491; x_wconf 80' lang='lat' dir='ltr'>Diogenes:</span> <span class='ocrx_word' id='word_1_188' title='bbox 821 3403 874 3478; x_wconf 74' lang='grc' dir='ltr'>ἤδη</span> <span class='ocrx_word' id='word_1_189' title='bbox 907 3402 957 3466; x_wconf 73' lang='grc' dir='ltr'>ἐπὶ</span> <span class='ocrx_word' id='word_1_190' title='bbox 989 3405 1031 3483; x_wconf 76' lang='grc' dir='ltr'><strong><em>τῷ</em></strong></span> <span class='ocrx_word' id='word_1_191' title='bbox 1063 3402 1158 3481; x_wconf 79' lang='grc' dir='ltr'><strong><em>ςομέφ</em></strong></span> <span class='ocrx_word' id='word_1_192' title='bbox 1190 3403 1282 3478; x_wconf 86' lang='grc' dir='ltr'><strong><em>ε’σμέν</em></strong></span> <span class='ocrx_word' id='word_1_193' title='bbox 1315 3407 1347 3467; x_wconf 84' lang='lat' dir='ltr'>et</span> <span class='ocrx_word' id='word_1_194' title='bbox 1379 3401 1448 3486; x_wconf 76' lang='lat'>§91</span> <span class='ocrx_word' id='word_1_195' title='bbox 1480 3401 1621 3478; x_wconf 77' lang='grc' dir='ltr'><strong><em>οὶπέιιμεν</em></strong></span> <span class='ocrx_word' id='word_1_196' title='bbox 1654 3401 1728 3478; x_wconf 76' lang='grc' dir='ltr'>ἤδη,</span> <span class='ocrx_word' id='word_1_197' title='bbox 1752 3403 1796 3477; x_wconf 71' lang='grc' dir='ltr'>μὴ</span> 
     </span>
     <span class='ocr_line' id='line_1_24' title="bbox 608 3507 1796 3587; baseline -0.002 -13"><span class='ocrx_word' id='word_1_198' title='bbox 608 3510 665 3574; x_wconf 68' lang='lat' dir='ltr'>aa!</span> <span class='ocrx_word' id='word_1_199' title='bbox 695 3533 743 3582; x_wconf 92' lang='grc' dir='ltr'><strong><em>τις</em></strong></span> <span class='ocrx_word' id='word_1_200' title='bbox 774 3510 857 3585; x_wconf 75' lang='grc' dir='ltr'><strong><em>ἡμᾶς</em></strong></span> <span class='ocrx_word' id='word_1_201' title='bbox 889 3507 1033 3583; x_wconf 83' lang='grc' dir='ltr'><strong><em>ύπέδιρται</em></strong></span> <span class='ocrx_word' id='word_1_202' title='bbox 1063 3509 1103 3579; x_wconf 73' lang='grc' dir='ltr'>ὣς</span> <span class='ocrx_word' id='word_1_203' title='bbox 1135 3507 1304 3585; x_wconf 79' lang='grc' dir='ltr'><strong><em>οὶπέδρασιν</em></strong></span> <span class='ocrx_word' id='word_1_204' title='bbox 1326 3507 1537 3585; x_wconf 80' lang='grc' dir='ltr'><strong><em>βουλεύοντας</em></strong></span> <span class='ocrx_word' id='word_1_205' title='bbox 1547 3557 1555 3586; x_wconf 88' lang='grc'><em>,</em></span> <span class='ocrx_word' id='word_1_206' title='bbox 1580 3509 1648 3586; x_wconf 82' lang='grc' dir='ltr'><strong><em>ὁρῶν</em></strong></span> <span class='ocrx_word' id='word_1_207' title='bbox 1671 3507 1737 3587; x_wconf 76' lang='grc' dir='ltr'><strong><em>περὶ</em></strong></span> <span class='ocrx_word' id='word_1_208' title='bbox 1761 3508 1796 3572; x_wconf 79' lang='grc' dir='ltr'><strong><em>τὸ</em></strong></span> 
     </span>
     <span class='ocr_line' id='line_1_25' title="bbox 607 3611 1796 3691; baseline -0.001 -11"><span class='ocrx_word' id='word_1_209' title='bbox 607 3615 716 3691; x_wconf 80' lang='grc' dir='ltr'><strong><em>ςέμιον</em></strong></span> <span class='ocrx_word' id='word_1_210' title='bbox 748 3614 947 3690; x_wconf 82' lang='grc' dir='ltr'><strong><em>εἱλουμένους.</em></strong></span> <span class='ocrx_word' id='word_1_211' title='bbox 979 3614 1103 3679; x_wconf 92' lang='lat' dir='ltr'>Ibidem</span> <span class='ocrx_word' id='word_1_212' title='bbox 1134 3613 1296 3679; x_wconf 81' lang='lat' dir='ltr'>Socratem</span> <span class='ocrx_word' id='word_1_213' title='bbox 1328 3611 1483 3680; x_wconf 77' lang='lat' dir='ltr'>Cerberus</span> <span class='ocrx_word' id='word_1_214' title='bbox 1511 3614 1691 3679; x_wconf 90' lang='lat' dir='ltr'>momordit.</span> <span class='ocrx_word' id='word_1_215' title='bbox 1717 3613 1796 3679; x_wconf 83' lang='lat' dir='ltr'>Vide</span> 
     </span>
     <span class='ocr_line' id='line_1_26' title="bbox 606 3718 1795 3806; baseline -0.003 -19"><span class='ocrx_word' id='word_1_216' title='bbox 606 3726 709 3787; x_wconf 82' lang='lat' dir='ltr'>etiam</span> <span class='ocrx_word' id='word_1_217' title='bbox 740 3722 836 3786; x_wconf 82' lang='lat' dir='ltr'>verba</span> <span class='ocrx_word' id='word_1_218' title='bbox 866 3741 946 3806; x_wconf 90' lang='lat' dir='ltr'>quae</span> <span class='ocrx_word' id='word_1_219' title='bbox 974 3722 1118 3805; x_wconf 89' lang='lat' dir='ltr'>proxime</span> <span class='ocrx_word' id='word_1_220' title='bbox 1149 3720 1357 3805; x_wconf 89' lang='lat' dir='ltr'>praecedunt:</span> <span class='ocrx_word' id='word_1_221' title='bbox 1383 3720 1448 3783; x_wconf 76' lang='grc' dir='ltr'><strong><em>έτεὶ</em></strong></span> <span class='ocrx_word' id='word_1_222' title='bbox 1474 3719 1504 3783; x_wconf 88' lang='grc' dir='ltr'>δέ</span> <span class='ocrx_word' id='word_1_223' title='bbox 1528 3721 1702 3797; x_wconf 76' lang='grc' dir='ltr'><strong><em>κατέκυψεν</em></strong></span> <span class='ocrx_word' id='word_1_224' title='bbox 1726 3718 1795 3784; x_wconf 77' lang='grc' dir='ltr'><strong><em>εἶτα</em></strong></span> 
     </span>
     <span class='ocr_line' id='line_1_27' title="bbox 606 3822 1796 3909; baseline -0.003 -16"><span class='ocrx_word' id='word_1_225' title='bbox 606 3834 662 3894; x_wconf 86' lang='grc' dir='ltr'><strong><em>τοῦ</em></strong></span> <span class='ocrx_word' id='word_1_226' title='bbox 695 3828 867 3909; x_wconf 75' lang='grc' dir='ltr'><strong><em>χάσματος</em></strong></span> <span class='ocrx_word' id='word_1_227' title='bbox 898 3828 950 3891; x_wconf 79' lang='grc' dir='ltr'>καὶ</span> <span class='ocrx_word' id='word_1_228' title='bbox 983 3822 1045 3891; x_wconf 71' lang='grc' dir='ltr'><strong><em>εἶδε</em></strong></span> <span class='ocrx_word' id='word_1_229' title='bbox 1077 3826 1128 3890; x_wconf 82' lang='grc' dir='ltr'><strong><em>τὸν</em></strong></span> <span class='ocrx_word' id='word_1_230' title='bbox 1159 3826 1262 3908; x_wconf 78' lang='grc' dir='ltr'><strong><em>ζόφον,</em></strong></span> <span class='ocrx_word' id='word_1_231' title='bbox 1289 3827 1376 3904; x_wconf 77' lang='grc' dir='ltr'><strong><em>κοὶγὼ</em></strong></span> <span class='ocrx_word' id='word_1_232' title='bbox 1401 3826 1446 3890; x_wconf 87' lang='grc' dir='ltr'><strong><em>έτι</em></strong></span> <span class='ocrx_word' id='word_1_233' title='bbox 1471 3825 1679 3903; x_wconf 84' lang='grc' dir='ltr'><strong><em>διαμέλλοντα</em></strong></span> <span class='ocrx_word' id='word_1_234' title='bbox 1702 3828 1796 3891; x_wconf 82' lang='grc' dir='ltr'><strong><em>αιἰτδν</em></strong></span> 
     </span>
     <span class='ocr_line' id='line_1_28' title="bbox 607 3931 1796 4014; baseline -0.003 -14"><span class='ocrx_word' id='word_1_235' title='bbox 607 3935 709 4001; x_wconf 69' lang='grc' dir='ltr'><strong><em>δακὼν</em></strong></span> <span class='ocrx_word' id='word_1_236' title='bbox 740 3934 755 3996; x_wconf 87' lang='grc' dir='ltr'><strong><em>ε’</em></strong></span> <span class='ocrx_word' id='word_1_237' title='bbox 763 3932 805 3997; x_wconf 82' lang='grc' dir='ltr'><strong><em>τέ</em></strong></span> <span class='ocrx_word' id='word_1_238' title='bbox 837 3935 885 4014; x_wconf 79' lang='grc' dir='ltr'><strong><em>τῷ</em></strong></span> <span class='ocrx_word' id='word_1_239' title='bbox 918 3933 1042 4013; x_wconf 80' lang='grc' dir='ltr'><strong><em>ςομέῳ</em></strong></span> <span class='ocrx_word' id='word_1_240' title='bbox 1074 3932 1262 3997; x_wconf 78' lang='grc' dir='ltr'><strong><em>κατέσπασα</em></strong></span> <span class='ocrx_word' id='word_1_241' title='bbox 1291 3938 1344 3996; x_wconf 84' lang='grc' dir='ltr'><strong><em>τοῦ</em></strong></span> <span class='ocrx_word' id='word_1_242' title='bbox 1368 3931 1473 4009; x_wconf 77' lang='grc' dir='ltr'><strong><em>ποδός,</em></strong></span> <span class='ocrx_word' id='word_1_243' title='bbox 1499 3934 1563 3997; x_wconf 86' lang='grc' dir='ltr'><strong><em>κτέ.</em></strong></span> <span class='ocrx_word' id='word_1_244' title='bbox 1588 3932 1691 4013; x_wconf 80' lang='lat' dir='ltr'>Quam</span> <span class='ocrx_word' id='word_1_245' title='bbox 1714 3933 1796 3998; x_wconf 87' lang='lat' dir='ltr'>belle</span> 
     </span>
     <span class='ocr_line' id='line_1_29' title="bbox 604 4043 888 4108; baseline -0.018 1"><span class='ocrx_word' id='word_1_246' title='bbox 604 4043 687 4108; x_wconf 84' lang='lat' dir='ltr'>baec</span> <span class='ocrx_word' id='word_1_247' title='bbox 709 4043 888 4106; x_wconf 89' lang='lat' dir='ltr'>concinunt.</span> 
     </span>
    </p>
   </div>
   <div class='ocr_carea' id='block_1_7' title="bbox 655 4222 1796 4313">
    <p class='ocr_par' dir='ltr' id='par_1_7' title="bbox 655 4222 1796 4313">
     <span class='ocr_line' id='line_1_30' title="bbox 655 4222 1796 4313; baseline -0.004 -19"><span class='ocrx_word' id='word_1_248' title='bbox 655 4228 763 4294; x_wconf 87' lang='lat' dir='ltr'><strong>XXII.</strong></span> <span class='ocrx_word' id='word_1_249' title='bbox 797 4228 827 4293; x_wconf 86' lang='lat'>3.</span> <span class='ocrx_word' id='word_1_250' title='bbox 860 4227 984 4296; x_wconf 88' lang='lat' dir='ltr'>Oharon</span> <span class='ocrx_word' id='word_1_251' title='bbox 1015 4230 1185 4292; x_wconf 92' lang='lat' dir='ltr'>minitatur</span> <span class='ocrx_word' id='word_1_252' title='bbox 1214 4227 1385 4313; x_wconf 89' lang='lat' dir='ltr'>Menippo:</span> <span class='ocrx_word' id='word_1_253' title='bbox 1417 4228 1469 4292; x_wconf 77' lang='grc' dir='ltr'>καὶ</span> <span class='ocrx_word' id='word_1_254' title='bbox 1501 4231 1561 4305; x_wconf 68' lang='grc' dir='ltr'>μὴν</span> <span class='ocrx_word' id='word_1_255' title='bbox 1586 4227 1624 4293; x_wconf 77' lang='grc' dir='ltr'>ἄν</span> <span class='ocrx_word' id='word_1_256' title='bbox 1647 4251 1680 4290; x_wconf 89' lang='grc' dir='ltr'><strong><em>σε</em></strong></span> <span class='ocrx_word' id='word_1_257' title='bbox 1705 4222 1796 4302; x_wconf 77' lang='grc' dir='ltr'><strong><em>λάβοι</em></strong></span> 
     </span>
    </p>
   </div>
   <div class='ocr_carea' id='block_1_8' title="bbox 605 4331 1795 4528">
    <p class='ocr_par' dir='ltr' id='par_1_8' title="bbox 605 4331 1795 4528">
     <span class='ocr_line' id='line_1_31' title="bbox 605 4331 1795 4421; baseline -0.006 -17"><span class='ocrx_word' id='word_1_258' title='bbox 605 4337 697 4404; x_wconf 83' lang='grc' dir='ltr'><strong><em>ποτέ.</em></strong></span> <span class='ocrx_word' id='word_1_259' title='bbox 735 4334 795 4403; x_wconf 83' lang='lat' dir='ltr'>cui</span> <span class='ocrx_word' id='word_1_260' title='bbox 831 4335 1019 4421; x_wconf 87' lang='lat' dir='ltr'>Menippus:</span> <span class='ocrx_word' id='word_1_261' title='bbox 1058 4334 1097 4399; x_wconf 74' lang='lat' dir='ltr'>civ</span> <span class='ocrx_word' id='word_1_262' title='bbox 1131 4334 1252 4416; x_wconf 72' lang='grc' dir='ltr'><strong><em>λαβρς,</em></strong></span> <span class='ocrx_word' id='word_1_263' title='bbox 1286 4331 1306 4397; x_wconf 84' lang='grc' dir='ltr'><strong><em>ὦ</em></strong></span> <span class='ocrx_word' id='word_1_264' title='bbox 1338 4333 1477 4411; x_wconf 79' lang='grc' dir='ltr'><strong><em>βέλτιςε.</em></strong></span> <span class='ocrx_word' id='word_1_265' title='bbox 1509 4334 1552 4399; x_wconf 80' lang='lat' dir='ltr'>Iit</span> <span class='ocrx_word' id='word_1_266' title='bbox 1583 4335 1641 4399; x_wconf 93' lang='lat' dir='ltr'>hoc</span> <span class='ocrx_word' id='word_1_267' title='bbox 1665 4332 1795 4417; x_wconf 92' lang='lat' dir='ltr'>quidem</span> 
     </span>
     <span class='ocr_line' id='line_1_32' title="bbox 605 4439 1614 4528; baseline -0.007 -17"><span class='ocrx_word' id='word_1_268' title='bbox 605 4449 715 4520; x_wconf 83' lang='lat' dir='ltr'>recto,</span> <span class='ocrx_word' id='word_1_269' title='bbox 739 4442 793 4507; x_wconf 89' lang='lat' dir='ltr'>sed</span> <span class='ocrx_word' id='word_1_270' title='bbox 816 4440 968 4528; x_wconf 76' lang='lat' dir='ltr'>languide</span> <span class='ocrx_word' id='word_1_271' title='bbox 993 4440 1137 4506; x_wconf 88' lang='lat' dir='ltr'>additur:</span> <span class='ocrx_word' id='word_1_272' title='bbox 1163 4440 1221 4513; x_wconf 82' lang='grc' dir='ltr'>δές</span> <span class='ocrx_word' id='word_1_273' title='bbox 1246 4440 1272 4505; x_wconf 83' lang='grc' dir='ltr'>δ’</span> <span class='ocrx_word' id='word_1_274' title='bbox 1298 4443 1365 4505; x_wconf 77' lang='grc' dir='ltr'><strong><em>οὐκ</em></strong></span> <span class='ocrx_word' id='word_1_275' title='bbox 1388 4439 1433 4506; x_wconf 70' lang='grc' dir='ltr'>ἂν</span> <span class='ocrx_word' id='word_1_276' title='bbox 1458 4440 1614 4518; x_wconf 83' lang='grc' dir='ltr'><strong><em>λιέβοις.</em></strong></span> 
     </span>
    </p>
   </div>
   <div class='ocr_carea' id='block_1_9' title="bbox 604 4628 1796 4822">
    <p class='ocr_par' dir='ltr' id='par_1_9' title="bbox 604 4628 1796 4822">
     <span class='ocr_line' id='line_1_33' title="bbox 654 4628 1796 4705; baseline -0.006 -7"><span class='ocrx_word' id='word_1_277' title='bbox 654 4630 778 4698; x_wconf 87' lang='lat' dir='ltr'><strong>XXIII.</strong></span> <span class='ocrx_word' id='word_1_278' title='bbox 803 4629 834 4696; x_wconf 81' lang='lat'>3.</span> <span class='ocrx_word' id='word_1_279' title='bbox 859 4629 1006 4696; x_wconf 90' lang='lat' dir='ltr'>Plutonis</span> <span class='ocrx_word' id='word_1_280' title='bbox 1028 4630 1125 4695; x_wconf 82' lang='lat' dir='ltr'>verba</span> <span class='ocrx_word' id='word_1_281' title='bbox 1148 4637 1223 4694; x_wconf 92' lang='lat' dir='ltr'>sunt</span> <span class='ocrx_word' id='word_1_282' title='bbox 1242 4629 1281 4693; x_wconf 91' lang='lat' dir='ltr'>ad</span> <span class='ocrx_word' id='word_1_283' title='bbox 1300 4628 1530 4693; x_wconf 88' lang='lat' dir='ltr'>Protesilaum:</span> <span class='ocrx_word' id='word_1_284' title='bbox 1551 4630 1589 4692; x_wconf 82' lang='grc' dir='ltr'>σὺ</span> <span class='ocrx_word' id='word_1_285' title='bbox 1609 4629 1639 4693; x_wconf 84' lang='grc' dir='ltr'>δέ</span> <span class='ocrx_word' id='word_1_286' title='bbox 1658 4629 1796 4705; x_wconf 80' lang='grc' dir='ltr'><strong><em>μέμνησο</em></strong></span> 
     </span>
     <span class='ocr_line' id='line_1_34' title="bbox 604 4734 1446 4822; baseline -0.01 -15"><span class='ocrx_word' id='word_1_287' title='bbox 604 4742 689 4819; x_wconf 83' lang='grc' dir='ltr'><strong><em>μέαν</em></strong></span> <span class='ocrx_word' id='word_1_288' title='bbox 710 4736 848 4816; x_wconf 71' lang='grc' dir='ltr'><strong><em>λαβὼν</em></strong></span> <span class='ocrx_word' id='word_1_289' title='bbox 872 4735 996 4817; x_wconf 74' lang='grc' dir='ltr'><strong><em>ἡμέραν,</em></strong></span> <span class='ocrx_word' id='word_1_290' title='bbox 1022 4735 1076 4802; x_wconf 91' lang='lat' dir='ltr'>sed</span> <span class='ocrx_word' id='word_1_291' title='bbox 1099 4737 1276 4822; x_wconf 83' lang='lat' dir='ltr'>praeferam</span> <span class='ocrx_word' id='word_1_292' title='bbox 1300 4734 1446 4814; x_wconf 79' lang='grc' dir='ltr'><strong><em>λαχών.</em></strong></span> 
     </span>
    </p>
   </div>
   <div class='ocr_carea' id='block_1_10' title="bbox 656 4920 1797 5012">
    <p class='ocr_par' dir='ltr' id='par_1_10' title="bbox 656 4920 1797 5012">
     <span class='ocr_line' id='line_1_35' title="bbox 656 4920 1797 5012; baseline -0.011 -18"><span class='ocrx_word' id='word_1_293' title='bbox 656 4928 775 4994; x_wconf 86' lang='lat' dir='ltr'><strong>XXVI.</strong></span> <span class='ocrx_word' id='word_1_294' title='bbox 803 4928 831 4991; x_wconf 92' lang='lat' dir='ltr'><strong>I.</strong></span> <span class='ocrx_word' id='word_1_295' title='bbox 865 4927 1059 5012; x_wconf 81' lang='lat' dir='ltr'>Exsequitur</span> <span class='ocrx_word' id='word_1_296' title='bbox 1083 4924 1200 4992; x_wconf 82' lang='lat' dir='ltr'>Chiron</span> <span class='ocrx_word' id='word_1_297' title='bbox 1224 4946 1280 4989; x_wconf 91' lang='lat' dir='ltr'>cur</span> <span class='ocrx_word' id='word_1_298' title='bbox 1303 4926 1384 4989; x_wconf 92' lang='lat' dir='ltr'>mori</span> <span class='ocrx_word' id='word_1_299' title='bbox 1408 4924 1599 4988; x_wconf 84' lang='lat' dir='ltr'>decreverit:</span> <span class='ocrx_word' id='word_1_300' title='bbox 1624 4922 1656 4985; x_wconf 83' lang='grc' dir='ltr'>οὐ</span> <span class='ocrx_word' id='word_1_301' title='bbox 1680 4920 1742 4998; x_wconf 70' lang='grc' dir='ltr'>γὰρ</span> <span class='ocrx_word' id='word_1_302' title='bbox 1768 4922 1797 4983; x_wconf 89' lang='grc' dir='ltr'>έν</span> 
     </span>
    </p>
   </div>
   <div class='ocr_carea' id='block_1_11' title="bbox 0 0 2572 6148">
    <p class='ocr_par' dir='ltr' id='par_1_11' title="bbox 0 0 2572 6148">
     <span class='ocr_line' id='line_1_36' title="bbox 0 0 2572 6148; baseline 0 0"><span class='ocrx_word' id='word_1_303' title='bbox 0 0 2572 6148; x_wconf 95' lang='lat' dir='ltr'> </span> 
     </span>
    </p>
   </div>
  </div>
 </body>
</html>
