5125 6150
1043 807 1086 852 na
1111 806 1227 852 oarunr
1250 806 1376 852 rorare.
1741 788 1806 852 205

612 976 682 1035 erat
714 967 871 1034 Admetus
895 967 1015 1034 Dianae
1040 968 1223 1033 sacrificare.
1248 968 1332 1046 Quid
1356 968 1416 1032 sibi
1439 968 1553 1033 volunt
1576 968 1728 1033 sacrificia
1750 968 1807 1034 illa

613 1074 776 1160 nuptialia
806 1075 926 1139 Dianas
959 1072 1086 1139 oblata?
1116 1074 1232 1138 Narrat
1263 1073 1379 1139 Pollux
1402 1074 1448 1146 III
1471 1073 1514 1137 38
1537 1077 1697 1158 virgines,
1727 1096 1807 1160 quae

613 1183 860 1245 matrimonium
891 1181 1031 1255 inibant,
1063 1178 1203 1264 placasse
1234 1179 1370 1243 Dianam
1403 1185 1435 1243 et
1466 1179 1598 1254 Parcas,
1630 1200 1709 1264 quas
1733 1178 1808 1244 deae

612 1294 725 1350 nostra
760 1289 886 1370 quoque
922 1287 954 1347 in
985 1284 1093 1349 fabula
1124 1283 1224 1348 simul
1257 1287 1472 1348 nominantur.
1505 1284 1567 1363 Qui
1590 1304 1666 1348 varo
1689 1288 1806 1361 nescit,

612 1414 678 1476 quo
710 1389 808 1456 titulo
836 1389 893 1454 tali
918 1393 1077 1455 occasione
1101 1393 1269 1455 invocetur
1293 1390 1411 1466 Diana,
1436 1392 1583 1474 inspiciat
1607 1393 1807 1474 prooemium

614 1497 748 1560 Pindari
771 1495 906 1572 (Nemea
928 1493 996 1571 VII,
1024 1496 1072 1574 lt:

751 1602 923 1677 Ἐλείθυια,
949 1599 1077 1677 πάρεδρε
1102 1604 1219 1679 Μοιρᾶν
1242 1599 1442 1679 βαθυφρόνων

750 1715 814 1770 παῖ
833 1707 1095 1783 μεγαλοσθενέος,
1121 1705 1258 1783 ἄκουσον,
1281 1703 1399 1783 Ἥρας,
1423 1705 1582 1784 yolum
1606 1708 1726 1772 τέκνων.

610 1812 750 1898 Ilithyia
783 1816 887 1899 igitur
921 1818 986 1889 est,
1025 1810 1241 1888 „valetudinis
1273 1819 1306 1877 et
1337 1815 1459 1876 virium
1490 1817 1612 1896 corpori
1634 1817 1805 1880 insitarum

610 1926 734 1994 auctor,
768 1919 941 1982 Parcarum
972 1920 1057 1982 socia
1089 1917 1265 1982 naturalis”
1298 1918 1478 1995 (Disaenius
1510 1917 1634 1985 Oomm.
1659 1942 1689 2005 p.
1714 1920 1805 2000 441).

610 2023 717 2102 Quare
749 2026 883 2088 minime
915 2022 1160 2088 Wilamowitzio
1191 2023 1325 2087 concedo
1357 2022 1511 2099 Dianam,
1537 2045 1616 2108 quae
1639 2028 1722 2090 irata
1746 2026 1807 2090 Ad-

609 2131 693 2193 meti
714 2131 816 2193 vitam
836 2128 1032 2214 postularet,
1054 2149 1196 2213 quaeque
1217 2128 1375 2214 Apollinis
1397 2129 1544 2214 precibus
1564 2131 1807 2197 codensvicaria

609 2237 720 2300 anima
751 2241 933 2299 contentam
964 2255 997 2298 se
1028 2234 1094 2299 fore
1126 2234 1274 2309 dixisset,
1308 2234 1405 2298 fuisse
1428 2234 1559 2298 eandem
1586 2236 1678 2300 deam
1702 2257 1737 2301 ac
1760 2240 1807 2300 in-

611 2341 756 2404 ferorum
781 2342 942 2425 reginam,
967 2341 1059 2404 cuius
1083 2340 1300 2404 misericordia
1321 2338 1458 2404 Alcestis
1477 2343 1594 2405 marito
1611 2341 1805 2407 redderetur.

659 2448 814 2509 Attamen
843 2446 926 2509 mihi
957 2467 1083 2530 quoque
1107 2445 1236 2509 videtur
1260 2445 1416 2510 Hercules
1440 2448 1473 2508 iu
1497 2447 1606 2531 mythi
1630 2447 1732 2511 forma
1755 2468 1807 2513 an·

612 2553 798 2634 tiquissima
817 2549 924 2615 locum
944 2573 1006 2615 non
1027 2550 1217 2625 obtinuisse;
1239 2553 1443 2635 perspicuum
1464 2554 1549 2614 enim
1569 2558 1618 2615 est
1632 2552 1805 2629 Admetum

611 2664 642 2721 at
667 2655 862 2720 Alcestidem
888 2645 985 2720 fuisse
1003 2656 1042 2720 ab
1062 2659 1188 2742 origine
1210 2655 1381 2720 Plutonem
1403 2663 1435 2720 et
1456 2657 1699 2741 Proserpinam,
1721 2656 1805 2742 quod

612 2769 680 2826 tam
705 2760 819 2825 docent
841 2764 971 2825 nomina
993 2760 1129 2838 ἄδμητον
1156 2767 1188 2825 et
1211 2761 1369 2836 Ἀδμήτου
1394 2760 1624 2838 κθραεῦρνμώ
1649 2762 1803 2847 (Hesych.

611 2889 636 2932 s.
650 2872 708 2945 r.),
734 2886 832 2951 quam
856 2869 955 2930 totius
977 2866 1103 2932 fabulae
1123 2873 1214 2931 tenor
1233 2888 1269 2932 ac
1290 2866 1369 2931 finis.
1396 2866 1457 2931 Sed
1476 2888 1550 2931 cum
1571 2888 1626 2931 rex
1645 2868 1806 2931 indomitus

607 2973 788 3036 inferorum
817 2970 998 3036 Thessaliae
1028 2993 1084 3036 rex
1115 2973 1229 3037 fuisset
1261 2972 1382 3046 factus,
1415 2993 1489 3036 curn
1521 2971 1595 3037 ficta
1618 2979 1700 3037 esset
1722 2995 1805 3038 nova

608 3081 710 3154 ratio,
735 3098 797 3161 qua
821 3080 950 3162 reginae
969 3079 1091 3143 reditus
1111 3078 1335 3163 explicaretur,
1356 3077 1477 3143 scilicet
1496 3077 1654 3163 Apollinis
1676 3079 1805 3143 Admeti

608 3185 747 3267 hospitis
777 3186 980 3260 intercessio,
1012 3205 1092 3269 opus
1123 3192 1190 3249 erat
1221 3185 1296 3249 forti
1328 3184 1439 3262 heroe,
1471 3187 1527 3268 qui
1558 3205 1630 3249 eam
1661 3205 1699 3248 er
1731 3184 1804 3250 Orci
1859 3184 1863 3192 '

606 3286 750 3353 vinculis
772 3287 940 3367 liberaret;
964 3309 1037 3353 nam
1063 3289 1177 3374 Apollo
1200 3292 1287 3375 ipse,
1311 3292 1332 3352 i.
1347 3310 1374 3353 a.
1399 3290 1465 3366 Sol,
1491 3291 1532 3352 ad
1550 3290 1670 3374 inferos
1688 3292 1804 3353 desces-

607 3396 681 3457 dere
704 3415 763 3455 noa
776 3400 908 3474 poteret.
934 3395 1039 3479 Atque
1057 3396 1110 3459 hic
1129 3395 1221 3459 heros
1239 3395 1302 3458 fuit
1321 3394 1492 3472 Hercules,
1515 3398 1571 3479 qui
1591 3395 1629 3459 ad
1642 3395 1803 3461 Theseum

604 3498 810 3564 liberandum
843 3502 908 3562 iam
940 3498 999 3563 tali
1029 3500 1131 3564 officio
1161 3499 1265 3563 fuerat
1297 3500 1436 3564 functus.
1473 3500 1556 3563 Hinc
1587 3500 1803 3587 intelligimus

604 3603 695 3689 apud
730 3603 953 3689 Phrynichum
969 3604 1002 3682 ¹),
1038 3627 1100 3689 quo
1136 3605 1216 3670 duce
1250 3605 1420 3689 Euripides
1455 3626 1533 3669 usus
1564 3627 1631 3669 esse
1662 3607 1801 3683 videtur,

604 3714 674 3775 iam
695 3712 834 3773 inveniri
858 3710 1007 3775 Herculis
1030 3733 1104 3776 cum
1124 3711 1270 3776 Thanato
1290 3718 1465 3788 certamem
1487 3734 1583 3796 quam
1603 3713 1802 3797 tragoediam

604 3817 783 3900 satyricam
819 3815 934 3892 fuisse,
971 3825 1009 3881 ut
1043 3820 1234 3882 recentiores
1268 3817 1515 3902 perhibuerunt,
1550 3839 1651 3902 neque
1686 3839 1802 3903 negare

604 3941 711 4004 neque
734 3920 900 4004 perhibere
925 3920 1038 3999 velim;
1064 3925 1092 3986 si
1116 3923 1193 3997 fuit,
1219 3944 1281 3986 non
1306 3922 1369 3985 fuit
1392 3923 1472 3986 hanc
1495 3923 1534 3987 ob
1557 3943 1696 3997 causam,
1717 3924 1802 4006 qood

604 4028 726 4089 Parcae
750 4026 795 4088 ibi
820 4027 1064 4103 inebriarentur,
1090 4034 1125 4091 ut
1149 4034 1243 4112 putat
1264 4027 1547 4100 Wilamowitaius,
1568 4049 1642 4092 nam
1663 4030 1802 4115 Aeschy-

604 4132 661 4196 lus
691 4133 801 4195 iocum
834 4151 851 4194 e
875 4135 1014 4217 satyrico
1037 4132 1180 4196 dramate
1203 4135 1341 4217 petitum
1367 4133 1506 4218 prolecto
1530 4155 1591 4198 non
1616 4136 1801 4198 inseruisset

601 4241 635 4301 in
658 4235 859 4322 tragoediam
881 4243 948 4301 tam
972 4240 1087 4302 seriam
1111 4258 1208 4321 qaam
1233 4239 1297 4301 fuit
1319 4238 1452 4303 Orestia.

654 4453 698 4517 Ut
733 4453 862 4518 taudem
899 4454 1068 4539 aliquando
1099 4455 1138 4519 ad
1173 4458 1372 4540 propositum
1408 4455 1593 4519 redeamus:
1630 4457 1801 4536 tropoedioe

604 4560 710 4624 forma
734 4562 957 4644 antiquissima
981 4561 1110 4624 videtur
1132 4561 1230 4625 fuisse
1254 4581 1306 4636 ea,
1339 4582 1403 4644 qua
1427 4560 1581 4625 Hercules
1605 4559 1799 4627 Alcestidem

638 4821 666 4880 l)
683 4818 769 4866 Snidas
785 4833 804 4867 ο.
814 4834 837 4875 v,
860 4817 993 4881 Hesychius
1010 4834 1028 4868 ο.
1038 4834 1060 4867 v.
1075 4815 1195 4879 οἱθαμβθς,
1211 4817 1307 4865 Servius
1322 4818 1350 4865 ad
1369 4817 1438 4879 Verg.
1454 4820 1510 4866 Aen.
1529 4815 1572 4875 lV,
1587 4819 1649 4875 6943
1664 4819 1801 4868 emendavit

606 4900 682 4958 lehn,
700 4899 793 4948 Nauck.
