5125 6150
656 1446 1205 1536 OBSERVATIUNGULAE
1234 1446 1304 1536 De
1332 1446 1461 1536 [Une
1490 1446 1723 1536 ROMANO.

1124 1681 1248 1723 sommis

964 1862 994 1928 J.
1019 1861 1055 1930 0.
1079 1862 1225 1929 ΝΑΒΕΒ
1247 1862 1280 1929 S.
1294 1865 1408 1930 Adue

928 2028 1166 2108 (mannaan
1197 2052 1213 2092 c
1237 2052 1312 2113 pap.
1346 2027 1435 2111 178).

1093 2336 1279 2372 *400*-

1089 2589 1282 2656 LXXXVII.

860 2790 903 2837 Ao
926 2789 1102 2838 sonuum
1125 2788 1270 2838 Acmoms
1293 2789 1518 2837 cumeanus.

633 2991 810 3079 Naufragio
829 2989 962 3077 collegit
981 2988 1080 3054 Irene]
1099 2989 1258 3070 (Beitrt'pc
1273 3011 1327 3053 aar
1346 2989 1455 3054 Kcndc
1472 2991 1525 3054 dec
1543 2989 1650 3055 Edicto
1661 2987 1780 3073 (1878)

586 3120 618 3183 p.
645 3098 686 3163 55
700 3103 782 3183 sqq.)
805 3118 932 3175 eorum,
957 3098 1013 3182 qui
1033 3102 1106 3162 ante
1125 3098 1233 3182 ipsum
1252 3099 1288 3160 in
1305 3098 1472 3182 integrum
1489 3098 1656 3165 restituere
1676 3100 1781 3164 conati

587 3209 663 3269 sunt
686 3206 821 3269 actionis
844 3203 998 3281 formam,
1023 3222 1104 3287 quae
1127 3201 1166 3267 de
1186 3223 1223 3268 eo
1242 3204 1394 3281 sumitur,
1415 3201 1499 3287 qnod
1519 3208 1605 3268 certo
1623 3202 1693 3270 loco
1712 3203 1781 3270 dari

586 3314 742 3395 oporteat.
778 3307 850 3394 lpse
884 3327 1010 3394 quoque
1046 3313 1123 3372 tunc
1154 3309 1224 3372 eius
1252 3307 1366 3373 iudicii
1395 3306 1570 3375 formulam
1601 3311 1782 3396 composuit

586 3423 650 3500 (op.
683 3417 736 3480 cit.
767 3437 798 3500 p.
824 3412 892 3495 79),
925 3436 1001 3479 mox
1032 3416 1066 3479 in
1096 3414 1200 3480 edicto
1224 3418 1268 3499 (p.
1296 3411 1374 3493 195)
1398 3412 1461 3480 alia
1482 3416 1707 3483 commutavit.
1732 3415 1780 3483 De

586 3519 644 3585 illa
671 3522 774 3605 priore
803 3524 914 3605 postea
943 3518 1077 3597 videbo,
1108 3520 1265 3585 recentior
1286 3520 1400 3605 ntique
1423 3518 1510 3584 haud
1532 3522 1638 3608 magis
1661 3522 1781 3588 arridet

587 3646 686 3710 quam
717 3630 896 3690 ceterorum
926 3625 1178 3704 ἆποτνχῆματα.
1210 3623 1342 3703 Dicam,
1373 3646 1471 3710 quam
1502 3625 1633 3691 obrem
1658 3625 1780 3693 stillis

585 3731 750 3796 veteribus
780 3733 813 3795 et
843 3730 940 3796 edicti
969 3731 1178 3795 instauratori
1208 3731 1241 3794 in
1272 3731 1344 3815 ipso
1374 3729 1477 3796 edicto
1508 3751 1622 3816 parum
1644 3729 1781 3798 feliciter

584 3858 636 3901 res
666 3838 796 3900 cessisse
827 3835 985 3901 videatur.
1017 3835 1142 3921 Nempe
1169 3834 1339 3901 credebant
1367 3833 1419 3901 illi
1441 3842 1474 3901 et
1496 3836 1597 3902 credit
1619 3858 1704 3903 nunc
1726 3837 1780 3902 hic

583 3941 684 4007 latere
714 3942 811 4006 verba
841 3940 999 4006 formulae
1029 3941 1089 4006 sub
1119 3938 1421 4006 iurisconsultorum
1443 3943 1780 4026 interpretationibus,

587 4069 668 4133 qnae
690 4050 852 4132 supersint
874 4049 908 4111 in
931 4046 1075 4133 Digestis
1098 4044 1134 4123 (l.
1159 4044 1180 4109 2
1203 4067 1261 4131 pn,
1286 4044 1349 4131 58,
1372 4045 1394 4111 l.
1419 4044 1441 4111 8
1464 4044 1504 4111 D.
1527 4044 1579 4110 13.
1593 4045 1638 4127 4),
1658 4045 1781 4114 adiecta

584 4154 815 4218 constitutione
847 4151 1020 4218 Alexandri
1050 4159 1091 4231 (c.
1114 4172 1169 4217 nn.
1195 4150 1230 4219 G.
1256 4151 1288 4217 3.
1304 4150 1370 4232 18),
1401 4151 1458 4217 ubi
1479 4150 1620 4239 legimns
1643 4154 1677 4218 in
1699 4153 1781 4219 hano

584 4261 746 4324 actionem
777 4259 904 4334 venire,
935 4258 1016 4343 qaod
1044 4256 1223 4322 altcwtricc
1252 4257 1463 4342 interfu(cr)it
1493 4280 1546 4323 cuo
1576 4258 1639 4323 Ioco
1655 4259 1780 4342 potius,

584 4386 672 4449 qaam
703 4363 736 4426 ia
769 4385 802 4427 co
831 4386 887 4448 quo
912 4368 1069 4446 μηνίειν
1098 4364 1186 4429 colai.
1217 4363 1321 4444 Quam
1354 4370 1463 4429 tamen
1494 4364 1678 4449 opinionem
1711 4367 1781 4451 ipse

584 4467 748 4534 refellerat
771 4489 808 4533 eo
831 4468 916 4553 quod
940 4467 962 4533 l.
988 4469 1009 4534 2
1032 4467 1085 4553 §8
1107 4468 1147 4535 D.
1170 4467 1256 4534 13.4
1280 4467 1403 4554 legitur
1425 4467 1606 4534 Labeonem
1629 4470 1780 4548 demum,

584 4594 682 4658 quem
717 4580 846 4639 secutus
880 4575 924 4638 eit
956 4572 1118 4652 Iulianus,
1151 4574 1241 4637 etiam
1271 4573 1382 4636 actoris
1414 4572 1590 4654 oscitatio)
1613 4573 1779 4656 tabaſseec)

581 4679 745 4756 rationem,
778 4677 833 4743 sed
863 4684 973 4764 postea
996 4679 1191 4764 excogitavit
1214 4680 1357 4764 potuisse
1380 4675 1544 4745 Iulianum
1567 4680 1628 4745 hoc
1651 4682 1778 4765 ipsum,

581 4805 685 4869 quum
720 4782 862 4849 edictum
897 4783 1073 4860 ordinaret,
1109 4781 1266 4848 formulae
1302 4784 1409 4850 verbis
1444 4787 1631 4870 exprimere.
1666 4783 1779 4851 Obstat

582 4890 661 4953 huic
692 4891 868 4955 sententiae
898 4910 1003 4955 sermo
1033 4886 1165 4974 Ulpiani
1188 4886 1255 4972 (58
1278 4890 1364 4971 cit.):
1389 4911 1469 4954 acccc
1490 4891 1528 4955 de
1549 4891 1643 4972 officio
1665 4889 1778 4955 iudicia
