5125 6150
685 851 755 932 Ι390
1214 865 1357 912 ruamus.

687 1031 876 1113 obsequium
894 1026 975 1091 illud
995 1033 1084 1113 (erga
1104 1027 1276 1106 Othonem)
1296 1027 1380 1112 quod
1399 1024 1739 1115 Carthagineinitinm
1751 1029 1878 1106 habuit,

687 1135 719 1199 et
743 1132 920 1199 Crescentis
943 1131 1033 1196 illius
1058 1131 1245 1208 eonsilium,
1270 1153 1333 1216 quo
1355 1133 1482 1217 plebem
1505 1133 1616 1199 eodem
1640 1133 1790 1200 adduxit.
1822 1132 1879 1198 sed

687 1243 732 1304 sic
762 1221 866 1304 incide
893 1238 1021 1302 locum:
1049 1238 1155 1314 „idem
1180 1236 1307 1302 Africae
1332 1239 1538 1322 obsequium,
1563 1241 1660 1303 initio
1685 1236 1879 1325 Carthagine

688 1352 775 1422 orto,
807 1366 908 1428 neque
940 1349 1105 1427 expectata
1136 1343 1173 1406 V.
1199 1345 1236 1406 Α.
1270 1343 1466 1428 proconsulis
1495 1347 1704 1409 auctoritate:
1731 1343 1878 1410 Crescens

687 1472 713 1514 e.
736 1471 765 1534 q.
787 1450 847 1526 s.”,
873 1453 1096 1514 omniserunt
1120 1448 1308 1532 planissima
1331 1456 1364 1537 et
1388 1453 1510 1534 optime
1529 1450 1714 1515 decurrent:
1737 1454 1878 1535 primum

688 1557 838 1620 docemur
868 1556 1009 1619 Africam
1039 1556 1224 1639 apartibus
1247 1552 1382 1619 Othonis
1405 1558 1531 1620 stetisse
1555 1576 1692 1640 eamque
1714 1577 1788 1621 rem
1812 1553 1878 1622 Car·

687 1662 819 1748 thagine
849 1667 955 1725 natam
989 1681 1057 1725 esse
1081 1660 1135 1725 sed
1159 1681 1220 1724 non
1245 1660 1443 1744 proconsulis
1466 1667 1647 1745 exspectata
1671 1664 1877 1737 anctoritate3

687 1767 817 1840 deinde,
849 1766 1074 1850 quaerentibus
1106 1768 1177 1850 quis
1209 1786 1304 1851 ergo,
1340 1769 1367 1829 si
1400 1765 1568 1850 proconsul
1599 1769 1645 1831 rei
1677 1773 1793 1831 auctor
1822 1787 1879 1830 non

687 1874 767 1949 fuit,
804 1878 912 1936 auctor
946 1873 1123 1948 exstiterit,
1160 1878 1309 1935 narratur
1337 1871 1428 1936 nobis
1460 1871 1498 1936 de
1530 1871 1708 1938 Crescentis
1733 1871 1879 1948 consilio,

687 2000 750 2064 quo
774 1976 830 2041 ille
854 1974 1084 2061 Carthaginem
1108 1975 1147 2040 ad
1170 1976 1331 2041 Othonem
1350 1977 1567 2056 transtulerit,
1588 1977 1674 2063 quod
1694 1977 1878 2064 exemplum

687 2091 755 2148 tota
778 2085 820 2147 sit
843 2089 952 2148 secuta
975 2084 1147 2167 provincia.

732 2188 776 2251 H.
801 2186 843 2264 ll,
869 2185 898 2253 7.
926 2187 1018 2264 „Non
1042 2186 1173 2252 fallebat
1196 2187 1292 2252 duces
1316 2190 1349 2266 (i.
1370 2209 1396 2253 e.
1422 2189 1651 2275 Vespasianum
1677 2189 1880 2255 Mucianum·

688 2302 763 2379 que)
792 2296 934 2379 impetus
965 2292 1121 2369 militum,
1158 2292 1212 2358 sed
1244 2293 1439 2359 bellantibus
1470 2293 1542 2359 aliis
1573 2295 1696 2380 placuit
1720 2297 1879 2380 expectari

687 2399 819 2464 bellum.
852 2420 926 2463 cum
956 2398 993 2462 In
1025 2401 1162 2464 moturas
1192 2401 1356 2484 victosque
1386 2420 1564 2485 numquam
1592 2399 1693 2465 solida
1724 2399 1789 2466 fide
1817 2420 1879 2465 coa·

687 2505 835 2570 lesoere.''

733 2612 850 2676 Lacera
880 2609 974 2674 lectio
1005 2609 1121 2675 belhcm.
1154 2633 1217 2673 cum
1248 2611 1288 2673 In
1319 2617 1368 2675 est
1390 2613 1423 2675 in
1448 2610 1564 2676 codice.
1589 2610 1774 2676 Lenissima
1795 2610 1878 2676 haud

688 2717 783 2782 dubie
806 2716 963 2780 Pichenaa
987 2722 1036 2779 est
1059 2717 1211 2780 eorrectio
1235 2716 1308 2778 belli
1331 2717 1451 2794 cattum,
1476 2737 1587 2782 vereor
1609 2724 1719 2782 tamen
1743 2725 1783 2781 ut
1806 2736 1878 2783 sera

687 2826 746 2899 sit,
780 2828 846 2886 tam
878 2820 1011 2906 pulchre
1034 2824 1068 2884 in
1093 2842 1169 2886 vooe
1192 2822 1344 2904 expectari
1365 2826 1522 2887 sententia
1544 2822 1673 2886 finitur:
1699 2823 1879 2886 bellantibus

687 2928 761 2991 aliis
785 2926 908 3009 placuit
938 2926 1121 3008 ccapcctcci,
1153 2927 1213 2991 hoo
1245 2948 1320 2992 vere
1351 2926 1518 2993 Taciteum
1550 2933 1607 2992 est.
1638 2929 1774 2993 Accedit
1796 2926 1877 3013 quod

685 3031 780 3119 paulo
810 3039 884 3118 post
914 3032 990 3096 haec
1013 3031 1127 3096 iisdem
1151 3031 1286 3097 ducibus
1309 3033 1464 3098 tribuitur
1487 3036 1612 3119 opinio:
1638 3055 1721 3111 „nec
1745 3035 1876 3110 referre,

686 3140 856 3205 Vitellium
886 3161 925 3204 an
958 3138 1115 3203 Othonem
1147 3142 1353 3224 superstitem
1385 3141 1514 3205 fortuna
1536 3140 1686 3205 faceret'’.
1711 3136 1780 3205 Cur
1803 3160 1876 3225 argo

673 3247 757 3314 ,betti
781 3246 891 3308 scitum
916 3245 1162 3329 exspectandum
1186 3243 1353 3309 censeant?
1380 3246 1462 3310 Nam
1485 3245 1542 3310 ille
1564 3244 1761 3309 alterutrum
1786 3246 1875 3310 saciet

687 3354 852 3416 victorem.
885 3350 976 3414 Nova
1006 3371 1082 3435 ergo
1112 3354 1272 3415 sententia
1296 3350 1348 3416 vel
1372 3351 1477 3415 verbis
1501 3351 1642 3414 bellorum
1664 3352 1805 3414 civilium
1827 3348 1875 3414 vel

686 3458 757 3519 belli
799 3456 898 3519 ciuilis
931 3459 1055 3540 incipit.
1092 3456 1320 3542 Quamcunque
1355 3459 1440 3520 enim
1476 3459 1649 3540 recipimus
1684 3456 1873 3531 lectionem,

686 3562 794 3627 eadem
830 3562 936 3627 evadit
972 3565 1145 3638 sententia,
1181 3583 1261 3647 quae
1296 3582 1412 3627 verane
1442 3583 1482 3626 an
1514 3561 1592 3627 falsa
1623 3563 1666 3626 sit
1695 3584 1784 3628 nnnc
1814 3584 1873 3627 non

686 3666 823 3751 disputo.

733 3773 774 3836 H.
808 3771 848 3849 ΙΙ,
884 3773 934 3837 16.
972 3774 1123 3838 Pacarius
1157 3772 1303 3839 Corsicae
1337 3780 1523 3858 procurator
1557 3776 1590 3837 in
1622 3774 1720 3839 verba
1753 3773 1874 3839 Vitellii

685 3884 790 3945 iurare
820 3879 957 3955 incolas,
989 3882 1100 3943 occisis
1130 3882 1171 3943 iis
1203 3882 1258 3964 qui
1288 3882 1433 3945 resistere
1464 3879 1596 3960 audent,
1620 3883 1720 3964 cogit.
1754 3882 1799 3945 At
1823 3881 1875 3943 uhi

685 3986 761 4052 belli
785 3985 987 4051 incommoda
1009 3988 1192 4050 sentiuntur
1214 3992 1246 4051 et
1270 4007 1367 4070 quam
1391 4006 1488 4071 prope
1508 3986 1591 4049 absit
1611 3984 1748 4051 Othonis
1769 3985 1876 4051 classis

684 4097 861 4177 reputatur,
886 4094 1047 4176 poenitere
1070 4094 1154 4155 cives
1177 4094 1273 4155 nimis
1298 4092 1439 4156 festinati
1463 4091 1605 4175 obsequii
1629 4093 1762 4176 incipit:

732 4198 796 4274 „Et
815 4200 918 4262 aversi
938 4204 1066 4281 repente
1086 4200 1202 4275 animi,
1224 4219 1280 4261 neo
1301 4204 1406 4261 tamen
1428 4203 1537 4281 aperta
1549 4199 1601 4261 vi:
1620 4204 1735 4281 aptum
1749 4206 1875 4284 tempus

684 4303 809 4368 insidiis
828 4302 944 4388 legere.
970 4302 1147 4388 Digressis,
1168 4306 1223 4387 qui
1242 4303 1412 4367 Pacarium
1433 4302 1692 4387 frequentabant,
1719 4304 1828 4371 nudus
1847 4312 1876 4370 et

686 4407 798 4473 auxilii
821 4411 929 4492 inops,
954 4407 1086 4473 balineis
1109 4408 1333 4473 interficitur.’'

732 4514 836 4577 Arena
871 4516 937 4577 sine
972 4513 1056 4577 calce
1091 4513 1167 4577 haec
1202 4519 1266 4591 est;
1303 4519 1341 4577 ut
1372 4514 1450 4577 bene
1481 4520 1704 4598 coagmentata
1728 4523 1875 4581 nascatur

685 4622 858 4694 sententia,
884 4624 1009 4683 mutata
1032 4619 1232 4684 distinctione
1252 4626 1285 4684 et
1304 4619 1465 4683 lenissima
1486 4619 1624 4684 duorum
1643 4621 1874 4687 vocabulorum

685 4726 903 4791 emendatione
927 4745 1006 4810 opus
1027 4729 1076 4789 est
1098 4732 1131 4789 et
1154 4728 1198 4790 sic
1221 4724 1411 4811 legendum:

733 4831 795 4905 „llt
829 4832 948 4895 aversis
982 4837 1112 4913 repente
1147 4832 1281 4907 animis,
1314 4851 1371 4894 nec
1402 4840 1509 4894 tamen
1540 4837 1648 4914 aperta
1679 4834 1731 4907 vi,
1763 4841 1872 4919 aptum

685 4943 812 5018 ternpus
834 4937 958 5000 insidiis
981 4936 1104 5021 legere:
1125 4937 1279 5024 'digressis
1304 4957 1330 5001 e.
1344 4957 1373 5020 q.
1387 4934 1446 4999 s.”.
