5125 6150
1012 844 1188 900 ΝΛΡΔΟΣ
1213 844 1402 900 ΠΙΣΤΙΚΗ.
1785 833 1805 897 3

615 1016 772 1082 lohannes
799 1019 833 1081 in
865 1016 1041 1102 Evangelio
1072 1015 1193 1081 Xlllb
1227 1018 1279 1081 τὸν
1310 1025 1441 1095 νιπτῆρα
1470 1014 1612 1100 appellat
1635 1020 1666 1080 61
1690 1017 1807 1080 1116166

615 1122 716 1187 velim
746 1123 786 1187 ad
818 1123 991 1188 articulum
1015 1124 1182 1188 attendant
1206 1160 1248 1172 —
1273 1123 1313 1189 ad
1336 1122 1430 1207 pedes
1455 1122 1629 1188 abluendos
1655 1128 1688 1187 et
1711 1127 1808 1206 caput

615 1232 714 1293 etiam
746 1228 814 1294 oleo
838 1232 1063 1315 inungebatur.
1087 1229 1245 1295 Putidum
1269 1230 1437 1295 6616616
1461 1251 1495 1294 16
1520 1228 1624 1293 multa
1647 1227 1809 1293 inutiliter

617 1355 800 1420 congerere:
814 1337 981 1401 continebo
994 1358 1046 1401 me
1058 1358 1122 1401 uno
1133 1335 1203 1401 loco
1215 1335 1383 1412 laudando,
1397 1339 1453 1421 qui
1464 1336 1587 1422 legitur
1598 1334 1682 1399 Plat.
1693 1333 1807 1421 Symp.

617 1462 647 1525 p.
670 1439 752 1506 175:
774 1442 825 1504 καὶ
846 1433 861 1504 ἓ
880 1443 936 1518 μὲν
956 1441 1017 1520 ἔφη
1039 1442 1191 1523 ο1πον1ζειν
1211 1441 1262 1506 τὸν
1283 1441 1384 1507 παῖδα
1404 1439 1452 1504 ἵνα
1473 1442 1663 1506 καπακέοιτο.
1684 1440 1746 1519 Qui
1758 1441 1810 1503 hic

617 1546 761 1632 loquitur
777 1548 1016 1625 Aristodemus,
1037 1549 1207 1613 advenerat
1227 1547 1518 1627 6616ο1ιυπθδητος,
1538 1549 1578 1613 61.
1599 1571 1630 1632 p.
1646 1546 1710 1612 173
1720 1546 1756 1623 Β,
1778 1550 1810 1610 61

617 1650 706 1716 Iesus
737 1657 821 1717 certe
845 1653 991 1738 exemplo
1014 1674 1071 1720 suo
1095 1656 1250 1739 praeivit,
1276 1675 1378 1738 quum
1401 1653 1554 1739 apostolis
1578 1652 1808 1738 praecipiebat:

617 1760 661 1833 μὴ
692 1760 844 1832 κτήσησθε
874 1761 988 1838 χροσθν
1091 1761 1168 1837 μηδὲ
1193 1759 1396 1836 ὑποδήματα·
1422 1761 1477 1824 661
1503 1762 1627 1824 etiamsi
1653 1758 1811 1824 calceatus
1887 1824 1889 1827 ,

618 1863 799 1942 advenerit,
833 1886 908 1931 nam
934 1867 1028 1932 video
1051 1869 1138 1932 viros
1162 1867 1270 1931 doctos
1295 1866 1394 1931 6616
1418 1868 1601 1950 quaestione
1625 1865 1810 1941 dissentire,

616 1991 676 2034 non
708 1976 817 2036 tamen
847 1975 954 2037 minus
986 1973 1098 2038 Simon
1128 1971 1694 2057 16661616161166616116116161.
1719 1968 1809 2036 Conf.

618 2074 717 2142 Iudic.
750 2077 828 2140 XIX
860 2078 922 2142 21:
956 2080 1041 2144 αὐτοὶ
1075 2081 1221 2159 culpam
1251 2079 1321 2149 τοὺς
1357 2079 1455 2149 πόδας
1487 2079 1587 2143 αὐτῶν
1610 2076 1662 2141 καὶ
1688 2075 1810 2155 ἔφαγον

618 2181 669 2243 καὶ
704 2179 797 2246 ἔπιον.
833 2182 942 2248 Etiam
973 2185 1032 2250 hoc
1062 2206 1212 2270 persaepe
1242 2183 1384 2271 legimus
1416 2181 1554 2250 Graecos
1586 2188 1619 2248 61
1650 2181 1809 2247 Romanos

619 2293 691 2352 ante
723 2288 833 2373 epulas
863 2292 978 2376 inungi
1011 2289 1121 2356 solitos
1151 2291 1267 2370 fuisse;
1294 2291 1349 2356 661
1372 2291 1459 2356 idem
1482 2310 1608 2376 quoque
1632 2309 1702 2353 moe
1726 2287 1812 2372 apud

618 2391 779 2458 Israelitas
801 2396 981 2472 obtinebat,
1006 2397 1091 2482 quod
1115 2419 1189 2462 cum
1212 2397 1291 2463 alibi
1314 2400 1348 2461 in
1372 2397 1467 2461 Sacro
1491 2395 1598 2460 codice
1622 2393 1809 2471 declaratur,

618 2503 655 2560 ut
690 2498 773 2562 infra
806 2500 1007 2580 videbimus,
1043 2508 1115 2567 tum
1146 2525 1185 2568 ex
1216 2508 1325 2569 nostro
1356 2501 1425 2568 loco
1455 2501 1641 2588 planissime
1664 2500 1810 2565 efficitur.

618 2600 703 2667 Illud
732 2606 837 2689 igitur
865 2611 956 2672 teneo
988 2608 1072 2692 quod
1105 2615 1178 2673 ante
1211 2611 1331 2693 viginti
1354 2627 1452 2672 annos
1475 2608 1660 2691 perscripsi:
1687 2604 1811 2683 „Miror

617 2708 782 2775 Pharisaei
814 2733 890 2797 erga
921 2716 1092 2779 convivam
1118 2735 1214 2798 quem
1236 2716 1306 2799 ipse
1329 2716 1501 2803 invitarat,
1528 2712 1729 2797 superbiam,
1754 2730 1812 2775 nec

618 2813 723 2880 multo
754 2820 861 2883 minus
891 2821 1001 2903 ipsum
1032 2819 1140 2885 Iesum
1167 2819 1316 2896 demiror,
1341 2822 1397 2903 qui
1420 2821 1582 2905 insignem
1607 2818 1670 2882 sibi
1693 2817 1811 2882 factam

618 2921 846 2987 contumeliam
870 2929 1011 2990 autnon
1035 2928 1168 2991 senserit
1192 2931 1248 2990 aut
1267 2932 1352 2990 certe
1371 2924 1634 2989 dissimulaverit.
1658 2922 1811 2987 Liberum

619 3032 687 3092 6161
717 3027 840 3095 Simoni
869 3029 977 3096 lesum
1009 3053 1073 3097 non
1102 3034 1257 3109 invitare,
1294 3031 1349 3096 sed
1383 3038 1555 3117 postquam
1590 3030 1743 3095 invitavit
1773 3032 1812 3093 ut

617 3136 809 3199 rusticitatis
844 3138 965 3202 crimen
1000 3137 1171 3222 effugeret,
1205 3137 1239 3201 id
1271 3158 1365 3203 omne
1396 3142 1554 3223 praestare
1586 3136 1697 3200 debuit
1726 3134 1811 3219 quod

618 3242 760 3304 moribus
794 3243 1022 3326 requirebatur.
1059 3242 1178 3308 Itidem
1211 3242 1350 3308 liberum
1385 3248 1453 3308 6161
1488 3242 1562 3308 Iesu
1596 3263 1659 3306 non
1694 3242 1741 3304 irc
1771 3238 1812 3303 ad

618 3346 846 3425 Pharisaeum,
879 3349 933 3412 661
965 3351 1074 3413 statim
1106 3350 1193 3414 abire
1224 3349 1352 3426 debuit,
1383 3354 1552 3435 postquam
1582 3345 1813 3411 animadvertit

618 3452 680 3516 sibi
705 3451 812 3517 debita
835 3453 936 3518 officia
958 3474 1022 3518 non
1041 3454 1228 3539 praestari.''
1250 3454 1312 3519 Sed
1331 3454 1400 3520 loco
1421 3452 1541 3539 triplici
1562 3454 1641 3517 vitio
1660 3450 1811 3528 liberato,

618 3579 636 3622 6
660 3556 857 3623 deverticulo
880 3561 914 3622 in
938 3560 1024 3624 viam
1037 3579 1045 3636 ;
1071 3559 1160 3624 aliud
1184 3562 1271 3625 enim
1295 3567 1361 3637 est,
1386 3559 1471 3643 quod
1495 3579 1578 3622 nunc
1603 3578 1674 3644 ago.

664 3661 788 3728 Relicta
820 3661 981 3741 Galilaea,
1005 3702 1046 3714 -
1072 3664 1139 3730 illic
1169 3669 1257 3730 enim
1286 3665 1398 3731 Simon
1422 3666 1613 3730 Pharisaeus
1637 3662 1812 3730 secundum

618 3768 740 3833 Lucam
765 3769 930 3835 habitabat
950 3806 991 3818 -
1012 3769 1219 3837 Matthaeum
1238 3775 1273 3837 in
1293 3772 1443 3837 Iudaeam
1463 3790 1651 3856 sequamur3
1671 3769 1813 3856 legimus

619 3873 736 3938 XXVI.
763 3872 801 3937 6:
833 3880 886 3939 τοῦ
917 3875 948 3939 δὲ
980 3878 1078 3950 Ἰησοῦ
1112 3878 1273 3955 γενομένου
1307 3878 1337 3941 ἐν
1361 3877 1495 3960 Βηθανία
1518 3878 1548 3942 ἐν
1571 3877 1651 3960 οἰκία
1675 3875 1810 3951 Σίμωνος

619 3983 672 4043 τοῦ
698 3985 828 4059 λεπροῦ,
854 3984 1019 4059 προσῆλθεν
1044 3985 1128 4062 αὐτῷ
1154 3986 1232 4062 yona
1256 3982 1375 4065 ἔχουσα
1398 3984 1582 4063 ἀλάβαςρον
1605 3984 1700 4063 μύρου
1721 3994 1813 4046 τολυ-

619 4084 710 4162 τ1μου
742 4085 795 4150 καὶ
827 4087 981 4168 κατέχεεν
1012 4089 1061 4152 ἐπὶ
1095 4098 1149 4165 τῆς
1175 4097 1318 4168 κεφαλῆς
1342 4091 1438 4156 αὐτοῦ
1461 4088 1673 4168 ἀνακειμένου.
1698 4088 1811 4159 ἰδόντες

618 4191 650 4255 bl
681 4192 707 4255 ol
737 4193 876 4267 μαθησα1
910 4194 1135 4270 ἠγανάκτησαν
1165 4196 1329 4274 λέγοντες·
1363 4198 1407 4269 εἷς
1437 4196 1470 4261 cl
1501 4198 1518 4270 ἦ
1547 4195 1689 4260 dartana
1713 4191 1811 4270 α11η;

618 4295 744 4362 ἐδύνατο
777 4298 840 4377 γὰρ
872 4305 961 4365 τοῦτο
994 4303 1144 4379 πραθῆναι
1175 4308 1292 4368 πολλοῦ
1317 4302 1369 4368 καὶ
1394 4303 1512 4376 δοθῆναι
1538 4308 1688 4381 πτωχοῖς.
1719 4299 1810 4377 γνοὺς

618 4400 649 4466 bl
682 4402 696 4466 1
718 4404 833 4476 Ἰησοῦς
858 4401 942 4470 εἶπεν
965 4408 1089 4480 αὐτοῖς·
1123 4407 1155 4472 cl
1179 4409 1288 4483 κθπους
1313 4409 1471 4491 παρέχετε
1495 4418 1534 4491 τῇ
1557 4408 1700 4485 γυναικ1;
1726 4403 1812 4482 ἔργον

618 4507 682 4585 γο1ρ
713 4509 808 4573 καλὸν
838 4511 1008 4591 εἷργοέσατο
1042 4514 1084 4587 alc
1111 4514 1177 4592 ἐμέ.
1210 4516 1345 4582 πάντοτε
1367 4516 1431 4597 γοὶρ
1455 4516 1524 4587 τοὺς
1549 4513 1694 4594 πτωχοὺς
1718 4508 1812 4589 ἔχετε

618 4615 686 4690 μεθ’
722 4614 847 4695 ἑαυτῶν,
884 4618 939 4695 apt
974 4617 999 4682 δ’
1024 4622 1057 4685 οὐ
1090 4619 1237 4688 πάντοτε.
1273 4621 1421 4699 βαλοῦσα
1452 4621 1515 4701 γὰρ
1548 4617 1628 4692 αὕτη
1660 4615 1695 4681 τὸ
1719 4613 1812 4695 μύρον

618 4724 708 4785 τοῦτο
744 4721 794 4785 ἐπὶ
830 4727 883 4788 τοῦ·
919 4723 1063 4801 σώματός
1098 4751 1157 4805 μου
1195 4727 1268 4808 πρὸς
1299 4729 1334 4793 rb
1367 4727 1558 4808 ἐνταφιάσαι
1589 4748 1630 4802 με
1662 4723 1811 4794 ἐποίησεν.

619 4825 714 4892 Vides
748 4829 834 4894 haud
869 4829 941 4897 leve
975 4831 1147 4899 discrimen
1154 4853 1163 4911 ;
1204 4856 1267 4900 non
1300 4836 1386 4900 enim
1421 4839 1469 4899 est
1504 4830 1622 4897 mulier
1653 4830 1813 4916 peccatrix

619 4955 700 5018 quae
735 4934 809 5001 Iesu
842 4938 929 5003 hunc
963 4939 1060 5005 habet
1093 4940 1265 5020 honorem;
1302 4940 1414 5005 deinde
1443 4960 1506 5005 nen
1536 4937 1631 5026 pedes
1660 4932 1717 5002 illa
1740 4933 1813 5002 Iesu
