5125 6150
625 878 627 882 Ι
688 802 753 866 lae
1199 824 1371 871 souaaros.

686 991 814 1050 notetur
843 992 951 1050 autem
975 992 1187 1071 augmentum
1211 994 1313 1053 metro
1335 991 1437 1053 invito
1461 993 1494 1053 in
1519 991 1679 1056 codicibus
1704 992 1803 1057 verbo
1826 992 1878 1058 ad-

688 1093 803 1157 ditum.
828 1093 934 1155 Statim
958 1093 1138 1174 dispeream,
1163 1095 1301 1178 quoniam
1403 1095 1485 1175 Quid
1504 1119 1588 1161 nunc
1609 1097 1821 1185 expectatur?
1839 1099 1877 1164 Id

687 1203 799 1286 opinor
823 1198 907 1285 quod
930 1199 1051 1264 factum
1074 1202 1117 1263 sit
1141 1207 1198 1264 aut
1221 1222 1282 1265 non
1306 1201 1437 1268 factum.
1463 1203 1568 1266 Statim
1587 1204 1761 1285 dispeream,
1784 1228 1878 1289 quaa

688 1306 842 1391 doqaidcm
872 1328 930 1368 ιιοιι
962 1305 1079 1368 servavi
1110 1306 1250 1382 amicam,
1281 1306 1333 1371 vel
1357 1311 1472 1373 etiam:
1498 1309 1732 1394 quandoquidem
1756 1332 1819 1373 aon
1843 1312 1878 1373 ιἰι

676 1413 766 1498 satia
778 1412 852 1498 fait
871 1419 904 1474 ut
923 1434 1070 1475 cernerem
1088 1413 1220 1477 amicum.
1241 1415 1285 1477 At
1305 1417 1409 1479 verbis
1422 1417 1496 1492 ,οὐκ
1509 1416 1556 1495 ἄρ’
1571 1415 1723 1490 ἓμελλον”
1737 1417 1877 1481 indicari

686 1519 766 1585 solet
796 1541 886 1582 cauca
915 1521 962 1583 rei
991 1519 1107 1595 factae,
1140 1519 1210 1607 nant
1233 1527 1416 1604 expectatae
1439 1520 1491 1586 vel
1514 1527 1673 1606 speratae;
1698 1522 1826 1603 respicit
1848 1525 1877 1587 is

685 1629 742 1711 qui
772 1627 812 1689 iis
844 1628 958 1702 utitur,
991 1647 1052 1691 non
1081 1626 1237 1707 prospicit.
1269 1626 1364 1691 Recte
1395 1627 1542 1692 haberet:
1568 1630 1599 1691 ri
1623 1629 1675 1692 οὐκ
1699 1629 1876 1708 ἀπόλωλα,

687 1731 754 1806 ἐπεὶ
775 1733 828 1797 οὐκ
847 1729 893 1808 ἄρ’
913 1730 1042 1806 ἔμελλον
1062 1731 1154 1794 αὐτὸν
1174 1733 1289 1809 σώσειν,
1309 1737 1393 1797 recte
1406 1735 1521 1798 etiam:
1540 1733 1662 1806 τέθνηκε
1676 1733 1877 1815 Πάτροκλος,

686 1842 718 1906 οὐ
744 1841 806 1918 γὰρ
830 1836 959 1914 ἔμελλον
984 1839 1077 1903 αὐτὸν
1101 1839 1216 1916 σώσειν,
1239 1859 1257 1902 a
1279 1844 1387 1903 nostro
1411 1861 1485 1904 vero
1508 1839 1576 1906 loco
1600 1839 1681 1905 illud
1705 1842 1878 1926 imperiec-

685 1952 757 2011 tum
780 1945 920 2010 alienum
944 1952 1001 2010 est.

731 2052 817 2133 Quae
837 2073 911 2117 cum
930 2055 976 2116 ita
995 2054 1076 2129 sint,
1097 2053 1153 2116 vix
1172 2051 1283 2116 dubito
1303 2054 1380 2136 quin
1401 2055 1524 2137 priscus
1543 2075 1630 2118 error
1647 2075 1706 2118 nos
1716 2053 1877 2120 ludificet.

685 2162 825 2226 Litterae
849 2166 1095 2225 naneaenot
1120 2159 1267 2223 abierunt
1290 2160 1323 2222 in
1348 2165 1653 2239 ΑΡ(Α)ΕΜ6ΛΟΝ.
1678 2161 1845 2248 Legatur:

866 2267 981 2331 cirtae
1005 2265 1153 2342 τεθναίην,
1178 2264 1244 2329 ἐπεὶ
1270 2267 1322 2330 οὐκ
1347 2261 1407 2345 ἄρα
1431 2267 1555 2346 ε’σθλῷ
1581 2265 1688 2347 ἑταίρῳ

865 2372 1043 2453 κτεινομένῳ
1068 2371 1146 2437 ieci
1155 2395 1271 2448 μονα.

730 2483 842 2568 Itaque
862 2488 894 2546 et
913 2483 1024 2545 ceteris
1045 2477 1218 2565 philologis
1235 2484 1268 2542 et
1278 2481 1341 2564 ipsi
1354 2478 1532 2556 Beehtelio‚
1546 2502 1640 2565 quem
1653 2480 1730 2545 alibi
1743 2487 1877 2568 saepius

685 2610 849 2656 assensum
872 2587 955 2652 mihi
977 2585 1080 2651 laetus
1099 2585 1182 2663 vidi,
1207 2588 1390 2650 etiamnunc
1414 2585 1635 2652 commendare
1659 2589 1765 2652 ausim
1791 2589 1878 2674 quod

686 2707 713 2762 n
728 2694 770 2761 47
796 2694 874 2760 olim
899 2695 986 2759 suasi
999 2693 1147 2777 secturam
1171 2692 1319 2757 λιΣεσθαι
1340 2714 1397 2778 pro
1416 2694 1523 2756 certati
1544 2693 1595 2759 vel
1609 2696 1783 2775 praecentis
1807 2696 1880 2762 infi-

686 2805 788 2868 nitivo
809 2799 1061 2887 sublestae-fidei
1081 2799 1242 2876 λΙΤεσθαι,
1262 2819 1357 2884 quem
1378 2798 1445 2864 illic
1465 2799 1592 2885 praebet
1605 2805 1712 2865 text-us
1723 2802 1877 2869 traditus.

1191 2984 1234 3030 sn
1257 2964 1373 3031 T276.

732 3106 871 3173 Achilles
894 3104 1034 3191 clipeum
1057 3105 1180 3168 Aeneae
1203 3102 1277 3168 ferit

867 3212 979 3288 ἄντυγ’
1003 3210 1061 3275 ὕπο
1085 3210 1213 3288 πρώτην,
1238 3207 1256 3290 ᾖ
1278 3209 1474 3281 λεπτότατος
1497 3209 1552 3274 ’θέε
1576 3208 1718 3289 χαλκός,

867 3318 1045 3392 λεπτοτάτη
1070 3317 1095 3380 δ’
1121 3316 1211 3389 ἐπέην
1235 3318 1308 3395 ῥινὸς
1334 3316 1417 3393 βοός.

731 3430 777 3494 De
798 3450 859 3513 quo
877 3426 945 3492 loco
958 3425 1124 3510 disputans
1137 3424 1253 3488 Robert
1266 3426 1299 3487 in
1312 3445 1405 3508 opere
1418 3424 1664 3508 supralaudato,
1678 3424 1750 3490 coll.
1767 3436 1793 3490 H
1808 3427 1875 3492 246

867 3534 1035 3610 ἀκρότατον
1060 3533 1143 3595 κατὰ
1169 3531 1303 3609 χαλκόν,
1329 3522 1358 3600 ὃς
1383 3528 1487 3607 ὄγδοος
1511 3526 1574 3603 ἦεν
1600 3532 1656 3595 ἐπ’
1683 3533 1792 3612 αὐτῷ

688 3645 810 3728 optimo
839 3644 909 3704 iure
941 3639 1105 3724 perhibuit
1134 3638 1243 3700 coriam
1273 3640 1376 3722 igitur
1407 3638 1536 3700 caterius
1565 3640 1598 3700 in
1623 3639 1747 3703 Aeneae
1772 3639 1877 3726 elipeo

686 3750 785 3813 fuisse
808 3747 887 3823 dici,
912 3769 961 3809 cea
983 3746 1119 3809 interius.
1145 3743 1207 3808 Sed
1230 3747 1330 3809 miror
1353 3745 1437 3828 quod
1456 3748 1563 3829 ipsum
1583 3750 1710 3829 poetam
1729 3745 1876 3832 clipeum

687 3861 883 3941 praepostere
902 3853 1092 3916 fabricatum
1112 3858 1218 3916 mente
1238 3851 1299 3915 sibi
1318 3851 1506 3916 informasse
1523 3854 1639 3916 statuit
1653 3854 1875 3938 potiusquam

684 3962 847 4028 lenissima
871 3961 1049 4023 mutatione
1074 3962 1257 4023 restitueret
1279 3958 1312 4021 id
1336 3959 1419 4043 quod
1443 3966 1474 4023 et
1498 3979 1572 4023 sana
1592 3960 1672 4022 ratio
1693 3957 1823 4044 flagitat
1844 3967 1877 4027 et

686 4073 869 4143 contextus,
896 4104 937 4112 -
962 4086 1025 4128 non
1049 4068 1133 4128 enim
1158 4067 1279 4130 corium
1304 4065 1358 4128 sed
1381 4086 1432 4129 aas
1456 4065 1544 4129 feriri
1567 4086 1650 4130 nunc
1670 4065 1790 4130 dicitur
1811 4088 1874 4131 —:

866 4172 1044 4245 λεπτοτάτη
1070 4169 1098 4234 δ’
1125 4170 1239 4244 ‘Talna
1262 4173 1337 4251 ῥινὸς
1361 4170 1444 4247 βοός,

732 4280 811 4345 Vitii
834 4300 928 4344 causa
952 4279 1013 4343 fuit
1037 4280 1097 4341 nisi
1121 4276 1213 4341 fallor
1236 4275 1408 4362 particulae
1431 4278 1461 4341 δέ
1485 4276 1593 4342 littera
1616 4275 1719 4341 finalis
1741 4278 1775 4342 εἰι
1796 4283 1877 4356 πλη-

685 4411 751 4468 ρονς
775 4389 957 4472 perscripta.

729 4493 841 4580 Itaque
864 4491 1027 4577 epitheton
1050 4491 1222 4581 λεύκασπις
1248 4510 1312 4553 uno
1333 4488 1401 4552 loco
1423 4488 1526 4553 x294
1547 4490 1678 4553 obvium
1699 4492 1769 4555 sive
1789 4499 1876 4559 recte

686 4599 805 4665 Robert
834 4602 1060 4683 interpretatus
1092 4602 1139 4660 est
1170 4596 1295 4677 elapsam
1323 4603 1443 4676 pestana
1474 4597 1552 4659 corio
1576 4595 1699 4658 condidi
1721 4597 1805 4661 tocie
1830 4602 1877 4663 ot

686 4712 800 4782 tectum,
832 4707 900 4769 sive
932 4704 969 4768 de
1000 4702 1130 4768 metallo
1161 4702 1293 4766 candido
1325 4701 1377 4767 vel
1405 4702 1579 4779 candidato,
1596 4702 1663 4767 illic
1686 4701 1722 4766 fit
1747 4726 1875 4785 sermo,

685 4815 793 4875 nostro
814 4818 898 4876 certe
917 4809 986 4875 loco
1005 4832 1067 4874 uon
1087 4812 1137 4874 uti
1155 4815 1295 4895 praestat
1314 4809 1352 4873 ad
1372 4812 1509 4894 priorem
1521 4809 1612 4874 illam
1625 4809 1875 4895 explicationem

686 4917 978 4982 commendandam.
