5125 6150
1054 805 1308 854 nmerormrurs.
1728 783 1771 851 43

584 973 727 1057 expedio
757 973 880 1038 dativos
911 981 973 1046 τοῖς
1006 973 1131 1050 ἐντέροις
1164 977 1196 1038 et
1219 980 1281 1044 τοῖς
1309 971 1418 1044 utros.
1443 970 1537 1037 Venit
1559 974 1593 1036 in
1616 976 1774 1037 mentem:

814 1083 885 1144 παῖ’
905 1077 1027 1166 [αὐτὸν]
1051 1077 1339 1159 ἀνδρικώτερον
1363 1100 1402 1142 τι
1427 1079 1494 1142 καὶ

815 1185 980 1267 odorari&
1006 1187 1171 1259 καύτοῖς
1196 1185 1322 1267 ἐντέροις

815 1294 983 1365 καύτοῖς
1009 1291 1106 1364 κόλοις

812 1395 891 1470 ὄντας
915 1404 996 1483 κολᾷ
1020 1400 1071 1465 τὸν
1094 1395 1199 1479 ἄνδρα.

633 1648 686 1714 Vs.
712 1646 787 1713 526.

632 1751 700 1820 εἶτα
725 1756 871 1832 Κρατίνου
896 1753 1106 1833 μεμνημένος,
1130 1751 1160 1826 ὃς
1184 1757 1289 1836 πολλῶ
1313 1755 1467 1837 ῥεύσας
1490 1753 1574 1818 τοτ’
1596 1753 1745 1834 {wolvo

632 1862 682 1927 διοὶ
705 1867 763 1925 τῶν
786 1862 949 1939 οὶφελῶν
975 1860 1081 1925 νοιδίων
1106 1860 1178 1938 ἔρρει
1204 1863 1268 1927 ιιτὲ.

583 1971 710 2048 'Aorsi
742 1968 833 2033 τεδιά
864 1967 1043 2054 significare
1072 1971 1230 2053 potuisse,
1262 1969 1345 2055 quod
1376 1972 1469 2055 putet
1498 1966 1610 2045 editor,
1641 1987 1767 2052 campos

584 2074 697 2161 planos
728 2074 971 2159 lenissimaeque
1002 2077 1198 2141 sinuositatis
1230 2097 1299 2141 cras
1326 2076 1468 2152 credam,
1494 2095 1567 2139 nam
1591 2096 1653 2160 quo
1676 2079 1769 2159 pecto

584 2183 662 2246 baeo
691 2183 778 2246 notio
802 2182 938 2245 derivari
963 2185 1062 2266 possit
1086 2202 1103 2246 e
1127 2184 1255 2247 notione
1277 2183 1374 2247 huius
1396 2179 1545 2247 vocabuli
1567 2182 1611 2257 μη
1635 2178 1767 2257 ἔμπηρος

584 2288 669 2373 apud
693 2287 841 2353 Solonem
864 2292 919 2352 aut
943 2289 1107 2353 cohaereat
1129 2309 1203 2353 cnm
1226 2292 1355 2355 notione
1378 2289 1517 2370 simplos,
1542 2288 1663 2352 nativus
1686 2287 1771 2374 apud

583 2397 718 2458 seriores
749 2396 917 2479 scriptores
947 2414 1075 2479 prorsus
1106 2415 1157 2459 me
1186 2393 1275 2460 latet.
1308 2394 1354 2461 blo
1376 2415 1487 2472 sensu,
1513 2395 1568 2479 qui
1592 2413 1665 2458 sane
1689 2393 1720 2457 b.
1744 2392 1766 2458 l.

584 2503 705 2584 requiri
736 2499 872 2577 videtur,
904 2505 1050 2584 expectes
1081 2500 1250 2574 ὁμαλῶν.
1283 2498 1332 2567 cf.
1363 2501 1446 2565 Xen.
1478 2497 1767 2575 Anab.1v6,12.

584 2606 669 2672 Plat.
694 2604 812 2672 Critias
836 2628 867 2690 p.
893 2605 957 2670 118
968 2607 1006 2669 A.
1035 2642 1073 2654 -
1099 2605 1146 2671 Βο
1170 2614 1319 2693 corrupto
1343 2609 1451 2686 ρεύοας
1476 2612 1508 2671 et
1530 2605 1710 2671 infelicibus
1734 2607 1768 2669 in

584 2717 617 2779 h.
630 2712 653 2778 l.
666 2715 856 2778 coniecturis
867 2712 931 2777 vid.
944 2711 1169 2777 Leeuwenium
1181 2714 1352 2800 prudenter
1364 2715 1590 2798 disputantem.
1604 2712 1768 2777 Aoristum

584 2821 660 2884 ferri
679 2840 741 2885 non
761 2840 852 2904 posse
871 2840 927 2904 pro
947 2821 1105 2904 praesenti
1124 2829 1156 2885 et
1175 2841 1235 2907 ego
1254 2821 1332 2886 olim
1351 2819 1607 2885 animadvertens
1618 2819 1769 2904 proposui

583 2930 670 2991 inst-o
688 2926 838 2990 audacius
857 2928 901 3004 ῥῷ
925 2927 997 2989 τῶν
1021 2925 1225 3003 ἐπινοιῶν,
1243 2929 1277 2990 in
1297 2947 1359 3010 que
1378 2929 1557 2991 coniectura
1575 2927 1767 2990 nuncetiam

586 3032 732 3117 displicet
751 3034 908 3099 omissum
928 3032 1011 3096 rori.
1033 3030 1095 3097 Vix
1117 3033 1211 3098 hodie
1230 3032 1341 3098 dubito
1360 3035 1437 3119 quin
1457 3031 1565 3112 isdrar
1586 3030 1769 3097 nihilaliud

584 3142 628 3204 sit
660 3160 754 3224 quam
788 3137 899 3203 infelix
935 3145 1097 3203 tentamen
1129 3138 1301 3224 explendae
1332 3142 1449 3205 veteris
1480 3139 1626 3218 lacunae,
1657 3142 1704 3204 ita
1732 3146 1770 3205 ut

583 3245 806 3331 probabilitate
836 3267 899 3310 non
929 3251 1033 3310 careat
1063 3247 1194 3324 τιηοων,
1226 3246 1264 3311 de
1294 3268 1356 3332 quo
1387 3246 1490 3313 editor
1519 3249 1675 3333 cogitavit
1697 3245 1769 3313 coll.

583 3352 683 3417 Hom.
708 3360 737 3416 Λ
752 3349 818 3417 492
842 3350 895 3416 rel
917 3349 1010 3416 a87.

631 3598 684 3663 Vs.
712 3596 786 3663 538.

631 3703 661 3777 ὃς
687 3706 750 3769 ἀπὸ
774 3709 908 3782 σμικροῖς
931 3704 1072 3778 δατοὶνης
1096 3705 1178 3781 οἱμῖις
1202 3704 1365 3788 οὶριττιζοιν
1387 3705 1569 3781 ατοτέμτιι

630 3815 693 3879 ατο
717 3812 1013 3891 κραμβοτάτου
1036 3810 1191 3888 στόματος
1215 3815 1344 3890 μάττων
1366 3812 1572 3885 ἀστειοτάτας
1596 3814 1738 3886 ἐπινοίας.

583 3921 751 3986 Leniorem
773 3941 871 4005 quam
890 3918 1064 3984 feliciorem
1083 3940 1150 3984 esse
1168 3918 1292 3984 Kiehlii
1308 3921 1523 3986 coniecturam
1535 3920 1769 4000 κραμβοφαγον

583 4027 695 4103 hodie,
727 4026 835 4103 credo,
866 4031 990 4091 constat
1019 4028 1104 4090 inter
1135 4046 1253 4092 omnes.
1268 4041 1272 4050 ’
1285 4023 1357 4090 Ηοο
1386 4028 1516 4091 omnino
1538 4025 1687 4113 intellegi
1709 4050 1771 4093 non

583 4141 704 4220 potest,
734 4131 816 4197 illud
848 4135 968 4217 optime
999 4137 1121 4217 potest,
1154 4131 1248 4197 modo
1272 4131 1369 4198 fidem
1394 4132 1567 4198 babeamus
1591 4138 1637 4213 (et
1659 4133 1771 4218 quidni

584 4236 793 4319 habeamusl)
812 4238 926 4324 glossis
945 4238 1159 4326 Hesychianis
1179 4237 1378 4319 ιιροὶμβον·
1400 4237 1533 4317 ιιατνρδν
1553 4262 1622 4303 τινα
1643 4238 1770 4317 γέλωτα

584 4347 637 4411 καὶ
674 4342 759 4424 ξηρόν
794 4350 890 4426 Φαοιν
927 4344 1008 4426 (soil.
1041 4343 1182 4425 κραμβον
1212 4344 1364 4427 γέλωτα).
1391 4382 1431 4394 -
1458 4343 1768 4423 κραμβότατον·

584 4455 803 4527 νατνρώτιιτον
823 4452 921 4536 (qnod
945 4453 971 4515 si
995 4452 1057 4516 buc
1080 4453 1235 4537 pertinet,
1258 4452 1431 4539 legendum
1455 4451 1767 4532 ιιραμβοτατον·

582 4553 828 4638 ιιοιτνρατοίτον).
862 4557 981 4623 Eodem
1013 4560 1150 4643 pertinet
1180 4555 1370 4637 κραμβα·
1394 4557 1495 4637 γένος
1520 4559 1600 4639 (cod.
1625 4558 1770 4638 κραμβα-

581 4664 684 4743 τέοιοι)
706 4660 791 4741 ξηρὸς
817 4666 869 4728 καὶ
894 4663 1036 4741 naevia.
1062 4663 1153 4729 Nihil
1175 4665 1252 4730 haec
1271 4685 1442 4731 commune
1462 4666 1577 4732 bebere
1597 4685 1672 4732 cum
1691 4687 1768 4733 voce

584 4769 713 4851 κράμβη
737 4791 793 4855 per
815 4792 847 4836 se
869 4770 980 4855 liquet.
1006 4767 1054 4837 cf.
1078 4769 1260 4836 Leeuwenii
1283 4776 1368 4835 note.
