5125 6150
807 839 872 905 416
1334 857 1454 906 ursus.

806 1025 987 1108 presserunt
1013 1020 1177 1086 Scheibius
1201 1026 1232 1085 ct
1255 1021 1497 1087 Herwerdenus.
1522 1021 1660 1086 Tandem
1684 1024 1707 1086 i.
1721 1023 1741 1085 f.
1762 1023 1780 1106 ς
1800 1020 1841 1087 67
1864 1026 1898 1086 in
1922 1044 1986 1086 uno

805 1128 830 1192 F
862 1134 909 1193 est
939 1129 1151 1192 neceesarium
1182 1130 1319 1206 Φανεράν
1351 1131 1405 1200 riso
1437 1128 1535 1192 αὐτῶν
1567 1129 1675 1206 ἀρετὴν
1701 1126 1986 1206 ἐπεδείξαντο,

803 1237 837 1298 in
862 1233 921 1298 VX
943 1240 1070 1298 vetusta
1093 1235 1180 1298 varia
1202 1232 1297 1299 lectio
1320 1255 1416 1318 quam
1433 1233 1459 1297 F
1478 1255 1602 1320 quoque
1621 1238 1654 1298 in
1674 1237 1819 1321 margine
1839 1235 1985 1300 exhibet:

804 1343 865 1406 έπι
875 1341 934 1405 δεῖ
941 1341 961 1419 ξ
968 1364 1104 1421 αντει,
1126 1340 1209 1405 unde
1228 1341 1346 1405 frustra
1357 1344 1484 1406 insertis
1498 1343 1601 1406 verbis
1614 1345 1818 1427 supervacuis
1831 1342 1985 1418 (δικαίως

804 1451 1027 1520 ἐπαινοῦνται)
1051 1448 1252 1513 Elrdmaunus
1276 1447 1473 1514 tolerabilem
1497 1470 1625 1513 sensum
1644 1447 1757 1514 elicere
1776 1454 1824 1514 est
1844 1455 1985 1513 conatus.

848 1557 893 1621 Hi
911 1559 1013 1643 igitur
1029 1555 1093 1620 loci
1112 1577 1150 1620 ex
1170 1555 1194 1620 F
1213 1563 1244 1620 et
1266 1555 1293 1618 V
1312 1556 1541 1621 emendatiores
1554 1560 1692 1641 expressi
1706 1563 1790 1621 sunt.
1814 1555 1875 1621 Sed
1888 1555 1987 1642 longe

802 1666 927 1749 saepius
956 1663 983 1726 V
1014 1683 1088 1727 cum
1119 1662 1150 1726 X
1180 1664 1287 1739 sentit,
1319 1662 1343 1727 F
1373 1661 1546 1749 singularis
1576 1668 1634 1740 est,
1666 1663 1720 1727 sed
1750 1664 1814 1728 fere
1849 1665 1987 1747 propriis

802 1773 907 1834 nitens
924 1774 961 1833 'et
983 1771 1074 1834 vitiis
1096 1775 1128 1832 et
1151 1769 1384 1833 omissionibus.
1410 1770 1515 1834 Pauca
1539 1769 1576 1834 de
1600 1769 1748 1854 plurimis
1772 1770 1851 1834 dabo
1864 1769 1987 1846 γεύμα-

803 1900 851 1947 τος
877 1877 978 1955 χάριν.
1010 1874 1077 1939 Iam
1100 1877 1133 1938 in
1158 1878 1261 1959 prima
1283 1876 1480 1961 paragrapho
1503 1878 1625 1941 omittit
1650 1898 1711 1941 uon
1735 1874 1839 1941 solum
1863 1875 1985 1953 άνδρῶν,

802 1982 885 2068 quod
914 1984 1050 2067 speciem
1081 1981 1186 2058 habet,
1217 1981 1271 2045 sed
1302 1984 1400 2046 etiam
1431 1983 1490 2046 sub
1513 1982 1609 2047 linem
1632 1985 1754 2061 αὐτοὺς,
1780 2004 1841 2068 quo
1866 1986 1985 2047 omisso

800 2092 956 2155 sententia
986 2089 1189 2174 pervertitur.
1222 2085 1350 2153 Ceteras
1380 2091 1576 2166 omissiones,
1604 2095 1743 2154 -sunt
1774 2097 1880 2154 autem
1917 2092 1986 2153 uni-

799 2217 918 2273 versae,
941 2203 1024 2260 recte
1047 2197 1074 2259 si
1096 2197 1273 2271 numerari,
1298 2216 1430 2260 numero
1453 2195 1492 2259 ad
1517 2196 1744 2282 undetriginta,
1768 2218 1892 2261 —non
1916 2216 1986 2281 per-

799 2304 944 2379 scribam,
977 2302 1034 2366 hoc
1065 2303 1224 2365 monuisse
1255 2303 1333 2366 satis
1364 2302 1480 2366 habeus
1506 2310 1610 2387 quater
1628 2303 1678 2387 (§§
1699 2301 1751 2380 25,
1775 2301 1827 2386 44,
1850 2301 1903 2379 58,
1925 2302 1983 2383 65)

800 2414 905 2474 totum
934 2407 1038 2472 deesse
1070 2428 1198 2472 versum
1222 2406 1274 2485 39,
1301 2406 1354 2484 37,
1378 2408 1432 2484 41,
1457 2407 1500 2472 42
1530 2407 1722 2486 litterarum,
1754 2407 1852 2473 semel
1872 2409 1902 2492 (5
1926 2407 1984 2489 65)

799 2518 832 2579 in
863 2517 1007 2601 margine
1042 2513 1237 2599 suppletum,
1270 2513 1357 2578 deest
1388 2535 1512 2600 quoque
1544 2514 1628 2600 §64
1658 2517 1769 2580 incisio
1799 2514 1862 2579 οὔτ’
1894 2513 1984 2578 adrui

801 2621 893 2685 πλέον
914 2620 996 2702 ἔχειν
1016 2619 1159 2697 δεόμενοι,
1185 2619 1267 2685 unde
1290 2641 1364 2685 oum
1389 2621 1551 2685 antecedat
1575 2620 1642 2686 οὔτε
1668 2622 1870 2685 ἐλαττοῦσθαι
1891 2619 1983 2685 δυνά-

799 2751 881 2805 μενοι
913 2727 1043 2791 fortasse
1074 2725 1272 2791 efficiendum
1300 2726 1359 2791 hoc
1382 2729 1447 2791 iam
1471 2727 1620 2792 defecisse
1643 2731 1676 2791 in
1700 2727 1854 2793 Marciani
1877 2727 1984 2792 arche

799 2841 877 2921 typo
899 2835 933 2897 in
955 2831 1123 2897 laterculos
1146 2832 1249 2897 diviso
1273 2853 1425 2896 versuum
1445 2832 1488 2897 24
1509 2833 1560 2897 vel
1579 2833 1622 2898 26
1641 2832 1832 2898 litterarum.
1853 2831 1982 2911 Contra,

798 2940 852 3004 sed
882 2938 986 3003 multo
1010 2939 1121 3018 rarius,
1145 2940 1178 3001 in
1201 2937 1226 3002 F
1250 2938 1365 3002 adsunt
1387 2959 1466 3023 quae
1489 2939 1605 3003 melius
1629 2940 1783 3004 abessent.
1808 2938 1860 3003 Sic
1883 2940 1900 3023 ἓ
1925 2938 1982 3017 24,

798 3046 854 3112 ubi
884 3045 939 3122 μέν
971 3066 1026 3131 per
1056 3065 1195 3110 errorem
1227 3045 1276 3110 bis
1308 3047 1463 3130 scriptum
1495 3051 1559 3124 est;
1592 3044 1687 3131 538,
1715 3046 1771 3110 ubi
1793 3047 1860 3110 sine
1884 3066 1981 3111 seusu

794 3153 890 3218 habet
914 3153 964 3216 καὶ
989 3155 1143 3229 πολεμίων
1166 3152 1232 3215 καὶ
1258 3153 1431 3229 ναναγέων;
1455 3154 1472 3237 §
1493 3152 1546 3230 42,
1571 3154 1627 3217 ubi
1650 3159 1708 3217 τῶν
1730 3152 1834 3218 ἄλλων
1858 3153 1981 3218 άπάν-

796 3285 868 3324 των
892 3259 1069 3340 συμμάχων
1093 3261 1151 3337 (ita
1175 3256 1287 3324 (lobeti
1311 3261 1409 3323 etiam
1432 3258 1552 3338 editio),
1577 3263 1688 3324 ceteris
1710 3265 1743 3324 et
1766 3259 1925 3323 codicibus
1947 3267 1980 3326 et

795 3366 969 3431 editoribus
988 3365 1212 3430 recentioribus
1233 3361 1342 3429 vocem
1362 3366 1507 3430 άπάντων
1528 3372 1610 3431 recte
1630 3366 1868 3444 omittentibus;
1891 3365 1977 3450 §60,

796 3474 851 3538 ubi
882 3472 1026 3557 praebet:
1063 3471 1103 3547 τῷ
1137 3469 1168 3533 δὲ
1199 3470 1382 3548 (Persarum
1414 3474 1497 3556 regi)
1529 3470 1632 3534 άλλων
1663 3469 1817 3549 ἀρξάντων
1844 3472 1976 3543 οὐδεὶς

796 3578 885 3660 ζῆλος
919 3579 1104 3653 ἐγγίγνεται
1135 3583 1189 3646 τῆς
1220 3579 1278 3641 τῶν
1303 3578 1454 3654 προγόνων
1478 3578 1629 3655 διανοίας,
1654 3599 1750 3662 quam
1773 3580 1978 3663 negationem

795 3690 906 3756 cetone
930 3684 1018 3749 codd.
1042 3687 1188 3769 ignotam
1210 3686 1292 3748 miro
1315 3683 1433 3749 iudicio
1457 3691 1565 3749 tuetur
1589 3684 1782 3764 Sohoellius;
1808 3686 1826 3769 ξ
1847 3684 1899 3760 62,
1919 3686 1977 3749 ubi

795 3796 878 3858 inter
908 3790 1046 3858 δουλεῖαι
1079 3796 1110 3853 et
1142 3791 1201 3869 οὐχ
1233 3785 1321 3862 ἦττον
1352 3812 1447 3874 prave
1478 3793 1630 3855 inseritur
1659 3793 1713 3867 άς;
1746 3789 1837 3875 §ott
1863 3791 1917 3854 ubi
1942 3793 1976 3854 in

796 3897 892 3976 ὥσπερ
923 3897 983 3976 χρὴ
1014 3895 1083 3965 τοὺς
1116 3896 1251 3971 coacte
1281 3894 1427 3974 ἄνδρας
1452 3898 1689 3962 substantivum
1715 3903 1797 3962 recte
1820 3900 1976 3961 omittunt

795 4008 906 4083 ceteri;
933 4002 1058 4068 tandem
1084 4003 1101 4086 ᾗ
1123 4000 1175 4077 77,
1202 4003 1256 4066 ubi
1280 4024 1363 4068 uuus
1386 4003 1412 4067 F
1435 4007 1515 4069 mire
1539 4004 1649 4069 habet:
1674 4005 1707 4068 οὐ
1730 4005 1792 4080 γάρ
1816 4003 1976 4067 ἐλανθάνο-

794 4138 851 4189 μεν
877 4113 957 4184 ἡμᾶς
984 4109 1094 4178 αὐτοὺς
1118 4106 1230 4182 άπαξ
1253 4107 1337 4181 ὄντες
1358 4112 1464 4185 άννρτοῖ.
1494 4111 1658 4175 Praeterea
1682 4114 1808 4195 saepius
1831 4110 1977 4176 ordinem

794 4219 965 4284 verborum
997 4237 1054 4279 suo
1079 4214 1183 4279 Marte
1206 4218 1356 4292 invertit,
1380 4215 1463 4282 male
1485 4217 1691 4302 plerumque,
1717 4221 1748 4281 et
1772 4216 1866 4301 quod·
1881 4220 1979 4302 inpri-

795 4327 857 4390 mis
880 4320 1034 4398 notabile,
1060 4321 1076 4403 b
1095 4321 1138 4385 40
1159 4343 1215 4406 pro
1234 4320 1369 4386 lectione
1389 4330 1566 4388 ceterorum
1584 4323 1739 4388 librorum
1758 4324 1816 4394 τάς
1838 4324 1863 4388 δ’
1877 4324 1978 4387 αὑτῶν

795 4432 904 4510 ψυχάς
928 4429 1038 4503 ὀλίγας
1063 4427 1155 4497 οὔσας
1177 4427 1399 4504 ἀντιτάξαντες
1424 4432 1472 4506 τῷ
1497 4430 1641 4503 πλάθει
1667 4432 1715 4510 τῷ
1740 4439 1808 4504 τῆς
1835 4431 1976 4502 Ἀτέας

794 4537 922 4622 praebet
942 4537 1047 4607 radda
1070 4534 1201 4614 τοσούτῳ
1221 4556 1259 4599 ex
1277 4538 1467 4600 correctione
1480 4543 1546 4601 tam
1558 4536 1677 4601 infelici
1690 4559 1786 4622 quam
1799 4537 1974 4602 arbitraria.

794 4643 945 4727 Sequitur
962 4645 1074 4727 ingens
1093 4641 1202 4705 cohors
1223 4642 1410 4706 mendorum
1430 4630 1523 4708 omne
1535 4664 1653 4729 genus,
1674 4665 1711 4708 ex
1724 4643 1840 4727 quibus
1852 4646 1977 4727 potiora

795 4755 920 4815 tautum
953 4747 1107 4812 delibabo
1138 4746 1273 4833 Legitur
1302 4746 1377 4832 §2:
1411 4750 1462 4812 καὶ
1495 4757 1555 4820 τοῖς
1588 4756 1682 4814 ποιεῖν
1714 4748 1888 4825 δυναμένοις
1922 4750 1973 4814 καὶ

793 4865 855 4925 τοῖς
887 4861 980 4919 ποιεῖν
1011 4853 1210 4931 βουληθεῖσιν,
1236 4860 1378 4939 oportet:
1403 4862 1465 4926 τοῖς
1488 4856 1584 4919 εἰπεῖν
1606 4857 1714 4934 &est;
1739 4855 1812 4940 §7:
1837 4856 1919 4935 ἱερῶν
1943 4857 1973 4921 δέ

793 4962 844 5037 μέν
868 4961 1093 5037 γενομένων
1116 4982 1173 5046 pro
1198 4961 1487 5038 μιαινομένων,
1512 4961 1530 5046 ᾗ
1551 4960 1588 5025 9;
1612 4962 1795 5039 πατρίδα
1819 4965 1858 5028 οὐ
1879 4969 1971 5038 τιμῆς
