5125 6150
1123 848 1266 897 raorrus.
1375 894 1378 898 ,
1721 834 1782 899 391

643 1013 685 1077 Η.
710 1013 751 1088 ΙΙ,
778 1011 831 1077 72.
855 1011 902 1076 De
924 1010 999 1075 falsi
1022 1010 1221 1076 Scriboniani
1244 1014 1333 1076 exitu
1357 1014 1433 1077 haec
1457 1015 1628 1098 leguntur:

644 1117 799 1203 „(vulgus
818 1116 985 1182 credulum
1004 1121 1037 1180 et
1057 1115 1188 1200 quidam
1211 1116 1357 1181 militum
1382 1120 1492 1182 statim
1513 1120 1786 1204 aggregabantur)

594 1245 671 1288 cum
700 1229 879 1307 pertractus
911 1222 950 1287 ad
981 1220 1150 1285 Vitellium
1181 1225 1478 1309 interrogatusque,
1501 1226 1647 1308 quisnam
1672 1231 1789 1289 morta-

591 1329 676 1394 lium
700 1335 798 1394 eeset:
824 1334 994 1414 postquam
1018 1326 1108 1391 nulla
1131 1327 1224 1391 dietis
1249 1327 1326 1393 fides
1350 1336 1381 1392 et
1400 1349 1418 1392 a
1439 1329 1568 1393 domino
1589 1332 1787 1407 noscebatur,

594 1435 779 1525 condicione
803 1437 983 1520 fugitivus,
1011 1437 1140 1498 nomine
1164 1430 1263 1511 Geta,
1289 1441 1457 1521 sumptum
1477 1435 1515 1500 de
1535 1457 1572 1500 eo
1592 1435 1786 1521 supplicium

593 1546 628 1606 in
652 1541 802 1607 servilem
827 1540 995 1605 modum.''

643 1648 759 1713 Omnia
789 1648 842 1712 hic
871 1646 1061 1732 perturbant
1084 1649 1139 1730 qui
1163 1651 1236 1731 post
1253 1653 1426 1729 pertractus
1450 1649 1503 1713 vei
1526 1653 1599 1732 post
1622 1649 1787 1730 interrepe-

593 1762 699 1838 teeque
721 1754 856 1818 verbum
879 1760 923 1816 eet
944 1755 1105 1830 inserunt;
1131 1752 1185 1816 sed
1204 1750 1256 1816 illi
1277 1773 1401 1837 quoque
1420 1752 1557 1819 colorem
1577 1755 1787 1819 obscurarunt

594 1858 780 1934 Taciteum‚
805 1860 861 1942 qui
884 1860 1042 1921 maiorem
1065 1863 1138 1941 post
1160 1863 1234 1919 earet
1257 1863 1433 1942 posuerunt
1456 1857 1708 1936 distinctionem,
1729 1881 1786 1944 pro

594 1985 658 2049 qna
688 1966 715 2028 si
746 1963 876 2049 virgula
903 1965 964 2027 erit
987 1965 1108 2047 posita,
1134 1962 1236 2026 denuo
1259 1959 1408 2027 Tacitum
1432 1983 1642 2048 agnoscemus
1650 1986 1658 2041 ;
1684 1986 1701 2028 a
1725 1988 1788 2028 cnm
1901 1998 1902 2001 ¹

587 2076 764 2152 pertractus
795 2071 986 2133 sententiam
1018 2067 1142 2132 orditur
1165 2072 1330 2151 tamqnam
1354 2071 1399 2132 sic
1422 2069 1486 2133 fere
1509 2089 1580 2134 eam
1603 2068 1786 2137 clausurus:

592 2175 700 2238 aercili
721 2175 870 2256 supplicio
894 2176 1019 2258 affectae
1040 2180 1104 2250 est,
1128 2173 1199 2250 sed,
1222 2179 1334 2258 sponte
1354 2172 1442 2239 illius
1462 2174 1588 2239 consilii
1605 2177 1787 2252 immemor,

593 2302 652 2366 pro
682 2302 719 2345 eo
749 2287 895 2361 sumptum
925 2281 963 2341 dc
985 2301 1017 2342 eo
1040 2279 1222 2360 supplicium
1244 2280 1267 2342 i.
1292 2302 1316 2343 e.
1340 2302 1377 2344 m.
1402 2281 1503 2364 ponit.
1527 2280 1638 2364 Neque
1661 2288 1725 2356 est,
1751 2287 1789 2345 ut

595 2389 717 2471 opinor,
750 2385 868 2450 durum
900 2386 1116 2450 daaataovdor:
1151 2408 1214 2448 cum
1239 2392 1413 2467 pertractus
1515 2393 1663 2468 cumptum
1696 2389 1733 2450 dc
1756 2409 1787 2450 eo

596 2492 788 2574 supplicium.

643 2596 684 2661 H.
710 2595 766 2674 ΙΙΙ,
794 2597 845 2660 ll.
870 2597 1047 2680 Postquam
1069 2598 1212 2660 narravit
1235 2596 1273 2661 de
1298 2597 1444 2661 tumultu
1467 2597 1551 2662 inter
1573 2598 1704 2663 Antonii
1727 2601 1787 2662 mi·

593 2702 669 2767 lites
693 2707 782 2779 orto,
807 2701 908 2786 deque
932 2700 1048 2786 Tampi
1070 2700 1216 2766 Flaviani
1240 2701 1398 2788 periculo,
1424 2704 1475 2767 cui
1500 2701 1612 2767 seille
1636 2705 1692 2768 vix
1715 2703 1786 2768 sub·

592 2811 746 2888 traxerit,
772 2810 817 2872 sic
839 2809 976 2891 scriptor
998 2809 1124 2892 pergit:

641 2914 838 2999 „Legionem
856 2912 946 2977 velut
966 2912 1038 2977 tabe
1058 2913 1208 2990 infectae,
1230 2915 1392 2998 Aponium
1412 2913 1633 2991 Saturninum,
1654 2914 1787 2980 Moesici

594 3022 755 3085 exercitus
777 3017 940 3103 legatum,
965 3039 1001 3083 eo
1025 3020 1163 3083 atrocius
1187 3019 1423 3105 aggrediuntur
1447 3018 1532 3104 quod
1557 3040 1583 3084 e.
1598 3041 1626 3105 q.
1640 3020 1688 3085 s.'’

638 3125 726 3190 Haec
750 3128 832 3202 cito,
856 3127 999 3209 primum
1025 3130 1062 3188 ut
1085 3131 1234 3209 appareat
1257 3126 1334 3211 quid
1355 3128 1483 3190 intersit
1501 3129 1585 3191 inter
1604 3147 1785 3192 sermonem

589 3230 757 3295 Taoiteum
777 3236 810 3295 et
830 3233 1005 3295 orationem
1026 3250 1137 3295 eorum
1157 3234 1213 3315 qui
1232 3231 1420 3318 simpliciter
1437 3231 1612 3317 loquuntur
1629 3234 1786 3297 scribunt·

590 3358 663 3422 que.
684 3335 969 3422 simplicissimum
988 3337 1047 3402 hoc
1067 3341 1136 3401 erat
1153 3343 1185 3402 et
1203 3340 1367 3422 scriptoris
1379 3340 1552 3403 sententiae
1566 3341 1785 3423 aptissimum:

593 3444 778 3527 „Aponium
881 3442 1126 3528 aggrediuntur,
1151 3464 1187 3508 eo
1206 3445 1344 3508 atrocius
1364 3443 1480 3526 quod'’,
1501 3463 1576 3508 nam
1597 3465 1697 3509 novae
1719 3466 1788 3510 nar-

593 3552 742 3624 rationis,
767 3568 848 3633 quae
870 3548 1060 3625 adnectitur,
1084 3555 1314 3635 argumentum
1339 3549 1399 3613 hoc
1422 3556 1470 3614 est
1494 3549 1577 3634 quod
1597 3572 1681 3615 nunc
1700 3573 1734 3616 se
1753 3554 1786 3616 in

592 3654 696 3720 alium
720 3654 834 3719 ducem
857 3657 1017 3720 convertit
1041 3654 1185 3718 militum
1208 3657 1270 3730 ira,
1292 3657 1343 3719 cui
1363 3653 1447 3719 illud
1468 3676 1525 3732 „eo
1544 3660 1682 3721 atrocius
1703 3657 1785 3741 quod

592 3782 621 3826 e.
636 3784 664 3845 q.
677 3761 724 3825 s.”
749 3760 939 3845 explanandi
962 3781 1056 3825 eausa
1078 3759 1214 3824 additur.
1239 3759 1302 3825 Sed
1326 3758 1443 3824 maluit
1466 3759 1595 3826 Tacitus
1620 3784 1706 3826 more
1727 3783 1784 3826 suo

591 3867 733 3931 diversas
757 3888 806 3931 res
829 3870 863 3931 in
886 3888 984 3932 unam
1008 3867 1193 3931 contrahere
1217 3869 1420 3931 sententiam.
1444 3867 1564 3931 Deinde
1585 3874 1622 3931 ut
1641 3871 1786 3953 sequenti

591 3976 696 4058 eapite
719 3976 883 4058 scriptoris
905 3976 1005 4037 nostri
1028 3994 1125 4036 usum
1146 3978 1254 4037 contra
1272 3993 1404 4057 pravam
1425 3972 1588 4037 defendam
1612 3972 1786 4038 distinctio·

592 4100 667 4143 nem
687 4079 741 4144 sed
760 4082 951 4164 speciosam,
973 4084 1005 4144 et
1024 4098 1121 4163 quae,
1143 4080 1205 4142 nisi
1225 4078 1327 4155 fallor,
1349 4080 1388 4143 ab
1408 4100 1471 4142 uno
1490 4077 1651 4162 alteroque
1664 4078 1783 4143 editore

590 4188 660 4250 iam
684 4190 733 4249 est
756 4184 904 4250 admissa.
929 4184 987 4248 Est
1010 4190 1119 4248 autem
1142 4182 1198 4249 ille
1217 4184 1304 4249 locus
1328 4189 1435 4249 nostro
1458 4184 1633 4248 admodum
1655 4184 1782 4249 similis.

591 4290 671 4355 Post
693 4296 835 4355 narratas
859 4291 968 4355 turbas
991 4293 1024 4353 in
1049 4289 1202 4355 Flaviano
1226 4292 1368 4355 exercitu
1392 4289 1469 4353 haec
1492 4289 1661 4375 leguntur:

640 4396 708 4473 „Ne
738 4400 772 4460 in
804 4395 926 4461 Vitellii
958 4396 1089 4480 quidem
1121 4397 1266 4482 partibus
1297 4398 1423 4480 quietae
1455 4401 1577 4460 mentes
1600 4398 1784 4461 exitiosiore

590 4502 751 4568 discordia·
777 4525 839 4568 non
870 4503 1104 4588 suspicionibus
1136 4502 1248 4596 vulgi,
1281 4502 1336 4565 sed
1364 4500 1495 4586 perfidia
1527 4502 1645 4566 ducum
1677 4502 1785 4566 turba·

591 4609 744 4674 bantur.”

636 4714 753 4798 Sponte
783 4735 815 4778 se
847 4714 937 4779 offert
968 4717 1149 4779 coniectura
1172 4718 1374 4798 postmontes
1397 4714 1552 4778 maiorem
1576 4734 1643 4778 esse
1667 4733 1782 4798 ponen-

591 4820 665 4885 dam
697 4820 955 4897 distinctionem,
988 4823 1032 4884 sic
1063 4822 1150 4884 enim
1174 4820 1282 4884 omnia
1306 4818 1389 4881 fiunt
1410 4819 1595 4903 planissima
1619 4827 1650 4883 et
1673 4819 1711 4885 ad
1738 4822 1784 4883 in·

590 4925 806 5011 teiligendum
832 4926 1080 5012 expeditissima.
1106 4924 1148 4988 Et
1171 4932 1278 4990 tamen
1302 4946 1395 4989 nemo
1419 4945 1488 4989 eam
1515 4926 1626 5009 probet
1645 4928 1706 4990 nisi
1725 4928 1781 5011 qui
