5125 6150
1048 816 1089 865 nn
1111 815 1318 865 nuafflonrs
1340 817 1526 866 namucum.
1831 800 1873 864 45

738 982 830 1048 Unde
865 981 1018 1047 discimus
1052 980 1217 1066 plerosque
1245 987 1391 1047 veterum
1421 982 1459 1048 de
1489 983 1557 1049 loco
1587 983 1692 1069 aliquo
1722 987 1756 1048 in
1777 984 1874 1070 Epiro

689 1091 867 1175 cogitass03
892 1094 986 1173 atque
1008 1087 1041 1151 id
1065 1109 1122 1153 suo
1142 1089 1221 1152 iure.
1245 1087 1329 1152 Nam
1348 1109 1422 1153 cum
1442 1096 1668 1175 argumentum
1688 1087 1876 1177 'Pelagoniae

689 1201 807 1260 notum
837 1216 900 1259 non
930 1194 1098 1270 haberent,
1131 1193 1291 1258 Homerus
1322 1215 1398 1259 vero
1429 1200 1553 1259 certum
1583 1194 1689 1260 locum
1712 1217 1774 1260 non
1795 1195 1876 1260 indi·

688 1308 811 1378 casset,
845 1300 963 1387 Epirus
992 1302 1097 1384 prima
1126 1302 1166 1363 iis
1194 1303 1228 1364 in
1259 1306 1401 1365 mentem
1431 1303 1539 1366 venire
1567 1301 1715 1380 debebat,
1746 1307 1814 1366 tam
1836 1302 1874 1366 oh

688 1428 810 1472 nomen
843 1404 1086 1483 ,continentis'',
1115 1425 1210 1489 quam
1240 1405 1278 1470 ob
1307 1405 1502 1492 singularem
1524 1407 1661 1484 famam,
1686 1428 1748 1492 qua
1770 1406 1876 1472 Ulixis

687 1515 753 1578 iter
774 1515 810 1577 in
834 1511 1055 1598 Thesprotiam
1078 1518 1149 1597 post
1171 1510 1336 1596 Sophoclis
1360 1513 1557 1599 tragoediam
1579 1512 1735 1599 „Niptra”
1755 1514 1873 1580 editam

689 1619 777 1705 apud
802 1620 949 1703 antiquos
971 1617 1110 1683 florebat.
1135 1616 1181 1682 De
1205 1637 1266 1702 qua
1288 1618 1451 1704 tragoedia
1474 1640 1549 1684 mcx
1572 1619 1674 1704 plura.

737 1728 896 1810 Antiquos
913 1733 1022 1790 autem
1040 1722 1230 1809 Telegoniae
1251 1731 1478 1809 argumentum
1495 1727 1656 1811 ignorasse
1674 1724 1745 1790 luce
1757 1725 1872 1792 clarius

689 1837 824 1916 apparet
858 1852 898 1896 ex
931 1831 1080 1915 Epitoma
1114 1829 1296 1894 Sabbaitioa
1325 1829 1528 1915 Apollodori,
1560 1832 1617 1896 ubi
1648 1832 1685 1897 de
1715 1831 1818 1897 Ulixis
1841 1835 1874 1898 in

689 1935 821 2001 Elidem
853 1939 968 2001 itinere
996 1935 1083 1998 aare
1113 1933 1150 1998 fit
1180 1937 1311 1999 mentio.
1343 1933 1447 2000 Heros
1471 1938 1556 2000 enim
1579 1939 1682 2020 procis
1699 1938 1874 2003 interfectis

688 2043 793 2106 stetim
822 2063 880 2127 per
907 2041 1041 2126 Epirum
1069 2039 1109 2105 ad
1133 2039 1323 2126 Thesprotos
1346 2040 1563 2125 proficiscitur,
1596 2042 1652 2106 uhi
1676 2041 1714 2107 de
1737 2041 1875 2109 Tiresiae

691 2147 852 2212 mandatis
883 2146 1031 2231 Neptuno
1062 2144 1224 2211 sacrificat.
1256 2146 1366 2231 Neque
1390 2168 1441 2211 me
1465 2147 1551 2233 fugit
1573 2148 1610 2212 Ε.
1635 2148 1803 2236 Meyerum
1827 2149 1874 2216 ll.

689 2274 870 2319 asseverare
894 2251 1125 2337 Apollodorum
1149 2252 1189 2316 rot
1213 2253 1243 2316 ἐν
1263 2251 1374 2317 Ἤλιδι·
1392 2253 1523 2318 fortuito
1542 2257 1718 2332 transiisse,
1738 2256 1793 2321 sed
1812 2255 1875 2322 tale

689 2367 923 2445 argumentum
954 2379 993 2422 ex
1023 2355 1149 2421 silentio
1180 2377 1297 2442 paucos
1320 2366 1357 2421 ut
1380 2378 1470 2442 spero
1492 2360 1635 2424 inveniet
1658 2360 1873 2426 admiratores.

690 2463 903 2551 Apollodorus
933 2463 1019 2529 haud
1047 2464 1142 2528 dubie
1165 2464 1224 2528 suh
1248 2463 1348 2528 oculis
1372 2464 1484 2529 hahuit
1506 2487 1568 2530 non
1591 2465 1795 2553 Telegoniam
1819 2467 1874 2533 sed

690 2570 936 2657 Thesprotidem
954 2569 1060 2648 illam,
1079 2591 1176 2655 quam
1199 2569 1370 2655 Sophocles
1392 2571 1553 2655 tragoedia
1577 2593 1634 2636 sua
1657 2572 1849 2660 divulgarit.

735 2678 1052 2762 Rectissime'igitur
1074 2675 1231 2742 Svoronos
1254 2674 1275 2739 l.
1289 2675 1311 2740 l.
1336 2697 1352 2741 e
1375 2675 1481 2741 Procli
1500 2678 1604 2742 verbis
1623 2678 1725 2743 effecit
1744 2679 1872 2746 Ulixem

691 2792 864 2869 antequam
888 2774 1056 2854 raeces
1075 2782 1289 2861 Τειρεσίου
1310 2783 1499 2861 ῥηθείσαις
1519 2784 1662 2855 θυσίαις
1682 2786 1719 2848 ἐν
1739 2787 1871 2867 Ἰθάκη

692 2891 878 2966 ἐτέλεσε,
900 2891 1063 2954 hominem
1084 2891 1320 2953 maritimarum
1340 2910 1446 2954 rerum
1464 2892 1614 2976 ignarum
1627 2891 1687 2954 ιάιιι
1699 2893 1871 2975 repperiare.

691 2997 759 3063 Hac
788 2999 953 3062 tamenin
976 3017 1009 3061 re
1032 2998 1150 3060 erravit
1174 2996 1257 3081 quod
1279 2998 1314 3059 in
1337 2996 1470 3061 Arcadia
1493 2997 1526 3061 id
1549 2997 1670 3062 factum
1694 3019 1760 3063 esse
1784 3006 1875 3084 puta·

690 3106 761 3182 bat,
795 3106 895 3168 nimio
928 3103 1048 3168 scilicet
1078 3102 1186 3168 ardore
1209 3103 1401 3189 hypothesin
1426 3125 1516 3168 suam
1540 3104 1577 3169 de
1601 3127 1734 3170 nummo
1757 3107 1874 3172 Manti-

689 3214 797 3276 neensi
817 3207 981 3275 defendere
1001 3215 1141 3274 conatus.
1162 3209 1327 3274 Profectus
1346 3219 1393 3275 est
1412 3209 1522 3274 Ulixes
1536 3211 1708 3275 secundum
1721 3211 1872 3277 Proclum

690 3320 720 3381 in
745 3315 889 3397 Elidem;
915 3337 954 3380 ex
977 3314 1068 3380 Elide
1091 3318 1124 3378 in
1148 3318 1285 3399 patriam
1308 3314 1419 3399 rediit3
1444 3318 1567 3380 invenit
1590 3316 1753 3383 hominem
1776 3340 1872 3383 suum

691 3432 862 3508 antequam
893 3421 1035 3487 Ithacam
1064 3423 1214 3486 revertit:
1245 3442 1321 3508 ergo
1350 3422 1384 3483 ιἰι
1414 3422 1505 3485 Elide
1534 3422 1584 3485 τὸν
1609 3422 1709 3497 ὃδίσιιι
1732 3425 1869 3490 offendit.

658 3564 661 3572 ·
690 3528 737 3594 lta
762 3528 866 3594 voluit
888 3550 950 3594 non
974 3528 1133 3593 Homerus
1156 3527 1209 3593 sed
1232 3527 1437 3614 Eugammon
1460 3525 1652 3614 Cyrenaeus.

734 3634 828 3699 Nunc
858 3633 964 3699 Ulixis
992 3637 1053 3699 iter
1080 3636 1115 3697 in
1144 3631 1384 3718 Thesprotiam,
1412 3634 1496 3718 quod
1518 3634 1720 3721 Eugammon
1743 3638 1869 3704 nonde

690 3763 745 3807 suo
780 3741 873 3805 finxit
909 3740 963 3806 sed
996 3738 1185 3826 Telegoniae
1221 3738 1457 3823 amplificandae
1487 3761 1581 3807 causa
1611 3762 1629 3806 a
1659 3742 1790 3808 Musaeo
1822 3750 1870 3810 est

690 3853 875 3923 mutuatus,
907 3848 1036 3931 propius
1071 3844 1315 3910 consideremus.
1353 3845 1492 3923 „Heros,
1528 3846 1659 3912 Proclus
1692 3850 1804 3928 refert,
1835 3852 1870 3915 in

689 3952 912 4038 Thesprotiam
935 3954 1023 4017 venit
1047 3948 1283 4036 Callidicenque
1307 3955 1450 4037 reginam
1472 3973 1605 4017 uxorem
1628 3953 1725 4019 ducit.
1761 3954 1872 4020 Oritur

688 4059 813 4126 bellum
848 4079 923 4123 oum
957 4057 1091 4144 Brygis,
1127 4060 1183 4142 qui
1218 4057 1324 4122 Marte
1358 4057 1436 4122 duce
1471 4057 1660 4143 Thesprotos
1695 4059 1870 4144 repellunt,

686 4164 763 4230 licet
797 4163 944 4229 Minerva
979 4164 1029 4227 his
1062 4162 1247 4248 opituletur.
1289 4161 1402 4248 Apollo
1436 4161 1569 4227 demum
1602 4164 1695 4229 finem
1731 4163 1870 4229 bellandi

686 4271 774 4336 facit.
818 4267 970 4336 Oallidice
1008 4274 1135 4334 mortua
1169 4267 1359 4355 Polypoetes
1393 4267 1478 4333 filius
1512 4268 1616 4333 Ulixis
1651 4290 1787 4355 regnum
1821 4289 1869 4334 ac-

685 4379 783 4463 cipit,
826 4376 918 4441 heros
952 4378 1020 4462 ipse
1054 4374 1197 4440 Ithacam
1232 4373 1437 4439 reuertitur.''
1481 4373 1534 4439 Sic
1568 4379 1695 4458 poetam
1728 4373 1867 4460 aliquem

685 4485 856 4567 antiquum
892 4480 996 4546 Ulixis
1030 4483 1092 4546 iter
1121 4483 1154 4544 in
1185 4478 1404 4563 Thesprotiam
1436 4482 1584 4544 cecinisse
1615 4500 1676 4543 non
1707 4487 1754 4545 est
1784 4481 1869 4565 quod

685 4591 855 4654 miremur.
890 4587 1101 4652 Meminimus
1136 4589 1221 4652 enim
1256 4606 1406 4650 versuum
1441 4585 1549 4664 5314
1569 4606 1653 4671 sqq,
1689 4587 1744 4651 ubi
1776 4587 1868 4653 heros

682 4693 927 4771 fallacissimus,
958 4714 1078 4759 errores
1109 4713 1182 4757 suos
1212 4692 1355 4756 liumaeo
1387 4692 1581 4767 describens,
1607 4692 1756 4756 audacter
1778 4713 1868 4757 casus

683 4800 893 4885 Thesprotios
922 4802 1077 4875 annectit,
1110 4820 1187 4883 quos
1218 4819 1394 4884 numquam
1426 4817 1537 4882 passus
1567 4803 1643 4862 erat.
1675 4796 1738 4860 Hic
1766 4799 1870 4884 igitur

682 4928 819 4992 campus
851 4905 978 4991 patebat
1001 4902 1141 4969 incultus
1163 4926 1219 4990 per
1242 4926 1337 4990 quem
1359 4905 1526 4989 ingenium
1550 4903 1716 4967 cuiusdam
1738 4905 1870 4990 epigoni
