5125 6150
642 889 645 894 ,
690 822 756 887 206
1213 837 1354 885 caurus.

691 1006 732 1068 At
756 1024 794 1068 ne
816 1002 1035 1084 magnificentia
1059 1007 1092 1065 et
1115 1001 1204 1064 bum
1223 1001 1371 1086 quidem,
1386 1026 1444 1084 per
1462 1026 1494 1065 ae
1512 1011 1659 1085 spectati,
1679 1007 1762 1069 vitia
1781 1012 1877 1082 suut;

690 1131 802 1175 verum
832 1108 925 1194 plane
955 1129 987 1172 se
1010 1110 1051 1171 iis
1074 1107 1185 1172 dedere
1209 1117 1241 1172 et
1264 1109 1420 1189 indulgere
1442 1112 1560 1174 vitium
1583 1118 1642 1175 est.
1666 1111 1804 1174 Lenitcti
1831 1112 1879 1173 ire

689 1218 810 1298 dalem
840 1218 998 1301 optimum
1030 1215 1160 1299 praebet
1186 1235 1332 1279 sensum:
1357 1221 1406 1279 est
1428 1237 1465 1279 ea
1488 1238 1538 1280 ree
1561 1223 1695 1303 cognata
1717 1216 1770 1281 illi
1792 1238 1878 1302 qnae

689 1343 785 1408 supra
807 1322 857 1385 his
880 1322 985 1385 verbis
1007 1328 1055 1385 est
1077 1319 1273 1405 significata:
1300 1319 1525 1407 „largitionem
1549 1324 1741 1402 (exercebat)
1765 1323 1880 1388 adver-

689 1451 743 1494 sus
777 1430 896 1492 amicos
930 1433 963 1492 et
997 1429 1117 1512 ignotis
1148 1447 1291 1511 qnoque,
1324 1430 1407 1491 comi
1438 1449 1582 1494 sermone
1604 1436 1637 1494 et
1659 1430 1878 1515 congressn”;

688 1536 748 1600 hoc
766 1555 868 1599 unum
887 1537 1017 1598 interest
1036 1532 1121 1617 quod
1140 1536 1185 1597 sic
1204 1532 1394 1598 describitur
1412 1535 1507 1599 homo
1528 1535 1605 1598 lenis
1621 1537 1764 1598 adverae
1782 1536 1877 1614 adice,

689 1648 722 1708 at
752 1644 808 1727 qui
838 1640 959 1704 tentem
988 1638 1124 1718 indulget
1145 1641 1174 1703 ie
1197 1641 1295 1704 etiam
1319 1639 1470 1705 adversus
1492 1664 1523 1704 re
1546 1642 1642 1723 ipram
1664 1664 1776 1727 rocqm
1796 1642 1878 1706 citio

688 1747 769 1814 lenis
790 1753 848 1813 est.

734 1854 776 1919 H.
793 1853 827 1930 1,
852 1851 905 1916 33.
931 1851 994 1932 Qui
1015 1849 1134 1917 Galbae
1157 1851 1291 1917 suadent
1314 1856 1468 1938 utquam
1492 1857 1633 1939 primum
1655 1853 1774 1919 Othoni
1795 1857 1879 1920 eius

689 1982 750 2047 que
774 1959 939 2025 conatibus
962 1965 1123 2034 occurrat,
1148 1968 1180 2022 et
1202 1956 1264 2022 aha
1288 1965 1319 2022 et
1342 1959 1420 2024 haee
1443 1959 1622 2045 disputant:

735 2065 961 2144 „Obsidionem
992 2065 1148 2128 nimirum
1178 2062 1384 2142 toleraturos;
1417 2071 1450 2130 et
1479 2065 1675 2150 praeclarum
1706 2069 1740 2130 in
1771 2071 1878 2132 servis

688 2172 863 2250 auxilium,
894 2175 922 2237 si
952 2191 1120 2235 consensus
1144 2177 1249 2234 tantae
1271 2169 1491 2235 multitudinis
1514 2179 1563 2249 et,
1588 2193 1668 2257 quae
1690 2171 1878 2258 plurimum

687 2278 789 2357 valet,
802 2281 906 2365 prima
916 2277 1096 2364 indignatio
1109 2276 1321 2363 elanguescat.
1343 2277 1474 2340 Proinde
1484 2281 1589 2343 intuta
1601 2301 1681 2364 quae
1692 2279 1877 2346 indecora''.

732 2387 795 2451 Pro
812 2384 944 2467 proinde
966 2382 1178 2468 Nipperdeius
1200 2385 1414 2448 coniecturam
1436 2403 1527 2448 suam
1545 2384 1684 2466 perinde,
1704 2392 1876 2470 tamquam

687 2497 824 2566 sermm,
856 2492 889 2554 in
920 2494 1047 2554 textum
1071 2491 1198 2572 recepit.
1222 2487 1284 2552 Sed
1308 2487 1408 2551 intuta
1430 2511 1505 2573 quae
1527 2490 1667 2553 indecoro
1689 2490 1796 2556 dicere
1822 2491 1877 2557 ali·

687 2601 758 2684 quis
788 2603 911 2683 potest,
934 2596 1065 2678 perinde
1087 2595 1233 2660 additum
1257 2595 1393 2659 absurda
1415 2594 1473 2659 illa
1495 2597 1592 2661 verba
1615 2596 1729 2661 reddit.
1753 2595 1876 2664 Contra

688 2702 840 2791 „proinde
870 2705 976 2790 intuta
1007 2722 1086 2787 quae
1116 2701 1283 2766 indeoora'’
1308 2704 1437 2788 egregie
1460 2703 1581 2767 dictum
1605 2709 1670 2781 est,
1694 2704 1753 2769 hoc
1777 2705 1876 2771 facile

686 2813 867 2876 annectitur
896 2806 1171 2893 praecedentibus,
1205 2814 1252 2884 et,
1285 2811 1435 2893 quoniam
1467 2810 1648 2872 adhortandi
1675 2812 1744 2876 vim
1776 2812 1876 2877 habet

686 2925 774 2995 (cum
796 2916 995 3001 imperativis
1019 2916 1105 2978 enim
1125 2912 1313 2998 plerumque
1326 2914 1457 2995 proinde
1474 2917 1645 3000 iungitur),
1666 2919 1875 3000 aptissimum

686 3025 822 3109 tempori
852 3019 985 3107 locoque
1016 3027 1079 3100 est;
1111 3020 1289 3087 conferatur
1312 3020 1395 3106 quod
1418 3023 1568 3087 continuo
1593 3025 1752 3108 sequitur:
1781 3026 1874 3105 „vel,

686 3133 713 3195 si
735 3130 845 3195 cadere
869 3149 993 3194 necesse
1018 3130 1075 3205 sit,
1101 3129 1308 3191 occurremdum
1331 3127 1541 3192 discrimini’'.

730 3236 772 3301 H.
797 3236 822 3313 Ι,
848 3234 901 3299 42.
927 3234 1058 3313 „Titum
1081 3234 1155 3299 inde
1178 3232 1310 3298 Vinium
1333 3237 1477 3299 invasere
1500 3237 1649 3314 (victores
1672 3235 1872 3320 Othoniani).

685 3342 733 3409 De
763 3364 825 3429 quo
855 3349 887 3407 et
916 3344 985 3427 ipso
1016 3342 1202 3426 ambigitur,
1227 3344 1498 3426 consumpseritne
1522 3363 1633 3407 vocem
1656 3346 1725 3407 eius
1747 3347 1873 3411 instans

685 3455 809 3527 metus,
833 3470 871 3513 an
896 3448 1140 3533 proclamaverit
1163 3470 1224 3512 non
1249 3469 1316 3512 esse
1339 3449 1377 3512 ab
1402 3446 1526 3513 Othone
1549 3449 1736 3514 mandatum
1759 3460 1801 3517 ut
1826 3476 1873 3519 oc·

686 3556 852 3620 rideretur.
883 3553 972 3634 Quod
1001 3575 1056 3618 seu
1072 3554 1170 3637 fierit
1193 3554 1378 3632 formidine,
1402 3576 1457 3619 seu
1481 3558 1703 3620 conscientiam
1729 3562 1872 3624 coniura-

685 3663 781 3726 tionis
811 3661 971 3725 confessus
1001 3667 1066 3737 est,
1090 3661 1152 3724 hnc
1175 3662 1283 3745 potins
1307 3663 1375 3724 eius
1398 3663 1465 3725 vita
1488 3661 1634 3747 famaque
1655 3663 1811 3744 inclinat,
1836 3672 1873 3730 ut

686 3768 829 3832 conscius
852 3764 977 3830 sceleris
1001 3766 1115 3844 fuerit,
1140 3769 1230 3830 cuius
1253 3787 1347 3830 causa
1370 3766 1470 3831 erat’'.

730 3873 792 3937 Pro
815 3871 913 3955 flacit
943 3872 1154 3958 Nipperdeiua
1177 3872 1265 3936 siluit
1289 3872 1401 3950 edidit;
1426 3876 1676 3957 perversissime.
1698 3875 1785 3940 Nam
1812 3881 1874 3963 pri-

684 3999 776 4043 mum
800 3979 851 4042 hic
874 3977 1002 4042 Tacitus
1025 3979 1057 4042 id
1081 3979 1156 4043 facit
1179 3979 1261 4062 quod
1286 3978 1407 4043 indoles
1432 3981 1500 4042 eius
1523 3979 1598 4056 fert,
1623 3987 1676 4057 ut,
1697 4002 1774 4046 cnm
1796 3983 1874 4050 dua·

685 4107 759 4150 rum
784 4105 891 4149 rerum
914 4082 1102 4149 alterutram
1126 4086 1244 4171 eligere
1267 4088 1383 4171 possit,
1407 4083 1498 4149 illam
1522 4085 1677 4171 praeferat
1700 4094 1733 4151 et
1756 4111 1874 4157 revera

685 4194 827 4257 evenisse
857 4196 995 4267 statuat,
1027 4211 1106 4276 qnae
1136 4194 1247 4278 tragici
1281 4191 1353 4277 plns
1376 4191 1499 4255 habeat.
1525 4190 1608 4256 Tum
1632 4193 1748 4258 tradita
1773 4195 1873 4263 lectio

686 4299 848 4381 optimum
879 4296 963 4360 hunc
993 4297 1120 4380 praebet
1152 4317 1299 4362 sensum:
1332 4299 1399 4361 sive
1430 4295 1523 4360 finxit
1552 4297 1630 4361 illud
1665 4321 1747 4374 „non
1773 4305 1873 4369 iussit

685 4401 801 4480 Oth0''‚
822 4404 889 4466 sive
908 4402 945 4467 de
964 4404 1177 4468 coniuratione
1197 4424 1307 4468 vocem
1327 4401 1468 4486 aliquam
1488 4405 1618 4467 mittens
1638 4413 1739 4469 semet
1757 4409 1871 4493 ipsum

685 4518 851 4594 tamquam
882 4511 1044 4573 conscium
1076 4512 1144 4573 eius
1167 4509 1329 4574 indicavit.
1355 4509 1481 4571 Alista
1505 4513 1609 4574 omnia
1632 4510 1873 4596 Nipperdeiana

685 4619 863 4681 coniectura
887 4620 1030 4699 pereunt.
1054 4616 1237 4692 Praeterea,
1263 4618 1290 4680 si
1312 4614 1401 4677 siluit
1422 4612 1579 4699 legimus,
1603 4616 1678 4700 quid
1702 4620 1766 4683 isto
1793 4625 1874 4706 quod

684 4718 858 4786 faciamus?

730 4825 773 4891 H.
796 4827 821 4904 Ι,
847 4824 899 4890 44.
935 4825 1069 4902 „Plures
1101 4848 1196 4913 qnam
1227 4834 1355 4893 centum
1388 4829 1506 4913 viginti
1535 4827 1660 4894 libellos
1684 4838 1872 4915 praemium

684 4935 924 5017 exposcentium
960 4933 998 4996 ob
1034 4932 1173 5018 aliquam
1209 4934 1380 5001 notabilem
1416 4932 1472 4997 ills
1504 4934 1553 4999 die
1584 4943 1639 5013 (se.
1671 4958 1735 5022 qua
1766 4938 1874 5009 Galba
