5125 6150
938 834 1106 883 nrorrsrus
1128 835 1447 885 usncssnsssnnsrs.
1721 822 1787 888 339

594 1001 674 1085 quid
694 1004 737 1066 sit
756 1001 811 1074 την
830 1006 923 1078 χεῖρα
944 999 1124 1078 ἐπιτέμνειν,
1146 1021 1208 1064 uon
1228 998 1377 1085 intelligo
1390 1001 1492 1080 χειρὸς
1505 1002 1591 1082 μέρος
1605 1003 1787 1081 ἐπιπέμνειν.

594 1105 650 1171 Sic
674 1104 795 1170 dicitur
817 1104 991 1180 έπιτέμνειν
1015 1106 1071 1178 τὴν
1094 1106 1247 1182 κεφαλήν,
1273 1105 1342 1173 τοὺς
1366 1105 1556 1185 βραχίονας,
1587 1110 1712 1186 σμικρὸν
1735 1113 1787 1173 τοῦ

593 1209 753 1287 σώματος.
782 1209 913 1275 Scilicet
935 1231 991 1274 rer
1015 1209 1250 1275 incredulitatis
1274 1231 1390 1295 poenae
1413 1210 1477 1275 luit
1500 1218 1532 1277 et
1555 1212 1710 1279 novacula
1733 1220 1787 1286 τῆς

592 1315 697 1395 χειρδς
730 1315 957 1392 ἀποτέμνει
989 1340 1019 1379 τι
1051 1316 1150 1395 μέρος.
1182 1316 1263 1380 Rem
1295 1337 1351 1400 per
1381 1337 1414 1381 se
1444 1319 1510 1381 iam
1533 1320 1610 1382 satis
1633 1339 1787 1404 maguam

592 1421 773 1508 Dionysius
796 1427 895 1506 auget
919 1422 952 1485 in
975 1423 1090 1485 maius.

639 1639 689 1705 III
714 1636 757 1705 72
787 1661 817 1724 p.
844 1637 927 1704 593:
960 1640 1032 1703 κατ’
1057 1639 1170 1703 ἐλπίδα
1195 1643 1248 1703 τοῦ
1273 1649 1514 1718 περιπεσεῖν
1537 1643 1581 1713 είς
1604 1643 1717 1715 αύτούς
1741 1644 1787 1709 ἐκ·

592 1745 743 1816 πεσθντος
764 1745 875 1809 ἐκείνου
894 1747 949 1819 την
969 1744 1141 1811 δυναςείαν.
1160 1744 1300 1808 Minime
1319 1746 1485 1812 ferendum
1497 1746 1578 1812 illud
1591 1758 1784 1826 περιπεσεῖν·

590 1854 737 1938 corrigo:
765 1851 1009 1930 περιελθεῖν.
1124 1895 1127 1900 -

638 2052 683 2118 lv
715 2052 736 2116 2
767 2074 797 2136 p.
831 2051 907 2118 637.
940 2050 1097 2136 Tanaquil
1128 2057 1161 2115 et
1192 2051 1316 2117 Ocrisia
1346 2053 1616 2132 vocandarum
1648 2055 1698 2120 διδ
1729 2064 1785 2131 τῆς

589 2156 736 2229 παςιίδος
767 2157 934 2221 ἐθεάσαντο
963 2156 1126 2221 flammam
1157 2159 1191 2219 in
1223 2160 1341 2222 vertice
1372 2157 1476 2224 Servii
1505 2158 1614 2224 Tullii.
1645 2161 1784 2247 Legem:

588 2263 992 2344 τροσπορενθμεναι,
1024 2265 1119 2327 sicuti
1141 2282 1233 2326 mox:
1267 2265 1283 2336 η
1308 2265 1409 2344 μητηρ
1432 2265 1668 2347 προσδραμοῦσα
1692 2267 1787 2332 διανέ-

590 2392 688 2444 ςησεν
712 2369 815 2433 αύτθ.

638 2583 684 2649 IV
710 2583 731 2649 3
754 2606 784 2669 p.
810 2583 891 2649 640:
917 2582 1009 2656 οὕτως
1035 2584 1414 2662 ἐξεθεραπεύθησαν
1435 2586 1486 2650 ὑπ’
1506 2588 1601 2651 αύτού
1619 2594 1651 2666 (a
1671 2588 1783 2654 Servio

589 2689 718 2769 Tullio)
750 2699 821 2762 ταῖς
845 2691 1046 2770 εὐεργεσίαις.
1070 2690 1211 2755 Verbum
1235 2698 1284 2755 est
1306 2691 1461 2777 Dionysio
1485 2696 1670 2777 saepissime
1695 2715 1786 2759 usur-

588 2802 707 2882 patum
740 2797 924 2876 θεραπεύειν,
956 2798 1005 2860 uti
1035 2803 1067 2861 et
1098 2797 1311 2873 δημαγωγεῖν,
1343 2796 1415 2873 sed,
1446 2805 1603 2881 quantum
1627 2802 1784 2884 comperi,

587 2901 735 2967 nondum
767 2904 845 2966 satis
876 2899 1074 2985 explicatum
1105 2903 1168 2965 fuit
1197 2901 1273 2985 quid
1297 2904 1382 2965 inter
1404 2902 1482 2966 haec
1505 2902 1665 2987 simplicia
1686 2906 1784 2970 verba

586 3009 759 3071 interesset
787 3012 820 3070 et
850 3008 1027 3091 composita
1060 3005 1273 3084 ἐκθεραπεύειν
1304 3011 1337 3070 et
1367 3007 1616 3085 έκδημαγωγεῖν.
1655 3007 1785 3073 Scilicet

588 3116 647 3198 qui
679 3111 787 3176 studet
817 3111 974 3196 populum
1005 3112 1066 3175 sibi
1090 3110 1257 3176 conciliare
1282 3112 1441 3189 θεραπεύει
1465 3117 1498 3177 et
1521 3114 1728 3191 δημαγωγεῖ·
1753 3117 1781 3179 is

586 3218 724 3283 demum
755 3217 946 3295 ἐκθεραπεύει
980 3224 1013 3281 et
1044 3217 1283 3294 ἐκδημαγωγεῖ,
1313 3221 1368 3302 qui
1399 3240 1510 3283 revera
1534 3221 1596 3284 sibi
1618 3226 1782 3305 comparat

587 3322 702 3409 populi
736 3322 924 3406 obsequium
958 3342 1096 3406 eumque
1131 3323 1193 3386 sibi
1228 3322 1382 3387 devinxit.
1419 3322 1652 3409 Exemplorum
1686 3324 1780 3410 plena

588 3433 668 3493 suut
691 3429 806 3492 omnia.
832 3427 885 3491 Sic
907 3448 939 3491 v.
964 3448 990 3491 c.
1016 3432 1054 3490 ut
1075 3427 1114 3491 de
1137 3425 1285 3511 simplice
1310 3428 1407 3492 verbo
1428 3428 1582 3513 defungar
1602 3451 1665 3494 uuo
1686 3429 1782 3496 allato

589 3532 678 3608 loco,
713 3530 758 3596 IV
788 3531 810 3596 8
842 3554 872 3616 p.
906 3529 982 3608 654,
1019 3530 1151 3596 Servius
1182 3530 1311 3596 Tullius
1343 3532 1392 3594 έπδ
1425 3531 1460 3595 τὸ
1491 3533 1694 3611 δημαγωγεῖν
1727 3538 1780 3599 καί

590 3637 768 3717 θεραπεύειν
790 3637 861 3709 τοὺς
885 3637 1013 3715 οξπύρονς
1038 3644 1096 3700 τῶν
1119 3643 1251 3700 πολιτῶν
1271 3636 1433 3715 ἐτρέπετο,
1453 3637 1491 3702 δι’
1511 3639 1627 3703 ἐκείνων
1647 3640 1781 3713 ἐλπίσας

591 3744 649 3813 την
668 3743 766 3820 ιῖρχην
787 3740 934 3816 καθέξειν.
959 3742 1021 3807 Sed
1041 3740 1144 3806 multo
1165 3741 1239 3826 plus
1259 3743 1356 3807 refert
1375 3742 1497 3826 aliquot
1516 3742 1601 3809 locos
1614 3744 1781 3831 colligere,

588 3849 650 3913 ubi
683 3850 899 3932 compositum
933 3848 1070 3911 verbum
1105 3853 1189 3911 recte
1223 3853 1417 3931 usurpatum
1452 3853 1508 3912 est.
1541 3847 1650 3913 Veluti
1680 3850 1707 3913 V
1739 3850 1781 3916 76

589 3976 623 4039 p.
653 3951 736 4016 1031
762 3952 798 4016 Τ.
824 3952 956 4017 Larcius
978 3952 1109 4016 Latinos
1130 3950 1347 4031 ἐξεθεράπευσε
1372 3952 1424 4017 καί
1451 3953 1590 4025 διαςῆναι
1614 3955 1687 4033 πρὸς
1711 3954 1782 4027 τοὺς

590 4058 751 4135 ἡγεμόνας
783 4057 923 4134 ἐποίησε,
958 4059 1075 4141 quippe
1105 4059 1266 4140 captivos,
1299 4064 1336 4120 ut
1367 4062 1415 4121 est
1445 4078 1509 4142 seq.
1540 4079 1626 4143 pag„
1658 4059 1691 4122 ἐκ
1722 4065 1780 4124 τιῖν

588 4163 779 4240 τρανμιίτων
799 4162 970 4236 ἀναλαβὼν
989 4162 1041 4225 καί
1062 4168 1133 4232 ταῖς
1154 4161 1269 4232 ἄλλαις
1289 4162 1518 4240 ἐκθεραπεύσας
1538 4164 1781 4242 Φιλανθρωπίαις

586 4266 768 4333 Tusculum
800 4267 934 4331 dimisit.
971 4264 1175 4343 Coriolanus,
1208 4266 1266 4331 VII
1298 4267 1341 4331 25
1373 4289 1404 4351 p.
1439 4265 1537 4344 1370,
1569 4269 1706 4333 tribunis
1737 4270 1780 4354 pl.

587 4375 744 4449 minatur,
775 4374 801 4435 εί
833 4374 878 4446 μη
903 4372 1077 4447 παύσεσθε,
1101 4370 1213 4447 λέγων,
1238 4372 1444 4451 ταριίττοντες
1469 4372 1523 4443 την
1548 4372 1636 4435 πίλιν
1660 4374 1711 4435 καὶ
1736 4373 1783 4437 ἐκ·

588 4481 853 4556 δημαγωγοῦντες
885 4476 955 4545 τοὺς
987 4477 1134 4558 οίπίρονς,
1166 4476 1265 4540 ούκέτι
1297 4477 1382 4556 λύγῳ
1408 4476 1559 4552 διοίσομαι
1581 4479 1654 4556 πρὸς
1678 4479 1780 4558 ύμσῖς,

588 4585 667 4648 ἄλλ’
691 4581 777 4663 ἐργιρ.
803 4580 1027 4646 Aristodemus
1047 4578 1230 4657 Cumanus,
1251 4580 1311 4645 VII
1331 4582 1351 4644 4
1371 4603 1401 4665 p.
1425 4580 1523 4659 1320,
1545 4582 1780 4662 ἐξεδημαγώγει

587 4690 626 4753 τδ
658 4689 774 4759 πλῆθος
804 4688 1013 4763 πολιτεύμασι
1046 4686 1279 4766 κεχαρισμένοις
1310 4685 1557 4763 θναλαμβοίνων,
1581 4708 1661 4772 quse
1685 4692 1781 4756 verba

588 4800 760 4858 recurrunt
791 4792 830 4857 de
861 4791 915 4875 Sp.
948 4789 1058 4857 Cassio
1090 4790 1165 4854 VIII
1191 4790 1231 4855 71
1266 4812 1296 4875 p.
1323 4789 1420 4855 1679.
1452 4791 1568 4856 Itidem
1599 4791 1780 4859 Genucium

591 4897 760 4972 videmus,
790 4894 839 4959 lx
862 4894 903 4959 37
929 4917 960 4980 p.
987 4894 1085 4971 1845,
1117 4895 1282 4969 ἐκκλησίας
1307 4896 1483 4971 σννιίγοντα
1506 4895 1711 4964 dedecorari
1735 4900 1783 4965 θκ-
