5125 6150
1107 819 1283 868 lusrrrurls
1305 819 1455 869 Puuurcls.

1145 1002 1163 1085 q
1185 999 1225 1064 1.
1246 999 1294 1063 oe
1315 999 1413 1064 auu

731 1167 821 1231 Inter
843 1168 943 1231 socios
966 1187 1040 1251 prae
1063 1169 1176 1232 ceteris
1200 1167 1471 1232 commemorandi
1496 1173 1570 1232 suut
1593 1167 1672 1233 Elei.
1705 1167 1767 1247 Qui
1791 1189 1872 1234 auno

686 1271 751 1338 271
777 1293 846 1337 sese
869 1272 1011 1338 Aetoliae
1034 1272 1255 1358 applicuerunt
1277 1281 1310 1340 et
1332 1295 1388 1359 per
1405 1273 1540 1359 longum
1559 1276 1698 1358 spatium
1719 1277 1872 1361 temporis

685 1379 811 1444 foedere
846 1400 920 1444 cum
956 1379 1076 1445 Aetolis
1110 1383 1271 1445 coniuncti
1305 1381 1450 1457 fuerunt,
1487 1402 1664 1466 numquam
1701 1387 1807 1447 tamen
1837 1385 1870 1446 in

686 1485 876 1551 Aetolorum
906 1508 1073 1551 commune
1104 1493 1179 1551 sunt
1209 1490 1336 1572 recepti.
1361 1487 1425 1552 Suo
1448 1489 1535 1552 enim
1556 1491 1683 1552 nomine
1706 1509 1871 1574 sempera

684 1614 793 1658 rerum
818 1594 1025 1678 scriptoribus
1048 1592 1270 1680 designantur,
1303 1614 1404 1678 neque
1427 1596 1553 1659 nummi
1575 1594 1715 1659 indicant
1740 1616 1792 1659 eos
1814 1594 1871 1659 ali-

683 1721 747 1784 quo
772 1697 867 1763 modo
887 1698 1047 1764 Aetolicae
1070 1702 1217 1764 societati
1239 1699 1403 1764 adiunctos
1427 1699 1525 1764 fuisse
1541 1699 1573 1778 ¹).
1599 1701 1704 1764 Amici
1728 1700 1870 1766 Aetoliae

684 1811 794 1879 erant,
824 1804 905 1869 nihil
934 1805 1082 1890 amplius.
1113 1804 1219 1892 Vulgo
1249 1808 1316 1870 suis
1347 1805 1480 1870 ducibus
1503 1807 1685 1882 utebantur,
1709 1807 1870 1872 interdum

683 1918 795 1976 autem
826 1932 937 1976 eorum
961 1914 1058 1996 copiis
1081 1919 1245 1997 praeerant
1268 1919 1428 1997 praetores
1450 1912 1587 1977 Aetolici
1611 1914 1650 1978 ab
1672 1915 1750 1998 ipsis
1774 1935 1871 1979 arces-

682 2020 740 2082 siti
752 2017 789 2096 2).
820 2016 896 2081 Fuit
927 2020 1024 2082 etiarn
1055 2039 1128 2082 curn
1152 2039 1209 2082 suo
1232 2023 1335 2082 marte
1359 2016 1478 2082 bellum
1501 2025 1665 2104 gererent,
1690 2040 1763 2084 nam
1787 2019 1870 2106 bello

683 2122 916 2190 Chremonideo
934 2125 1149 2190 interfuerunt
1169 2126 1261 2188 sociis
1281 2124 1520 2209 Peloponnesiis
1534 2122 1569 2205 ³),
1589 2124 1664 2190 licet
1682 2128 1744 2210 ipsi
1765 2125 1870 2191 Aetoli

682 2249 702 2294 a
734 2227 816 2293 bello
839 2228 1048 2306 abstinerent3
1083 2251 1162 2294 anno
1186 2227 1251 2295 227
1275 2229 1531 2295 Lacedaemoniis
1555 2230 1707 2295 adversus
1730 2233 1871 2297 Achaeos

682 2355 779 2420 opem
803 2333 946 2400 tulerunt
959 2336 995 2415 ⁴),
1024 2357 1080 2401 nec
1105 2342 1210 2401 tamen
1235 2335 1342 2401 Aetoli
1365 2335 1455 2400 illius
1477 2335 1554 2401 belli
1578 2339 1746 2423 participes
1771 2343 1869 2403 erant.

731 2440 816 2520 Quae
847 2462 921 2506 cum
950 2445 996 2506 ita
1027 2445 1107 2518 sint,
1139 2445 1294 2526 suspicari
1324 2441 1399 2506 licet
1423 2443 1551 2509 Aetolos
1574 2450 1607 2508 et
1630 2443 1723 2509 Eleos
1746 2442 1869 2510 foedere

682 2570 785 2634 aequo
819 2551 1002 2613 coniunctos
1031 2549 1145 2625 fuisse,
1177 2557 1417 2633 ceterorumque
1449 2553 1608 2615 sociorum
1637 2550 1868 2628 condicionem,

683 2663 722 2720 ut
755 2655 989 2720 Messeniorum
1021 2654 1072 2720 vel
1104 2654 1291 2733 Peensium,
1324 2656 1408 2720 haud
1438 2659 1483 2722 ita
1515 2656 1656 2721 multum
1688 2658 1726 2722 ab
1748 2677 1784 2722 ea
1808 2656 1869 2721 dis-

684 2763 856 2845 crepuisse.
1730 2823 1732 2826 Α

729 2865 801 2931 Non
833 2873 940 2931 tamen
970 2867 1008 2931 ab
1039 2866 1225 2931 Aetolorum
1254 2866 1383 2933 licentia
1406 2874 1438 2933 et
1459 2866 1634 2933 latrociniis
1656 2869 1765 2934 foedus
1788 2868 1870 2934 illud

682 2975 785 3038 socios
804 2973 1009 3059 protegebat;
1034 2973 1068 3037 id
1088 2973 1170 3058 quod
1190 2972 1341 3039 Messenii
1362 2976 1484 3060 experti
1503 2980 1577 3038 sunt
1597 2995 1677 3040 anno
1698 2974 1775 3062 221,
1794 2997 1869 3040 cum

683 3078 894 3145 Dorimachus
926 3101 1036 3144 eorum
1067 3101 1160 3166 agros
1183 3080 1362 3161 vastanti)
1396 3085 1577 3167 iterumque
1602 3103 1682 3147 enno
1705 3086 1867 3167 sequenti,

682 3209 758 3252 cum
792 3188 948 3270 Achaeos,
980 3196 1055 3252 tunc
1088 3191 1240 3273 temporis
1264 3188 1448 3254 Aetolorum
1471 3192 1676 3275 ipsorumque
1699 3188 1870 3256 Messenio

682 3315 757 3359 rum
781 3296 928 3373 sociost),
953 3316 1016 3359 non
1040 3300 1167 3359 tantum
1191 3296 1230 3359 ab
1254 3296 1368 3360 horum
1392 3298 1540 3361 societate
1571 3295 1734 3361 detrahere
1765 3299 1869 3362 conati

684 3406 760 3466 suut
785 3398 906 3477 Aetoli,
931 3400 985 3464 sed
1009 3402 1106 3465 etiam
1131 3403 1245 3467 minati
1269 3408 1359 3481 sunt,
1384 3401 1468 3467 bello
1487 3424 1520 3467 se
1538 3401 1611 3468 illos
1630 3409 1867 3488 persecuturos,

683 3510 717 3570 ni
741 3509 924 3571 societatem
948 3527 1021 3571 cum
1041 3506 1209 3572 Messeniis
1233 3507 1465 3573 dissolvissent.
1497 3507 1583 3587 Quae
1607 3508 1775 3594 peculiaris
1799 3532 1868 3595 pro

682 3612 765 3678 fecto
801 3612 864 3676 fuit
898 3615 1030 3677 societas
1066 3621 1097 3677 et
1133 3616 1283 3679 amicitia.
1318 3614 1380 3679 Sed
1411 3617 1517 3680 omnia
1548 3614 1632 3701 apud
1655 3614 1785 3681 Aetolos
1808 3620 1867 3681 niti

682 3718 874 3782 ridebantur
906 3717 1062 3804 singulari
1092 3720 1242 3784 instituto
1269 3720 1353 3805 quod
1376 3720 1531 3806 Polybius
1552 3720 1630 3785 dicit
1653 3724 1707 3793 rio
1731 3719 1868 3799 ἐξουσίαν

683 3822 773 3901 ἄγειν
798 3826 934 3904 λάφυρον
960 3823 1021 3888 ἀπὸ
1046 3827 1195 3902 sadduco,
1222 3845 1302 3910 quae
1326 3846 1375 3890 res
1398 3831 1465 3890 tam
1487 3828 1664 3892 inveterata
1686 3834 1754 3892 erat
1776 3831 1868 3914 genti

684 3929 847 3995 Aetolicae
880 3932 920 4001 ὦς
953 3929 1092 4009 πρότερον
1124 3932 1178 4004 τὴν
1211 3932 1366 3996 Αἰτωλίαν
1398 3932 1431 3994 ἐκ
1461 3937 1516 4004 τῆς
1548 3934 1704 4005 Αἰτωλίας
1736 3936 1818 4012 ἐρεῖν
1849 3934 1865 4008 ἢ

683 4042 788 4101 τοῦτον
819 4039 870 4101 τὸν
901 4038 999 4109 νόμον.
1032 4036 1084 4101 Sic
1115 4042 1222 4102 autem
1254 4059 1322 4103 rem
1353 4036 1509 4125 Polybius
1537 4038 1690 4124 explicet:
1724 4038 1867 4117 „Aetolis

683 4166 766 4222 „non
802 4149 928 4209 tantum
964 4165 1033 4209 mos
1063 4149 1111 4209 est
1141 4166 1251 4210 eorum
1282 4146 1473 4231 quibuscum
1504 4148 1567 4231 ipsi
1599 4144 1720 4210 bellum
1749 4154 1868 4234 gerunt

683 4270 798 4335 „agros
834 4249 988 4334 diripere,
1025 4251 1079 4314 sed
1114 4253 1212 4315 etiam
1243 4253 1270 4315 si
1301 4249 1381 4317 aliae
1411 4257 1522 4337 gentes
1552 4254 1673 4317 amicae
1703 4257 1734 4317 et
1765 4255 1865 4318 sociae

684 4358 789 4432 „inter
823 4378 856 4421 se
878 4355 1087 4442 belligerant,
1111 4355 1186 4422 licet
1207 4356 1346 4435 Aetolis,
1371 4357 1460 4422 nullo
1483 4356 1606 4422 decreto
1630 4357 1758 4443 publico
1781 4358 1866 4424 edito

686 4464 822 4538 ,utrivis
847 4465 930 4547 parti
954 4483 1046 4548 opem
1067 4462 1163 4540 ferre,
1185 4463 1354 4529 ueletiam
1373 4468 1584 4549 utrorumque
1603 4485 1695 4551 agros
1715 4463 1863 4550 diripere;

717 4708 742 4769 l)
760 4705 879 4755 Numiern.
898 4706 985 4755 Chron.
1006 4706 1072 4757 1879
1089 4723 1110 4770 p.
1130 4706 1186 4755 262.
1209 4705 1236 4753 P.
1254 4706 1363 4754 Gardner
1380 4704 1452 4754 Ocius
1469 4706 1495 4754 of
1511 4704 1567 4754 Elis.

713 4790 739 4850 2)
757 4787 840 4852 Polyb.
859 4786 877 4833 V
897 4790 912 4836 3
931 4789 974 4848 tl,
994 4788 1025 4837 80
1046 4789 1085 4850 52.
1353 4788 1380 4851 3)
1399 4785 1504 4836 Dittenb.
1523 4788 1579 4836 214.
1589 4788 1628 4836 24.

712 4875 741 4936 4)
758 4871 825 4919 Plut.
840 4869 929 4919 Cleom.
949 4872 971 4930 5,
990 4873 1058 4920 Aret.
1076 4872 1114 4919 36.
1351 4870 1378 4933 o)
1396 4869 1476 4934 Polyb.
1495 4868 1529 4917 IV
1547 4870 1562 4915 3
1579 4869 1622 4931 59.

715 4955 742 5019 d)
760 4952 843 5017 Polyb.
861 4952 895 5001 lv
914 4953 943 5001 lo
962 4954 1020 5014 510.
