5125 6150
624 871 648 896 „
692 816 759 882 286
1128 834 1171 879 uu
1194 833 1305 880 uerna
1328 833 1441 882 usura

692 999 962 1084 investigantibus
987 996 1150 1081 perlucere
1171 1001 1383 1082 —quamvis
1410 1000 1670 1066 subobscure-
1696 1004 1790 1069 riam
1819 1026 1903 1090 quae

692 1105 732 1169 ad
755 1106 970 1190 Pergamenos
995 1104 1097 1168 fontes
1121 1103 1227 1169 ducat.

737 1210 904 1274 Rationem
924 1229 1020 1294 quam
1040 1210 1105 1274 fere
1125 1209 1265 1294 postulat
1285 1209 1456 1296 aetiologia
1475 1216 1615 1288 secutus,
1632 1212 1780 1280 Ovidius
1791 1214 1904 1282 Facto

606 1373 608 1377 .
691 1337 764 1380 rum
795 1314 877 1380 libro
908 1314 951 1377 IV
982 1335 1000 1379 a
1031 1335 1106 1378 suae
1136 1318 1250 1379 aetatis
1282 1316 1426 1380 moribus
1457 1318 1641 1382 enarrandis
1666 1319 1902 1402 proficiscitur.

692 1422 840 1486 Primum
863 1423 972 1505 itaque
997 1419 1133 1506 Cybeles
1154 1421 1301 1505 depingit
1322 1442 1426 1498 sacra,
1449 1421 1557 1506 qualia
1574 1425 1724 1509 Augusti
1745 1430 1902 1512 tempori·

692 1527 751 1591 bus
775 1527 876 1591 Roma
898 1526 1026 1590 videbat
1050 1532 1110 1606 (vs.
1138 1526 1231 1604 179):

873 1633 1026 1696 Protinus
1049 1632 1165 1697 inflexo
1188 1633 1404 1719 Berecynthia
1428 1634 1506 1698 tibia
1525 1655 1623 1699 cornu

917 1737 1007 1802 flabit
1030 1745 1061 1801 et
1084 1737 1194 1802 Idaeae
1218 1738 1299 1802 festa
1321 1743 1462 1822 parentis
1486 1746 1590 1805 erunt.

872 1845 968 1908 Ibunt
990 1846 1175 1908 semimares
1198 1850 1230 1907 et
1252 1848 1359 1909 inania
1383 1852 1537 1931 tympana
1561 1847 1701 1912 tundent

917 1971 1052 2035 aeraque
1075 1952 1213 2014 tinnitus
1236 1971 1308 2015 aere
1331 1950 1460 2035 repulsa
1482 1952 1614 2017 dabunt.

871 2056 944 2141 ipsa
967 2056 1078 2120 sedens
1103 2054 1194 2120 molli
1218 2059 1377 2121 comitum
1400 2060 1522 2123 cervice
1546 2059 1679 2136 feretur,

916 2163 1005 2226 urbis
1029 2183 1085 2246 per
1108 2162 1229 2226 medias
1253 2161 1419 2227 exululata
1441 2167 1520 2228 viae.

691 2269 780 2334 Haec
802 2271 911 2354 itaque
933 2268 971 2333 de
993 2267 1109 2332 Matris
1132 2269 1222 2332 festis
1246 2268 1353 2353 qualia
1376 2267 1576 2335 celebrabant
1599 2269 1713 2336 Ovidii
1733 2273 1892 2360 aequales.

691 2375 754 2441 Sed
778 2396 880 2459 neque
903 2395 959 2439 nos
983 2373 1159 2450 eredimus,
1184 2395 1286 2459 neque
1310 2380 1404 2459 poeta
1427 2396 1484 2440 nos
1507 2375 1634 2441 credere
1657 2376 1790 2456 voluit,
1816 2384 1894 2446 eiua

690 2480 850 2547 demmodi
874 2482 1044 2566 antiquum
1068 2500 1193 2564 quoque
1216 2479 1312 2544 illum
1333 2480 1431 2546 fuisse
1450 2480 1594 2558 cultum,
1614 2503 1717 2566 quem
1738 2485 1892 2550 suadente

688 2585 839 2673 Apolline
862 2586 983 2672 Pythio
1006 2593 1111 2672 patres
1134 2592 1316 2670 receperant
1338 2586 1475 2651 sacculis
1499 2587 1622 2653 duobus
1647 2595 1726 2655 ante
1747 2594 1891 2678 Augusti

688 2700 841 2778 tempora.
867 2692 944 2773 Quis
968 2695 1053 2756 enim
1079 2697 1172 2776 putet
1194 2692 1290 2756 deum
1314 2690 1507 2777 Delphicum
1531 2715 1676 2780 unquam
1698 2699 1774 2763 sive
1796 2696 1890 2764 Grae·

688 2803 732 2864 cis
764 2801 832 2864 sive
865 2798 1018 2863 Romanis
1048 2798 1287 2863 commendasse
1318 2798 1442 2862 cultum
1475 2803 1527 2864 cui
1550 2809 1740 2884 praeessent
1765 2842 1811 2853 -
1836 2826 1890 2890 pro

687 2906 836 2970 nefas-
856 2907 996 2968 ministri
1019 2903 1167 2968 castrati?
1190 2903 1352 2989 Spadones
1375 2908 1403 2969 si
1426 2926 1568 2990 unquam
1592 2907 1748 2974 toleravit
1772 2910 1889 2997 religio

687 3010 873 3096 Apollinea,
899 3016 1004 3076 tamen
1029 3032 1207 3096 numquam
1231 3033 1289 3077 sua
1312 3019 1424 3097 sponte
1443 3014 1476 3076 in
1495 3011 1597 3078 ullam
1615 3014 1736 3080 intulit
1756 3024 1886 3084 terram.

686 3119 751 3183 Sua
773 3121 876 3205 igitur
898 3126 1044 3203 tempora
1066 3118 1163 3182 verbo
1186 3124 1316 3182 tantum
1338 3121 1445 3203 tangit
1468 3125 1578 3202 poeta,
1603 3140 1667 3204 quo
1693 3122 1828 3189 facilius
1850 3124 1886 3189 ad

686 3247 795 3290 rerum
818 3246 928 3289 causas
952 3224 1159 3308 exquirendas
1183 3224 1361 3289 descendat.
1397 3224 1537 3311 Roganti
1558 3248 1597 3292 ex
1616 3247 1679 3310 quo
1702 3232 1888 3297 sciscitetur

627 3361 632 3373 ·
687 3330 785 3406 airis,
809 3333 913 3393 mittit
933 3331 963 3393 ei
985 3329 1111 3404 „doctas
1132 3328 1282 3413 Cybeleia
1305 3331 1449 3413 neptes’'‚
1473 3352 1553 3395 —a
1576 3330 1779 3399 Graecorum
1802 3340 1886 3402 enim

688 3435 777 3499 Rhea
800 3458 839 3500 ne
863 3438 1034 3499 minimum
1060 3435 1190 3519 quidem
1214 3435 1318 3498 differt
1342 3433 1462 3521 Cybele
1486 3435 1657 3514 Ouidiana,
1679 3477 1725 3489 -—
1752 3441 1885 3508 Eratoni

686 3550 796 3605 autem
819 3545 956 3627 contigit
979 3542 1187 3626 respondendi
1212 3562 1330 3605 munus
1346 3541 1378 3617 ¹).

733 3647 819 3725 Quae
854 3650 997 3732 sequitur
1032 3650 1171 3711 narratio
1208 3646 1245 3710 de
1280 3646 1366 3710 Iovis
1401 3646 1560 3712 nataliciis
1591 3645 1822 3737 Curetumque
1851 3674 1884 3718 ac

689 3753 922 3839 Corybantium
955 3752 1178 3818 saltationibus
1209 3774 1227 3817 a
1258 3754 1352 3817 solita
1383 3752 1509 3817 fabulae
1533 3754 1639 3819 forma
1663 3776 1731 3822 una
1755 3766 1882 3824 tantum

688 3937 883 3946 m...—

721 4058 746 4119 l)
765 4057 815 4106 Cur
832 4057 972 4121 praesertim
990 4055 1063 4103 Erato
1080 4059 1162 4119 poetae
1180 4056 1325 4120 respondet?
1347 4055 1410 4103 Satis
1426 4053 1508 4119 inepta
1525 4058 1561 4102 est
1578 4070 1648 4104 causa
1665 4072 1740 4120 quum
1758 4060 1813 4125 ipse
1831 4062 1883 4111 Ori·

686 4138 739 4187 dius
754 4139 834 4201 fingit:
853 4138 953 4187 umcusis
968 4137 1111 4201 Cythereius
1126 4137 1162 4185 illi
1177 4139 1254 4195 cessit,
1270 4138 1332 4201 quod
1348 4136 1424 4184 teucri
1439 4152 1524 4185 nomeu
1534 4137 1622 4185 umoris
1632 4136 1732 4189 bubet”.
1746 4141 1883 4208 Torquebat

686 4225 780 4285 poetam
804 4220 830 4269 ui
853 4220 925 4269 fallor
946 4219 1045 4269 molesta
1069 4220 1185 4283 quaedam
1209 4219 1324 4267 memoria
1342 4217 1474 4281 Apollonii,
1494 4218 1534 4281 qni
1551 4220 1608 4282 Arg.
1628 4218 1668 4268 lib.
1690 4221 1733 4271 ΙΙΙ
1750 4224 1826 4275 initio
1842 4240 1881 4291 pra

687 4303 798 4367 Apolline
821 4303 950 4350 Erutonem
973 4302 1079 4350 invocat:
1102 4302 1148 4349 ,σὺ
1165 4302 1215 4363 γὰρ
1232 4299 1274 4348 καὶ
1292 4296 1412 4359 Κύπριδος
1429 4295 1503 4347 alcas
1521 4296 1653 4361 dissaepta?
1678 4302 1710 4351 Et
1730 4304 1770 4354 hie
1788 4308 1881 4370 quidem

687 4388 753 4449 epte;
773 4384 861 4449 quippe
878 4384 919 4447 qui
937 4388 1075 4431 cantaturus
1093 4387 1152 4432 esset
1170 4383 1213 4430 ria
1231 4385 1276 4438 τῆς
1293 4378 1403 4437 Μηδείας
1419 4378 1499 4441 ’daura
1513 4408 1544 4418 —
1560 4382 1589 4431 ei.
1607 4399 1703 4448 quoque
1722 4387 1797 4439 Ouid.
1812 4391 1841 4438 A.
1859 4406 1880 4437 s.

685 4468 720 4517 ΙΙ.
739 4467 777 4515 ld.
798 4494 827 4503 -
846 4466 934 4514 umoris
952 4471 1030 4513 autem
1049 4466 1129 4513 nullae
1147 4465 1243 4513 omuino
1261 4469 1341 4528 partes
1357 4464 1382 4511 in
1399 4462 1478 4510 lubuls
1490 4479 1561 4526 quum
1577 4479 1642 4513 nuuc
1656 4465 1756 4515 incohat
1772 4470 1878 4518 Ouidius.

685 4551 713 4598 Id
737 4550 815 4613 ipsum
838 4563 893 4595 vero
918 4552 996 4595 novet
1020 4563 1062 4595 nos
1080 4553 1106 4596 ut
1125 4552 1234 4611 putemus
1251 4547 1322 4594 inisse
1340 4560 1433 4610 quoque
1451 4545 1578 4594 Erateuem
1596 4547 1620 4595 iu
1638 4549 1747 4597 carmine
1763 4552 1830 4615 quod
1847 4567 1878 4599 se-

687 4632 770 4693 quitur
796 4634 865 4694 poeta
891 4630 1026 4685 Romanus,
1051 4631 1090 4678 scd
1114 4646 1167 4678 eum
1190 4644 1274 4693 parum
1297 4631 1419 4691 perspecta
1441 4642 1510 4675 causa
1526 4628 1664 4691 importune
1682 4629 1769 4679 lusisse
1787 4632 1813 4681 iu
1830 4634 1878 4682 eius

685 4713 786 4760 nomine.
806 4712 935 4774 Antiquior
953 4716 1031 4759 autem
1049 4715 1118 4776 poeta
1136 4712 1247 4768 Graecus,
1264 4709 1331 4757 cuius
1349 4708 1387 4755 bic
1404 4708 1453 4756 iere
1470 4709 1569 4757 evanida
1585 4708 1686 4759 subeunt
1703 4714 1815 4777 vestigia,
1832 4729 1878 4762 esr·

685 4794 746 4842 mini
768 4794 908 4856 aetiologico
931 4794 994 4856 quod
1018 4794 1046 4841 de
1069 4794 1164 4843 Curetis
1182 4793 1244 4841 circu
1261 4790 1327 4840 iovis
1344 4805 1416 4839 cirues
1433 4790 1575 4840 saltantibus
1591 4795 1704 4842 acturum
1722 4809 1798 4855 uses,
1819 4801 1875 4845 tsus·

685 4890 756 4937 quarn
775 4875 908 4940 praesidem
927 4874 1026 4923 lori-sese
1041 4875 1177 4939 praeposuit
1194 4889 1245 4923 eum
1263 4874 1343 4930 deum,
1361 4887 1422 4935 quse
1440 4869 1463 4919 is
1482 4873 1535 4930 τοῖς
1553 4870 1675 4935 Ὀρφικοῖς
1691 4878 1748 4937 (uec
1763 4878 1877 4943 spudeo·

684 4954 758 5019 solos)
777 4951 871 5016 sista-sc
888 4953 1014 5019 ὀρχήσεως
1031 4955 1160 5005 dicebatur.
