5125 6150
784 849 850 915 352
1304 868 1458 916 1111111111.

784 1032 824 1099 Δ.
854 1058 919 1116 cap.
944 1033 1072 1096 I-III
1099 1036 1268 1113 (mortem,
1300 1052 1401 1115 neque
1433 1035 1460 1096 si
1484 1031 1629 1097 mortalis
1653 1036 1696 1097 eit
1718 1035 1862 1112 animus,
1888 1034 1976 1118 qnod

851 1138 1002 1223 Epicurei
1021 1137 1206 1221 perbibent,
1228 1157 1331 1221 neque
1355 1139 1382 1200 si
1406 1136 1598 1202 immortalis
1618 1139 1678 1215 sit,
1700 1137 1784 1222 qnod
1804 1159 1878 1202 cum
1898 1139 1977 1204 Aca-

850 1243 982 1307 demicis
1013 1241 1112 1306 Stoici
1143 1251 1287 1318 censent,
1320 1240 1444 1306 malum
1476 1263 1543 1306 esse
1568 1241 1764 1326 putandum,
1788 1244 1843 1308 sed
1866 1247 1977 1328 potius

851 1349 1009 1414 malornm
1035 1348 1224 1434 refugium).

849 1477 914 1536 cop.
946 1453 995 1517 VI
1020 1452 1082 1532 (lta
1112 1472 1237 1536 qnoque
1268 1452 1342 1516 deos
1373 1452 1514 1517 iudicare
1546 1455 1602 1536 qui
1632 1459 1759 1518 matura
1789 1475 1827 1518 ex
1859 1453 1978 1519 vinclis

849 1562 936 1639 vitae
967 1558 1120 1634 liberent,
1154 1579 1232 1642 quos
1264 1555 1411 1643 diligant.
1437 1556 1473 1620 ld
1496 1579 1572 1622 vero
1595 1578 1694 1643 aeque
1718 1559 1978 1624 demonstratum

849 1685 916 1728 esse
937 1663 1119 1728 multorum
1142 1666 1353 1740 testimoniis,
1378 1668 1473 1747 atque
1498 1662 1596 1727 simul
1637 1684 1641 1693 ’

848 1775 927 1850 (cap.
949 1767 1005 1841 Xb)
1025 1766 1288 1852 philosophorum
1307 1769 1507 1853 argumentis
1527 1769 1586 1833 hoc
1607 1769 1794 1852 probatum:
1815 1771 1975 1846 animum,

848 1877 904 1958 qui
927 1873 1096 1957 cogitando
1121 1892 1217 1955 supra
1240 1871 1392 1936 mortalia
1416 1879 1546 1956 surgat,
1570 1875 1701 1937 interire
1725 1893 1975 1958 11111111.-

848 1978 1016 2061 (cap.·XI)
1046 1977 1202 2068 Adicitur,
1237 1998 1318 2061 qnae
1349 1999 1412 2041 non
1441 1980 1504 2040 nisi
1535 1976 1608 2041 laxo
1634 1978 1764 2043 vinculo
1787 2000 1862 2044 cum
1885 1981 1977 2046 hisce

849 2086 1004 2161 cohaeret,
1030 2083 1103 2147 Crci
1127 2074 1308 2167 descriptio.

781 2186 820 2253 B.
851 2188 941 2253 Alter
972 2193 1079 2253 autem
1110 2189 1239 2252 fuit-
1264 2191 1319 2272 qui
1350 2190 1456 2252 nescio
1489 2210 1551 2273 qna
1582 2189 1620 2254 de
1644 2210 1756 2267 causa,
1780 2190 1916 2256 Prodico
1941 2211 1977 2256 se

847 2314 905 2357 sua
929 2293 1040 2357 debere
1064 2292 1157 2356 finxit
1181 2329 1224 2340 —
1249 2294 1301 2356 cni
1324 2293 1486 2357 referenda
1510 2301 1584 2357 sunt

848 2421 913 2479 cop.
939 2399 999 2473 IV,
1032 2399 1065 2474 V,
1098 2398 1170 2475 VII,
1199 2398 1294 2474 VIII,
1319 2398 1376 2474 IX,
1403 2399 1435 2461 X
1454 2421 1545 2482 cuque
1569 2401 1611 2462 cd
1633 2398 1748 2466 37013.

825 2501 912 2582 Quae
943 2502 1027 2586 qnod
1058 2511 1125 2566 tam
1157 2502 1240 2566 male
1263 2506 1349 2566 inter
1372 2524 1405 2566 se
1428 2504 1610 2582 cohaerent,
1634 2505 1668 2568 id
1690 2505 1906 2570 diasceuastae
1929 2508 1978 2569 in-

779 2611 868 2672 curia
892 2608 1011 2672 factum
1036 2614 1102 2684 est,
1127 2611 1182 2692 qui
1203 2609 1334 2672 fortasse
1354 2608 1477 2673 addidit
1496 2631 1621 2694 quoque
1641 2613 1756 2695 capitis
1775 2609 1817 2674 lV
1840 2612 1976 2674 initium

778 2716 935 2796 ineptum.
961 2713 1219 2779 Contaminatum
1247 2719 1354 2777 antem
1380 2714 1547 2799 dialogum
1571 2721 1604 2779 11
1629 2723 1696 2780 tam
1720 2714 1855 2780 Platone
1875 2737 1976 2800 qnam

779 2819 934 2883 Aeschine
965 2817 1135 2903 indignum
1159 2839 1273 2903 parum
1297 2819 1443 2903 prodesse
1468 2819 1507 2884 ad
1532 2818 1693 2886 Crantoris
1718 2829 1818 2885 artem
1843 2842 1977 2907 cognos-

780 2923 928 2994 cendam,
953 2923 1099 3009 pluribus
1124 2924 1339 2990 demonstrare
1362 2925 1558 3009 supersedeo.

1347 3153 1404 3217 ΙΙΙ.

825 3349 873 3413 Ad
904 3347 1066 3414 Crantoris
1096 3348 1246 3413 libellum
1277 3349 1513 3414 restituendum
1537 3349 1622 3414 baud
1647 3349 1752 3415 multo
1775 3353 1881 3437 magis
1904 3372 1974 3437 pro
2026 3411 2030 3417 .

781 3454 891 3520 ficiunt
920 3453 1080 3520 Ciceronis
1104 3455 1311 3520 Tusculanae.
1344 3455 1406 3520 Pac
1429 3459 1513 3520 euim
1539 3477 1653 3520 verum
1678 3457 1797 3521 vidisse
1820 3478 1891 3534 eos,
1917 3460 1974 3540 qui

780 3560 970 3625 contendant
1003 3564 1036 3624 in
1072 3560 1147 3625 libri
1181 3560 1436 3625 Tusculanarum
1468 3561 1723 3645 disputationum
1755 3564 1852 3645 primi
1883 3569 1975 3646 parte

780 3670 923 3729 extrema
942 3655 1026 3728 ‘inde
1058 3686 1076 3729 a
1106 3664 1179 3749 §87
1212 3687 1303 3730 suam
1336 3664 1593 3732 Consolationem
1622 3669 1815 3752 excerpsisse
1841 3670 1909 3731 sive
1940 3670 1974 3731 in

780 3772 958 3835 breviorem
991 3771 1128 3834 formam
1160 3772 1321 3857 redegisse
1345 3772 1509 3848 Tullium,
1535 3773 1620 3856 qnod
1642 3775 1675 3836 in
1699 3776 1886 3837 universum
1910 3794 1973 3854 non

779 3878 984 3960 negaverim,
1017 3875 1093 3960 quid
1124 3874 1343 3941 lucrabimur?
1374 3878 1499 3941 Purum
1523 3885 1639 3961 putum
1665 3875 1853 3943 Crantorem
1878 3876 1974 3943 101-

779 4002 890 4046 cerone
913 3981 1074 4045 redditum
1097 4003 1163 4046 esse
1186 3963 1227 4045 in'
1244 3979 1485 4059 Consolatione,
1510 3982 1556 4046 nil
1579 3985 1641 4046 nisi
1665 3980 1827 4047 Crantoris
1850 3984 1973 4067 sapien-

779 4089 859 4151 tiam
890 4089 924 4150 in
947 4085 1004 4151 illo
1026 4085 1137 4150 libello
1161 4086 1380 4171 componendo
1405 4093 1568 4171 acceptam
1592 4090 1621 4150 ei
1644 4089 1761 4165 fuisse,
1785 4091 1856 4172 quis
1878 4088 1973 4153 nobie

777 4188 1001 4276 persuadebit?
1022 4191 1179 4267 Afferunt,
1198 4199 1246 4254 sat
1265 4194 1347 4267 ecio,
1366 4190 1464 4255 Plinii
1478 4194 1717 4269 testimonium,
1731 4195 1765 4255 in
1776 4192 1974 4276 praefatione

777 4297 816 4362 ad
838 4297 937 4362 libros
961 4296 999 4361 de
1023 4296 1170 4361 Naturali
1194 4296 1339 4361 Historia
1362 4299 1379 4381 ᾗ
1400 4296 1442 4360 21
1469 4296 1651 4361 disserentis
1674 4298 1712 4362 de
1747 4296 1975 4375 „Ciceroniana

777 4403 1001 4488 simplicitate,
1034 4405 1089 4486 qni
1119 4404 1152 4465 in
1183 4400 1275 4465 libris
1305 4401 1342 4465 de
1372 4401 1549 4486 Republica
1579 4402 1723 4467 Platonis
1754 4424 1787 4467 11
1820 4406 1974 4468 comitem

778 4508 954 4591 profitetur,
973 4510 1007 4571 in
1027 4505 1249 4573 Consolatione
1270 4505 1354 4570 filiae
1374 4504 1582 4572 'Crantorem’
1597 4510 1720 4592 inquit,
1735 4511 1878 4592 sequor,
1891 4511 1974 4572 item

777 4612 967 4677 Panaetium
998 4616 1032 4677 in
1063 4611 1214 4676 Officiis”.
1241 4650 1283 4660 —
1310 4611 1397 4676 Eone
1421 4615 1604 4677 testimonio
1628 4616 1678 4677 uti
1701 4613 1794 4692 licet,
1820 4635 1883 4698 qno
1908 4614 1974 4679 effi-

777 4721 916 4795 ciamus,
941 4721 975 4781 in
999 4716 1158 4784 Ciceronis
1182 4717 1373 4782 Tusculanis
1397 4715 1585 4783 Crantorem
1604 4719 1719 4784 Latino
1739 4741 1885 4785 sermone
1904 4720 1974 4785 red-

779 4823 883 4887 ditum
915 4824 1004 4887 nobis
1036 4820 1177 4889 servaril
1209 4823 1343 4910 indigne
1373 4824 1411 4888 de
1435 4822 1584 4890 Cicerone
1608 4826 1749 4890 iudicant
1772 4831 1804 4890 11
1827 4825 1973 4890 Plinium

779 4928 937 4993 dicentem
958 4929 1076 4992 faciunt
1095 4951 1175 5014 quae
1187 4952 1366 5014 numquam
1379 4930 1474 5007 dixit,
1492 4933 1592 5015 quiin
1606 4929 1824 4996 Consolatione
1838 4934 1971 4997 unicum
