5125 6150
1172 811 1422 860 ammomum.

753 980 807 1046 Vs.
836 979 909 1045 191.
935 983 952 1056 ἢ
978 980 1169 1058 δημαγωγία
1192 980 1255 1058 γὰρ
1278 982 1311 1045 οὐ
1335 980 1406 1056 πρὸς
1430 984 1574 1055 μουσικοῦ

934 1085 977 1150 ἔτ’
1002 1087 1083 1151 ἐστίν
1107 1085 1208 1165 ἀνδρὸς
1234 1085 1299 1150 οὐδὲ
1322 1091 1457 1164 χρηστοῦ
1481 1092 1549 1155 τοὺς
1573 1085 1710 1167 τρίπους,

932 1195 1006 1258 ἀλλ’
1030 1195 1071 1265 είς
1098 1195 1203 1268 οίμαίῆ
1228 1193 1279 1256 καί
1305 1193 1463 1272 βδελυρόν.
1489 1194 1597 1257 dara
1621 1195 1665 1268 μίη
1689 1202 1787 1275 παρῇς

932 1298 953 1365 τί
978 1325 1021 1365 σοι
1046 1300 1158 1364 bridas'
1183 1303 1211 1364 ἐν
1236 1307 1298 1367 τοῖο
1324 1303 1468 1377 λογίοισιν
1493 1302 1518 1364 σί
1542 1299 1611 1364 scot.

706 1407 848 1485 Editori,
873 1407 956 1491 quod
981 1405 1153 1492 probabilis
1176 1408 1357 1471 coniectura
1380 1427 1443 1470 nou
1466 1408 1508 1470 sit
1527 1408 1704 1491 proposita,
1724 1404 1892 1493 neglegen-

704 1516 772 1577 tius
796 1515 872 1578 haec
896 1520 987 1599 posta
1011 1515 1170 1598 scripsisse
1193 1512 1338 1589 videtum
1362 1512 1395 1576 id
1419 1512 1502 1597 quod
1526 1533 1656 1597 prorsus
1679 1513 1890 1598 improbabile

704 1618 853 1704 equidem
884 1619 1029 1695 arbitror,
1060 1639 1116 1683 neo
1148 1639 1221 1682 voro
1252 1618 1345 1682 video
1376 1618 1453 1703 quid
1477 1618 1605 1683 tandem
1629 1617 1822 1705 culpandum
1846 1622 1888 1684 sit

703 1729 739 1789 in
763 1728 956 1802 coniectura,
981 1745 1060 1809 quas
1084 1746 1207 1808 semper
1230 1725 1311 1789 mihi
1334 1727 1404 1788 visa
1422 1731 1470 1788 ost
1489 1724 1644 1809 hodieque
1664 1726 1791 1790 videtur
1811 1747 1886 1792 vero

704 1831 821 1897 similis
852 1830 1039 1908 admodum,
1071 1829 1185 1895 rosula
1216 1830 1321 1907 οίλλοί,
1352 1852 1414 1916 qua
1445 1852 1524 1915 opus
1554 1853 1616 1896 non
1648 1839 1712 1909 est,
1745 1839 1886 1898 veterem

703 1937 852 2002 lacunam
876 1944 994 2001 sartam
1018 1959 1101 2015 esse,
1126 1942 1254 2022 poetam
1278 1958 1353 2001 vero
1377 1943 1460 2001 reste
1484 1943 1516 2002 et
1539 1938 1647 2002 ordine
1671 1940 1849 2023 scripsisse:

774 2045 847 2107 ἀλλ’
870 2046 912 2113 είς
936 2046 1042 2118 σἰμαίῆ
1068 2044 1119 2107 καί
1144 2044 1291 2121 βδελυρὸν
1316 2040 1453 2121 <ἷίκει>.
1475 2080 1517 2091 -
1537 2047 1581 2118 μίι
1606 2054 1704 2123 παρῇς
1730 2044 1792 2110 κτὲ.

751 2257 803 2322 Vs.
827 2258 903 2322 220.
928 2261 1062 2337 χρησμοί
1085 2281 1119 2320 τε
1142 2256 1347 2332 συμβαίνουσι
1372 2256 1423 2319 καί
1448 2257 1482 2320 τὸ
1518 2254 1653 2322 Πυίικίν.

703 2365 884 2430 Adnotatur
920 2363 1135 2450 „Heudiadyn
1171 2364 1247 2427 haeo
1282 2362 1422 2427 efficiunt
1446 2400 1488 2411 —
1513 2365 1540 2427 si
1574 2384 1649 2428 sana
1683 2370 1767 2428 suut.
1803 2364 1887 2431 Nam

704 2473 876 2556 quominus
909 2471 1076 2535 discrimen
1109 2468 1237 2554 aliquod
1260 2490 1345 2533 nuno
1370 2473 1549 2533 statuamus
1572 2468 1676 2534 multa
1699 2472 1885 2555 prohibent,

704 2582 805 2642 immo
829 2584 884 2641 aut
908 2576 989 2641 nibil
1014 2576 1172 2662 significat
1196 2577 1230 2638 τί
1254 2574 1378 2640 Πυθικὸν
1403 2586 1458 2640 aut
1479 2575 1620 2654 χρκσμίν
1642 2577 1744 2640 τινα.”

751 2685 929 2748 Posteriora
958 2686 1141 2761 verissime,
1181 2682 1235 2748 sed
1267 2682 1447 2768 hendiadyn
1479 2682 1647 2747 admittere
1676 2704 1808 2768 nequeo.
1840 2684 1885 2749 Ti

704 2791 831 2855 Πυίικίν
853 2793 906 2853 vir
929 2789 1016 2854 aliud
1036 2790 1111 2874 quid
1132 2788 1311 2875 significare
1329 2795 1435 2875 potest
1454 2808 1549 2872 quam
1569 2788 1733 2853 oraculum
1752 2788 1887 2875 Delphis

704 2897 830 2973 datum,
855 2895 893 2961 do
917 2917 978 2981 quo
1000 2899 1033 2959 in
1058 2897 1250 2981 praegressis
1269 2893 1359 2959 nulla
1378 2894 1414 2959 fit
1434 2897 1562 2960 mentio.
1586 2895 1759 2980 Proposuit
1778 2904 1887 2962 autem

703 3002 879 3066 vheeuwen
903 3025 928 3082 χ
937 3002 975 3082 ρί
984 3025 1038 3065 νοι
1062 3026 1096 3064 τε
1121 3001 1325 3078 συμβαίνουσι
1349 3003 1455 3065 κατὰ
1479 3000 1513 3063 τὸ
1538 3002 1674 3067 nstrata.
1699 3002 1762 3067 Sed
1785 3006 1886 3069 anim-

705 3109 834 3173 adverte
853 3129 969 3193 quaeso
987 3130 1083 3193 quam
1102 3108 1185 3173 male
1205 3108 1256 3173 hio
1275 3107 1453 3173 versiculus
1473 3107 1697 3174 Demosthenis
1709 3131 1887 3177 sermonem

704 3219 933 3300 interrumpat,
965 3218 1082 3301 quippo
1113 3217 1165 3280 oui
1195 3218 1287 3279 unios
1318 3214 1572 3299 respondendum
1602 3222 1685 3281 osset
1707 3219 1886 3302 Agoraoriti

705 3323 829 3399 verbis,
854 3322 970 3406 quibus
994 3329 1117 3385 motum
1138 3342 1233 3385 suum
1252 3342 1292 3384 ue
1311 3326 1400 3384 tanto
1420 3322 1526 3406 impar
1543 3324 1671 3408 negotio
1690 3322 1773 3389 forst
1791 3327 1889 3411 signi-

706 3428 831 3503 ficavit,
855 3428 970 3492 addens
993 3426 1119 3492 oraoula
1141 3428 1202 3491 sibi
1226 3424 1419 3491 abblandiri:

928 3534 971 3598 τοὶ
994 3535 1050 3610 μὲν
1074 3532 1156 3609 λίγι·
1180 3530 1326 3598 αἰκάλλει
1351 3553 1409 3610 με·
1434 3531 1581 3613 ίαυμοίζιι
1607 3533 1632 3598 δ’
1657 3529 1735 3609 ὅπως

931 3639 981 3704 τὸν
1005 3640 1096 3717 δῆμον
1121 3635 1178 3710 olda
1204 3642 1232 3704 r’
1257 3641 1460 3720 ἐπιτροπεύειν
1485 3638 1547 3716 είμ’
1571 3641 1641 3719 ἐγοί.

751 3748 873 3828 Quibus
896 3746 978 3812 altor
1000 3747 1181 3833 respondet:

930 3854 1130 3934 Φαυλίτατον
1153 3853 1256 3933 ἔργον·
1280 3854 1369 3918 ταῦί’
1393 3850 1473 3933 ἅπερ
1496 3861 1593 3927 ποιεῖς
1616 3856 1711 3922 ποίει·

930 3961 1066 4040 τοίραττε
1089 3962 1141 4026 καί
1164 3959 1283 4042 χορίου·
1308 3961 1383 4037 ίμοῖι
1405 3962 1448 4026 τοὶ
1471 3957 1651 4042 προίγματα

932 4065 1079 4147 ἅπαντα,
1103 4068 1155 4133 καὶ
1180 4068 1231 4133 τὸν
1257 4067 1350 4144 δῆμον
1373 4067 1422 4133 αεὶ
1447 4073 1619 4149 προσποιοῦ,

931 4174 1163 4252 ὑπογλυκαίνων
1185 4174 1346 4256 ῥηματίοις
1369 4180 1565 4253 μαγειρικῶς.

930 4280 972 4344 τοὶ
996 4281 1022 4346 δ’
1043 4277 1129 4345 ἄλλα
1155 4303 1200 4344 σοι
1224 4279 1367 4359 πρίσεστι
1394 4279 1623 4359 δημαγωγικά·

928 4387 1014 4467 Φυνίι
1038 4386 1153 4467 μιαροὶ,
1176 4385 1312 4465 γέγονας
1339 4388 1457 4464 κακῶς,
1483 4388 1627 4466 οίγοραίορ
1652 4384 1696 4452 εί·

930 4489 1014 4571 ἔχεις
1037 4490 1167 4559 ἅπαντα
1189 4495 1259 4571 πρὸς
1285 4494 1446 4558 πολιτείαν
1469 4488 1491 4558 ai
1516 4492 1571 4559 δεί.

928 4601 1076 4682 [χρησμοί
1098 4624 1132 4664 τε
1157 4599 1362 4678 συμβαίνουσι
1387 4599 1496 4666 καὶτὸ
1521 4598 1674 4684 liodrada]

928 4706 1015 4770 οίλλίι
1040 4712 1196 4787 στεφανοῦ
1222 4708 1273 4772 καί
1299 4705 1409 4772 σπένδε
1434 4709 1475 4787 τῷ
1499 4705 1666 4785 Κοαλέμῳ·

931 4811 1042 4892 χῶπως
1068 4813 1179 4885 οίμυνεί
1200 4814 1251 4877 τὸν
1274 4811 1379 4891 ἄνδρα.

708 4918 824 4983 Versus
855 4920 966 5003 igitur,
998 4927 1035 4983 ut
1065 4918 1178 4984 leniter
1210 4919 1331 4996 dicam,
1363 4938 1614 5004 supervacaneus
1643 4918 1792 5004 idemque
1821 4923 1888 4985 tom
