5125 6150
1105 825 1277 872 nourmcn.
1714 806 1778 873 227

556 1004 560 1017 ·
595 992 701 1068 cebet,
739 989 777 1054 ad
813 988 908 1054 finem
944 988 1129 1068 deduceret;
1164 993 1266 1055 noctis
1300 997 1408 1055 autem
1444 989 1571 1056 silentio
1605 990 1782 1057 resolvebat

594 1118 675 1184 quae
705 1118 762 1182 per
792 1095 937 1182 singulos
959 1097 1043 1174 dies,
1068 1097 1247 1162 multorum
1270 1099 1305 1161 in
1328 1118 1361 1162 se
1384 1099 1515 1162 intentis
1538 1097 1655 1175 oculis,
1679 1098 1782 1164 confe-

592 1207 696 1270 cisset.
729 1201 795 1270 Our
819 1200 935 1268 noctu?
959 1203 1041 1282 Quia
1065 1208 1135 1268 tum
1159 1203 1290 1268 demum
1314 1225 1376 1268 non
1400 1205 1574 1269 verendum
1598 1207 1628 1269 ei
1651 1212 1718 1269 eret
1741 1226 1780 1270 ne

590 1332 608 1375 a
627 1311 817 1375 vinitoribus
836 1309 1133 1394 deprehenderetur.
1158 1308 1211 1374 Sic
1230 1312 1362 1375 iuvenes
1384 1331 1439 1395 per
1456 1313 1631 1375 triennium
1643 1311 1779 1395 decepit:

590 1423 663 1481 tum
696 1416 783 1480 fraus
812 1414 930 1481 indicio
958 1413 1090 1480 ancillae
1113 1423 1161 1480 est
1185 1415 1317 1481 detecta.
1341 1416 1441 1481 Nocte
1464 1419 1568 1501 igitur
1589 1419 1782 1501 intempesta

589 1525 680 1608 proci
703 1525 737 1586 in
760 1525 884 1608 regiam
907 1525 1078 1608 ipsumque
1101 1525 1246 1588 virorum
1269 1522 1418 1589 conclave
1441 1527 1578 1601 reversi,
1604 1524 1686 1608 quod
1706 1545 1781 1608 pau·
1831 1514 1834 1521 ’

588 1632 635 1695 eis
667 1627 754 1694 horis
778 1637 850 1694 ante
873 1629 1083 1715 reliquerant,
1107 1629 1174 1696 illic
1198 1633 1390 1696 invenerunt
1413 1632 1560 1715 reginem
1584 1652 1661 1716 opus
1684 1652 1780 1696 suum

587 1741 797 1800 retexentem.
830 1735 1005 1822 Penelopes
1036 1736 1134 1802 telam
1164 1740 1197 1801 in
1221 1718 1351 1803 aedium
1373 1740 1524 1802 interiora
1547 1745 1726 1823 transporta
1749 1744 1781 1802 et

588 1842 696 1929 lepida
720 1842 827 1907 fabula
850 1843 917 1907 abit
939 1845 973 1906 in
996 1864 1100 1908 meras
1123 1864 1235 1930 nugas.
1261 1843 1349 1924 Quae
1368 1845 1449 1908 sitne
1469 1845 1603 1929 originis
1623 1842 1779 1921 coelestis,

588 1952 636 2014 ita
667 1956 704 2013 ut
735 1948 815 2014 olim
838 1948 950 2014 lunam
974 1971 1092 2015 comun
1113 1956 1314 2035 reparantem
1338 1948 1503 2034 stellisque
1526 1952 1676 2036 stipatam
1701 1950 1781 2015 indi-

588 2057 729 2132 caverit,
763 2075 801 2118 an
832 2057 1046 2139 interpretum
1072 2057 1124 2121 hic
1147 2059 1189 2120 sit
1213 2078 1300 2122 error
1323 2078 1385 2141 quo
1408 2058 1513 2141 magis
1535 2058 1719 2141 ingeniosus
1743 2077 1779 2121 eo

589 2163 696 2246 magis
727 2160 842 2237 fallax,
875 2160 907 2225 id
935 2182 1018 2226 nuno
1049 2162 1089 2226 ad
1119 2184 1187 2228 rem
1211 2162 1293 2227 nihil
1315 2162 1405 2240 facit;
1431 2164 1557 2247 saepius
1579 2168 1688 2226 autem
1712 2161 1779 2225 dixi

587 2289 639 2333 me
664 2288 791 2351 quoque
815 2270 922 2353 sagaci
940 2266 998 2332 ills
1017 2269 1125 2354 mythi
1144 2272 1263 2334 vetusti
1284 2266 1494 2354 explicatione
1516 2274 1646 2353 captum
1666 2270 1777 2333 teneri.

588 2372 650 2439 Sed
674 2373 787 2438 lunam
818 2381 855 2438 nt
887 2373 966 2438 olim
997 2374 1227 2460 significaverit
1257 2374 1320 2439 fida
1349 2374 1454 2439 Ulixis
1478 2376 1593 2439 coniux
1616 2382 1649 2438 et
1671 2373 1778 2439 stellas

587 2480 694 2563 proci,
734 2480 768 2541 in
804 2476 946 2564 Odyssea
981 2485 1055 2542 sunt
1089 2480 1158 2543 veri
1191 2477 1360 2551 mortales;
1398 2499 1506 2543 veram
1542 2476 1641 2543 telam
1675 2480 1780 2542 texuit
1861 2475 1865 2482 '

586 2585 793 2668 retexuitque
823 2586 950 2669 regrina,
974 2581 1031 2647 illo
1056 2589 1165 2648 autem
1188 2584 1316 2648 sedium
1339 2584 1408 2649 loco
1433 2605 1512 2668 opus
1534 2605 1629 2649 suum
1654 2586 1779 2670 peregit

586 2690 645 2754 ubi
675 2689 798 2754 ferebat
827 2693 925 2763 ratio,
957 2688 1026 2754 loco
1059 2710 1155 2775 quem
1187 2689 1389 2776 designatum
1422 2690 1483 2753 sibi
1505 2690 1641 2754 habebat
1664 2697 1778 2755 mater·

584 2794 744 2868 familias.
775 2794 844 2860 loco
876 2816 972 2879 quem
1003 2803 1035 2860 et
1064 2794 1141 2859 olim
1165 2799 1312 2860 tenuerat
1334 2793 1411 2859 dum
1435 2794 1543 2860 aderat
1565 2798 1719 2872 maritus,
1746 2802 1778 2860 et

584 2909 663 2966 tunc
684 2904 756 2966 iure
778 2922 836 2966 suo
860 2901 995 2966 tenebat.

632 3008 711 3072 Post
738 3028 775 3073 ea
802 3028 882 3093 quae
909 3007 1051 3071 diximus
1079 3008 1211 3072 dubium
1239 3028 1306 3073 esse
1332 3009 1443 3093 nequit
1468 3009 1545 3093 quin
1574 3011 1607 3072 in
1631 3011 1774 3072 virorum

582 3116 729 3182 conclavi
763 3117 831 3179 sive
861 3114 988 3192 μεγάρῳ
1020 3114 1178 3180 Helenam
1209 3120 1371 3180 texentem
1403 3117 1562 3180 invenerit
1591 3113 1669 3187 Iris,
1701 3137 1774 3180 cnm

581 3222 740 3288 Laodicea
764 3224 867 3307 specie
890 3221 1003 3287 induta
1026 3242 1098 3286 eam
1121 3222 1200 3287 adiit
1223 3228 1260 3286 ut
1283 3221 1323 3286 ad
1346 3224 1472 3286 moenie
1494 3241 1566 3286 eam
1586 3221 1772 3287 abduceret:

723 3329 776 3401 τὴν
801 3327 826 3391 δ’
850 3323 912 3405 ιρῦρ·
937 3328 967 3391 έν
990 3329 1131 3407 μεγάρῳ·
1158 3318 1175 3401 έν
1199 3328 1230 3392 δὲ
1254 3329 1359 3405 μένον
1383 3326 1467 3392 έστδν
1490 3325 1603 3406 ὕφαινε
1619 3327 1652 3407 ¹).

631 3433 698 3497 Nec
729 3436 836 3498 miuus
868 3441 992 3499 certum
1024 3443 1071 3499 est
1102 3436 1158 3500 ubi
1189 3435 1287 3500 fuerit
1310 3435 1529 3499 Andromache
1553 3457 1626 3499 cum
1650 3438 1774 3501 civium

583 3563 642 3627 per
676 3540 790 3604 urbem
825 3539 971 3606 Hectoris
1003 3562 1112 3606 necem
1141 3540 1327 3628 lugentium
1358 3541 1397 3605 sd
1428 3561 1499 3606 eam
1530 3547 1773 3626 penetraverunt

582 3647 741 3714 clamores
755 3648 799 3725 ²):

767 3749 840 3828 ἥγ’
863 3753 947 3816 ἱστὸν
972 3750 1081 3831 ὕφαινε
1106 3755 1199 3833 μυχῷ
1220 3753 1311 3829 δέμου
1337 3752 1482 3831 ὑψηλοῖο,

722 3859 858 3924 ’κέκλετο
882 3860 908 3924 δ’
931 3860 1156 3939 ἀμφιπόλοισιν
1180 3859 1402 3937 έυπλοκοέμοισ’
1426 3860 1487 3924 dulc
1512 3860 1599 3935 δῶμοι

724 3967 810 4047 ἀμφὶ
833 3966 902 4046 πυρὶ
927 3976 1039 4041 στῆσαι
1064 3968 1191 4047 τρέποδοι
1215 3969 1330 4045 μέγαν,
1354 3966 1435 4046 ὄφρα
1459 3966 1580 4032 πέλοιτο

720 4070 843 4148 Ἕκτορι
867 4074 962 4149 έερμὰ
985 4073 1098 4149 λέεσροι
1123 4074 1234 4153 μάχης
1257 4073 1291 4138 ἓν
1316 4072 1507 4145 νοστήσαντι.

581 4179 753 4245 Habemus
784 4186 963 4243 matronam
996 4200 1070 4244 cum
1102 4178 1182 4256 tela,
1214 4179 1370 4245 habemus
1399 4181 1509 4266 ignem
1534 4179 1612 4256 foci,
1635 4181 1773 4244 etiamne

579 4290 636 4351 τοῦ
669 4284 807 4363 μεγάρου
842 4284 878 4348 fit
909 4283 1053 4349 mentio?
1085 4284 1147 4349 Fit.
1179 4285 1263 4349 Nem
1286 4292 1456 4370 postquam
1480 4287 1565 4349 tristi
1588 4286 1703 4348 nuncio
1726 4303 1773 4347 ac·

582 4398 677 4478 cepto
702 4393 899 4456 semianimis
922 4398 972 4456 est
995 4390 1131 4478 collapsa
1155 4413 1327 4478 rursusque
1350 4392 1389 4457 ad
1411 4412 1445 4456 se
1469 4391 1580 4466 rediit,

994 4496 1141 4577 μεγάροιο
1165 4497 1303 4562 διέσσυτο
1326 4495 1453 4574 μαινάδι
1477 4496 1540 4569 rien
1555 4495 1591 4574 ³).

583 4605 611 4671 Ε
636 4606 781 4669 virorum
805 4602 948 4670 conclavi
972 4625 1028 4691 per
1052 4604 1243 4689 prodemum
1265 4606 1299 4668 in
1322 4601 1461 4688 plateam
1484 4599 1673 4687 provolavit.

592 4772 789 4783 ..ι’-...ιη

615 4882 642 4939 l)
659 4886 676 4928 r
696 4880 752 4928 12⁶.
1153 4878 1183 4941 2)
1201 4883 1221 4926 Χ
1238 4878 1288 4926 440
1305 4892 1354 4941 sqq.

615 4965 644 5028 8)
662 4978 696 5012 τε.
714 4963 771 5011 460.
