<?xml version="1.0" encoding="UTF-8"?>
<!DOCTYPE html PUBLIC "-//W3C//DTD XHTML 1.0 Transitional//EN"
    "http://www.w3.org/TR/xhtml1/DTD/xhtml1-transitional.dtd">
<html xmlns="http://www.w3.org/1999/xhtml" xml:lang="en" lang="en">
 <head>
  <title>
</title>
<meta http-equiv="Content-Type" content="text/html;charset=utf-8" />
  <meta name='ocr-system' content='tesseract 3.04.00' />
  <meta name='ocr-capabilities' content='ocr_page ocr_carea ocr_par ocr_line ocrx_word'/>
</head>
<body>
  <div class='ocr_page' id='page_1' title='image "./mnemosyne04verdgoog_0135.png"; bbox 0 0 5125 6150; ppageno 0'>
   <div class='ocr_carea' id='block_1_1' title="bbox 783 772 1459 838">
    <p class='ocr_par' dir='ltr' id='par_1_1' title="bbox 783 772 1459 838">
     <span class='ocr_line' id='line_1_1' title="bbox 783 772 1459 838; baseline 0.001 -1"><span class='ocrx_word' id='word_1_1' title='bbox 783 772 848 838; x_wconf 77' lang='lat'><strong>134</strong></span> <span class='ocrx_word' id='word_1_2' title='bbox 1284 791 1459 838; x_wconf 81' lang='grc'>1011111101.</span> 
     </span>
    </p>
   </div>
   <div class='ocr_carea' id='block_1_2' title="bbox 779 951 1973 4293">
    <p class='ocr_par' dir='ltr' id='par_1_2' title="bbox 781 951 1973 1555">
     <span class='ocr_line' id='line_1_2' title="bbox 782 951 1973 1038; baseline 0.001 -20"><span class='ocrx_word' id='word_1_3' title='bbox 782 957 887 1018; x_wconf 81' lang='lat' dir='ltr'><strong>verint</strong></span> <span class='ocrx_word' id='word_1_4' title='bbox 922 951 1046 1018; x_wconf 82' lang='lat' dir='ltr'><strong>Graeci.</strong></span> <span class='ocrx_word' id='word_1_5' title='bbox 1082 953 1204 1031; x_wconf 82' lang='lat' dir='ltr'><strong>Quibus</strong></span> <span class='ocrx_word' id='word_1_6' title='bbox 1239 975 1296 1038; x_wconf 91' lang='lat' dir='ltr'><strong>pre</strong></span> <span class='ocrx_word' id='word_1_7' title='bbox 1325 956 1453 1034; x_wconf 83' lang='lat' dir='ltr'><strong>proprie</strong></span> <span class='ocrx_word' id='word_1_8' title='bbox 1487 958 1562 1038; x_wconf 90' lang='lat' dir='ltr'><strong>equi</strong></span> <span class='ocrx_word' id='word_1_9' title='bbox 1593 953 1720 1018; x_wconf 83' lang='lat' dir='ltr'><strong>Troiani</strong></span> <span class='ocrx_word' id='word_1_10' title='bbox 1750 957 1880 1018; x_wconf 91' lang='lat' dir='ltr'><strong>nemine</strong></span> <span class='ocrx_word' id='word_1_11' title='bbox 1911 956 1973 1019; x_wconf 85' lang='lat' dir='ltr'><strong>suit</strong></span> 
     </span>
     <span class='ocr_line' id='line_1_3' title="bbox 781 1056 1972 1142; baseline 0 -20"><span class='ocrx_word' id='word_1_12' title='bbox 781 1058 863 1122; x_wconf 90' lang='lat' dir='ltr'><strong>illud</strong></span> <span class='ocrx_word' id='word_1_13' title='bbox 894 1058 1017 1133; x_wconf 74' lang='grc' dir='ltr'><strong>δούρειος</strong></span> <span class='ocrx_word' id='word_1_14' title='bbox 1052 1056 1102 1120; x_wconf 87' lang='lat' dir='ltr'><strong>vel</strong></span> <span class='ocrx_word' id='word_1_15' title='bbox 1131 1058 1240 1135; x_wconf 67' lang='grc' dir='ltr'><strong>δούριος</strong></span> <span class='ocrx_word' id='word_1_16' title='bbox 1257 1059 1291 1133; x_wconf 87' lang='lat'><strong>¹),</strong></span> <span class='ocrx_word' id='word_1_17' title='bbox 1315 1058 1485 1142; x_wconf 77' lang='lat' dir='ltr'>Euripides</span> <span class='ocrx_word' id='word_1_18' title='bbox 1507 1072 1617 1122; x_wconf 85' lang='lat' dir='ltr'><strong>autem</strong></span> <span class='ocrx_word' id='word_1_19' title='bbox 1640 1080 1751 1123; x_wconf 82' lang='lat' dir='ltr'><strong>vocem</strong></span> <span class='ocrx_word' id='word_1_20' title='bbox 1776 1059 1843 1137; x_wconf 76' lang='grc' dir='ltr'><strong><em>δυ’ρυ</em></strong></span> <span class='ocrx_word' id='word_1_21' title='bbox 1866 1061 1972 1122; x_wconf 77' lang='lat' dir='ltr'><strong>heatee</strong></span> 
     </span>
     <span class='ocr_line' id='line_1_4' title="bbox 781 1161 1972 1247; baseline 0 -20"><span class='ocrx_word' id='word_1_22' title='bbox 781 1185 876 1228; x_wconf 89' lang='lat' dir='ltr'><strong>sensu</strong></span> <span class='ocrx_word' id='word_1_23' title='bbox 906 1165 1078 1246; x_wconf 88' lang='lat' dir='ltr'><strong>accipiens,</strong></span> <span class='ocrx_word' id='word_1_24' title='bbox 1110 1183 1207 1246; x_wconf 90' lang='lat' dir='ltr'><strong>quem</strong></span> <span class='ocrx_word' id='word_1_25' title='bbox 1230 1161 1335 1225; x_wconf 91' lang='lat' dir='ltr'><strong>selum</strong></span> <span class='ocrx_word' id='word_1_26' title='bbox 1357 1166 1443 1227; x_wconf 87' lang='lat' dir='ltr'><strong>inter</strong></span> <span class='ocrx_word' id='word_1_27' title='bbox 1463 1166 1565 1247; x_wconf 89' lang='lat' dir='ltr'><strong>ipsius</strong></span> <span class='ocrx_word' id='word_1_28' title='bbox 1588 1162 1736 1247; x_wconf 77' lang='lat' dir='ltr'><strong>aequales</strong></span> <span class='ocrx_word' id='word_1_29' title='bbox 1758 1164 1910 1241; x_wconf 90' lang='lat' dir='ltr'><strong>habebat,</strong></span> <span class='ocrx_word' id='word_1_30' title='bbox 1935 1163 1972 1227; x_wconf 90' lang='lat' dir='ltr'><strong>de</strong></span> 
     </span>
     <span class='ocr_line' id='line_1_5' title="bbox 781 1267 1973 1352; baseline 0.002 -21"><span class='ocrx_word' id='word_1_31' title='bbox 781 1270 921 1332; x_wconf 89' lang='lat' dir='ltr'><strong>neminis</strong></span> <span class='ocrx_word' id='word_1_32' title='bbox 957 1270 1080 1352; x_wconf 89' lang='lat' dir='ltr'><strong>origine</strong></span> <span class='ocrx_word' id='word_1_33' title='bbox 1113 1280 1145 1331; x_wconf 86' lang='lat' dir='ltr'><strong>et</strong></span> <span class='ocrx_word' id='word_1_34' title='bbox 1176 1267 1408 1351; x_wconf 86' lang='lat' dir='ltr'><strong>significatione</strong></span> <span class='ocrx_word' id='word_1_35' title='bbox 1438 1271 1471 1330; x_wconf 94' lang='lat' dir='ltr'><strong>in</strong></span> <span class='ocrx_word' id='word_1_36' title='bbox 1503 1268 1641 1351; x_wconf 90' lang='lat' dir='ltr'><strong>quedam</strong></span> <span class='ocrx_word' id='word_1_37' title='bbox 1673 1269 1814 1333; x_wconf 80' lang='lat' dir='ltr'><strong>dramate</strong></span> <span class='ocrx_word' id='word_1_38' title='bbox 1848 1269 1973 1333; x_wconf 90' lang='lat' dir='ltr'><strong>doctius</strong></span> 
     </span>
     <span class='ocr_line' id='line_1_6' title="bbox 782 1373 1814 1457; baseline 0.001 -21"><span class='ocrx_word' id='word_1_39' title='bbox 782 1394 879 1457; x_wconf 90' lang='lat' dir='ltr'><strong>quam</strong></span> <span class='ocrx_word' id='word_1_40' title='bbox 903 1373 1091 1457; x_wconf 90' lang='lat' dir='ltr'><strong>prudentius</strong></span> <span class='ocrx_word' id='word_1_41' title='bbox 1116 1388 1170 1435; x_wconf 87' lang='lat' dir='ltr'><strong>aut</strong></span> <span class='ocrx_word' id='word_1_42' title='bbox 1195 1376 1361 1436; x_wconf 80' lang='lat' dir='ltr'><strong>venustius</strong></span> <span class='ocrx_word' id='word_1_43' title='bbox 1385 1373 1580 1457; x_wconf 85' lang='lat' dir='ltr'><strong>disputavit;</strong></span> <span class='ocrx_word' id='word_1_44' title='bbox 1604 1376 1742 1437; x_wconf 84' lang='lat' dir='ltr'><strong>sienim</strong></span> <span class='ocrx_word' id='word_1_45' title='bbox 1766 1382 1814 1437; x_wconf 91' lang='lat' dir='ltr'><strong>est</strong></span> 
     </span>
     <span class='ocr_line' id='line_1_7' title="bbox 1007 1474 1738 1555; baseline 0.001 -17"><span class='ocrx_word' id='word_1_46' title='bbox 1007 1477 1132 1553; x_wconf 73' lang='grc' dir='ltr'><strong>δούρεοος</strong></span> <span class='ocrx_word' id='word_1_47' title='bbox 1156 1474 1247 1546; x_wconf 72' lang='grc' dir='ltr'><strong><em>ἵππος</em></strong></span> <span class='ocrx_word' id='word_1_48' title='bbox 1273 1477 1404 1553; x_wconf 74' lang='grc' dir='ltr'><strong><em>κρυπτὸν</em></strong></span> <span class='ocrx_word' id='word_1_49' title='bbox 1428 1478 1598 1555; x_wconf 65' lang='grc' dir='ltr'><strong>ἀμπισχὼν</strong></span> <span class='ocrx_word' id='word_1_50' title='bbox 1621 1477 1687 1554; x_wconf 69' lang='lat' dir='ltr'><strong>lieo</strong></span> <span class='ocrx_word' id='word_1_51' title='bbox 1701 1477 1738 1555; x_wconf 69' lang='grc' dir='ltr'><strong>Ξ),</strong></span> 
     </span>
    </p>

    <p class='ocr_par' dir='ltr' id='par_1_3' title="bbox 779 1579 1973 2298">
     <span class='ocr_line' id='line_1_8' title="bbox 781 1579 1972 1665; baseline -0.001 -20"><span class='ocrx_word' id='word_1_52' title='bbox 781 1605 871 1665; x_wconf 73' lang='lat' dir='ltr'><strong>equus</strong></span> <span class='ocrx_word' id='word_1_53' title='bbox 902 1583 1040 1643; x_wconf 65' lang='lat' dir='ltr'><strong>leatus</strong></span> <span class='ocrx_word' id='word_1_54' title='bbox 1062 1580 1115 1645; x_wconf 87' lang='lat' dir='ltr'><strong>vel</strong></span> <span class='ocrx_word' id='word_1_55' title='bbox 1139 1582 1293 1644; x_wconf 73' lang='lat' dir='ltr'><strong>lecterius</strong></span> <span class='ocrx_word' id='word_1_56' title='bbox 1306 1579 1341 1657; x_wconf 77' lang='lat'><strong>³),</strong></span> <span class='ocrx_word' id='word_1_57' title='bbox 1366 1585 1411 1645; x_wconf 84' lang='grc'><strong>111</strong></span> <span class='ocrx_word' id='word_1_58' title='bbox 1435 1582 1540 1646; x_wconf 89' lang='lat' dir='ltr'><strong>dictus</strong></span> <span class='ocrx_word' id='word_1_59' title='bbox 1563 1582 1602 1645; x_wconf 90' lang='lat' dir='ltr'><strong>ab</strong></span> <span class='ocrx_word' id='word_1_60' title='bbox 1626 1583 1726 1645; x_wconf 89' lang='lat' dir='ltr'><strong>hastis</strong></span> <span class='ocrx_word' id='word_1_61' title='bbox 1748 1582 1972 1646; x_wconf 88' lang='lat' dir='ltr'><strong>insidiatorum</strong></span> 
     </span>
     <span class='ocr_line' id='line_1_9' title="bbox 780 1686 1973 1773; baseline 0.002 -25"><span class='ocrx_word' id='word_1_62' title='bbox 780 1687 814 1749; x_wconf 79' lang='lat' dir='ltr'><strong>ia</strong></span> <span class='ocrx_word' id='word_1_63' title='bbox 849 1687 914 1749; x_wconf 73' lang='lat' dir='ltr'><strong>eius</strong></span> <span class='ocrx_word' id='word_1_64' title='bbox 948 1686 1015 1748; x_wconf 80' lang='lat' dir='ltr'><strong>elce</strong></span> <span class='ocrx_word' id='word_1_65' title='bbox 1046 1687 1243 1750; x_wconf 73' lang='lat' dir='ltr'><strong>latitantium.</strong></span> <span class='ocrx_word' id='word_1_66' title='bbox 1277 1686 1364 1765; x_wconf 84' lang='lat' dir='ltr'><strong>Quae</strong></span> <span class='ocrx_word' id='word_1_67' title='bbox 1396 1688 1493 1750; x_wconf 88' lang='lat' dir='ltr'><strong>verba</strong></span> <span class='ocrx_word' id='word_1_68' title='bbox 1523 1708 1634 1751; x_wconf 90' lang='lat' dir='ltr'><strong>scenae</strong></span> <span class='ocrx_word' id='word_1_69' title='bbox 1657 1691 1797 1772; x_wconf 80' lang='lat' dir='ltr'><strong>tragicae</strong></span> <span class='ocrx_word' id='word_1_70' title='bbox 1821 1687 1973 1773; x_wconf 76' lang='lat' dir='ltr'><strong>dignitati</strong></span> 
     </span>
     <span class='ocr_line' id='line_1_10' title="bbox 781 1792 1972 1877; baseline 0 -21"><span class='ocrx_word' id='word_1_71' title='bbox 781 1813 897 1876; x_wconf 91' lang='lat' dir='ltr'><strong>parum</strong></span> <span class='ocrx_word' id='word_1_72' title='bbox 916 1812 1056 1877; x_wconf 85' lang='lat' dir='ltr'><strong>congrua</strong></span> <span class='ocrx_word' id='word_1_73' title='bbox 1075 1792 1330 1856; x_wconf 84' lang='lat' dir='ltr'><strong>observationem</strong></span> <span class='ocrx_word' id='word_1_74' title='bbox 1348 1796 1594 1877; x_wconf 84' lang='lat' dir='ltr'><strong>grammaticam</strong></span> <span class='ocrx_word' id='word_1_75' title='bbox 1615 1792 1690 1856; x_wconf 90' lang='lat' dir='ltr'><strong>licet</strong></span> <span class='ocrx_word' id='word_1_76' title='bbox 1710 1792 1813 1856; x_wconf 89' lang='lat' dir='ltr'><strong>dicere</strong></span> <span class='ocrx_word' id='word_1_77' title='bbox 1825 1795 1972 1856; x_wconf 83' lang='lat' dir='ltr'><strong>trimetro</strong></span> 
     </span>
     <span class='ocr_line' id='line_1_11' title="bbox 780 1896 1973 1983; baseline -0.001 -22"><span class='ocrx_word' id='word_1_78' title='bbox 780 1917 981 1981; x_wconf 81' lang='lat' dir='ltr'><strong>expressam:</strong></span> <span class='ocrx_word' id='word_1_79' title='bbox 1019 1900 1166 1980; x_wconf 90' lang='lat' dir='ltr'><strong>„epicum</strong></span> <span class='ocrx_word' id='word_1_80' title='bbox 1203 1918 1318 1961; x_wconf 89' lang='lat' dir='ltr'><strong>nemen</strong></span> <span class='ocrx_word' id='word_1_81' title='bbox 1354 1899 1480 1975; x_wconf 57' lang='lat' dir='ltr'><strong>teocam</strong></span> <span class='ocrx_word' id='word_1_82' title='bbox 1512 1896 1603 1962; x_wconf 75' lang='grc' dir='ltr'><strong><em>ἵππου</em></strong></span> <span class='ocrx_word' id='word_1_83' title='bbox 1634 1919 1697 1962; x_wconf 90' lang='grc'><strong>101</strong></span> <span class='ocrx_word' id='word_1_84' title='bbox 1728 1898 1907 1983; x_wconf 88' lang='lat' dir='ltr'><strong>significare</strong></span> <span class='ocrx_word' id='word_1_85' title='bbox 1939 1898 1973 1961; x_wconf 93' lang='lat' dir='ltr'><strong>id</strong></span> 
     </span>
     <span class='ocr_line' id='line_1_12' title="bbox 783 2000 1973 2087; baseline 0.001 -23"><span class='ocrx_word' id='word_1_86' title='bbox 783 2002 888 2086; x_wconf 85' lang='lat' dir='ltr'><strong>,qued</strong></span> <span class='ocrx_word' id='word_1_87' title='bbox 919 2001 1020 2087; x_wconf 85' lang='lat' dir='ltr'><strong>vulgo</strong></span> <span class='ocrx_word' id='word_1_88' title='bbox 1052 2002 1200 2065; x_wconf 86' lang='lat' dir='ltr'><strong>credatur</strong></span> <span class='ocrx_word' id='word_1_89' title='bbox 1222 2023 1342 2086; x_wconf 90' lang='lat' dir='ltr'><strong>equum</strong></span> <span class='ocrx_word' id='word_1_90' title='bbox 1366 2003 1567 2082; x_wconf 66' lang='lat' dir='ltr'><strong>liymm‘&#39;⁴).</strong></span> <span class='ocrx_word' id='word_1_91' title='bbox 1592 2000 1655 2068; x_wconf 88' lang='lat' dir='ltr'><strong>Cui</strong></span> <span class='ocrx_word' id='word_1_92' title='bbox 1678 2024 1718 2066; x_wconf 86' lang='lat' dir='ltr'><strong>ex</strong></span> <span class='ocrx_word' id='word_1_93' title='bbox 1742 2024 1809 2067; x_wconf 83' lang='lat' dir='ltr'><strong>asse</strong></span> <span class='ocrx_word' id='word_1_94' title='bbox 1832 2003 1973 2087; x_wconf 90' lang='lat' dir='ltr'><strong>adstipu-</strong></span> 
     </span>
     <span class='ocr_line' id='line_1_13' title="bbox 780 2107 1972 2192; baseline 0.002 -21"><span class='ocrx_word' id='word_1_95' title='bbox 780 2107 864 2171; x_wconf 82' lang='lat' dir='ltr'><strong>latus</strong></span> <span class='ocrx_word' id='word_1_96' title='bbox 893 2107 1082 2191; x_wconf 78' lang='lat' dir='ltr'><strong>Euripidem</strong></span> <span class='ocrx_word' id='word_1_97' title='bbox 1111 2127 1219 2170; x_wconf 84' lang='lat' dir='ltr'><strong>veram</strong></span> <span class='ocrx_word' id='word_1_98' title='bbox 1242 2108 1473 2191; x_wconf 80' lang='lat' dir='ltr'><strong>interpretandi</strong></span> <span class='ocrx_word' id='word_1_99' title='bbox 1498 2112 1586 2172; x_wconf 85' lang='lat' dir='ltr'><strong>viam</strong></span> <span class='ocrx_word' id='word_1_100' title='bbox 1609 2111 1818 2192; x_wconf 85' lang='lat' dir='ltr'><strong>quantumvis</strong></span> <span class='ocrx_word' id='word_1_101' title='bbox 1841 2109 1972 2173; x_wconf 84' lang='lat' dir='ltr'><strong>obscure</strong></span> 
     </span>
     <span class='ocr_line' id='line_1_14' title="bbox 779 2213 1525 2298; baseline 0.001 -22"><span class='ocrx_word' id='word_1_102' title='bbox 779 2216 1025 2296; x_wconf 86' lang='lat' dir='ltr'><strong>importuneque</strong></span> <span class='ocrx_word' id='word_1_103' title='bbox 1049 2224 1190 2297; x_wconf 88' lang='lat' dir='ltr'><strong>tempere</strong></span> <span class='ocrx_word' id='word_1_104' title='bbox 1214 2213 1369 2277; x_wconf 87' lang='lat' dir='ltr'><strong>indicasse</strong></span> <span class='ocrx_word' id='word_1_105' title='bbox 1390 2213 1525 2298; x_wconf 88' lang='lat' dir='ltr'><strong>gaudee.</strong></span> 
     </span>
    </p>

    <p class='ocr_par' dir='ltr' id='par_1_4' title="bbox 780 2316 1972 3975">
     <span class='ocr_line' id='line_1_15' title="bbox 825 2316 1969 2403; baseline 0.001 -24"><span class='ocrx_word' id='word_1_106' title='bbox 825 2316 989 2401; x_wconf 77' lang='lat' dir='ltr'><strong>Euripidis</strong></span> <span class='ocrx_word' id='word_1_107' title='bbox 1023 2320 1126 2401; x_wconf 85' lang='lat' dir='ltr'><strong>igitur</strong></span> <span class='ocrx_word' id='word_1_108' title='bbox 1159 2317 1308 2400; x_wconf 86' lang='lat' dir='ltr'><strong>aequales</strong></span> <span class='ocrx_word' id='word_1_109' title='bbox 1342 2318 1486 2402; x_wconf 80' lang='lat' dir='ltr'><strong>fugiebat</strong></span> <span class='ocrx_word' id='word_1_110' title='bbox 1519 2318 1595 2402; x_wconf 90' lang='lat' dir='ltr'><strong>quid</strong></span> <span class='ocrx_word' id='word_1_111' title='bbox 1630 2325 1740 2403; x_wconf 88' lang='lat' dir='ltr'><strong>poetae</strong></span> <span class='ocrx_word' id='word_1_112' title='bbox 1763 2319 1892 2382; x_wconf 92' lang='lat' dir='ltr'><strong>nemine</strong></span> <span class='ocrx_word' id='word_1_113' title='bbox 1915 2322 1969 2380; x_wconf 82' lang='grc' dir='ltr'><strong>τοῦ</strong></span> 
     </span>
     <span class='ocr_line' id='line_1_16' title="bbox 781 2419 1972 2508; baseline 0.001 -23"><span class='ocrx_word' id='word_1_114' title='bbox 781 2421 908 2500; x_wconf 54' lang='lat' dir='ltr'><strong>&amp;caslev</strong></span> <span class='ocrx_word' id='word_1_115' title='bbox 938 2419 1033 2485; x_wconf 80' lang='grc' dir='ltr'><strong><em>ἵππου</em></strong></span> <span class='ocrx_word' id='word_1_116' title='bbox 1064 2422 1296 2507; x_wconf 88' lang='lat' dir='ltr'><strong>significassent</strong></span> <span class='ocrx_word' id='word_1_117' title='bbox 1327 2422 1417 2487; x_wconf 92' lang='lat' dir='ltr'><strong>olim.</strong></span> <span class='ocrx_word' id='word_1_118' title='bbox 1450 2422 1572 2508; x_wconf 75' lang='lat' dir='ltr'><strong>Nempe</strong></span> <span class='ocrx_word' id='word_1_119' title='bbox 1596 2422 1719 2487; x_wconf 84' lang='lat' dir='ltr'><strong>fabulas</strong></span> <span class='ocrx_word' id='word_1_120' title='bbox 1743 2425 1848 2506; x_wconf 87' lang='lat' dir='ltr'><strong>spicas</strong></span> <span class='ocrx_word' id='word_1_121' title='bbox 1871 2422 1972 2486; x_wconf 91' lang='lat' dir='ltr'><strong>oeulis</strong></span> 
     </span>
     <span class='ocr_line' id='line_1_17' title="bbox 781 2526 1972 2612; baseline -0.001 -22"><span class='ocrx_word' id='word_1_122' title='bbox 781 2526 996 2591; x_wconf 88' lang='lat' dir='ltr'><strong>diffidentibus</strong></span> <span class='ocrx_word' id='word_1_123' title='bbox 1026 2530 1161 2590; x_wconf 88' lang='lat' dir='ltr'><strong>scrutari</strong></span> <span class='ocrx_word' id='word_1_124' title='bbox 1191 2547 1362 2611; x_wconf 86' lang='lat' dir='ltr'><strong>severaque</strong></span> <span class='ocrx_word' id='word_1_125' title='bbox 1385 2530 1513 2612; x_wconf 82' lang='lat' dir='ltr'><strong>exigere</strong></span> <span class='ocrx_word' id='word_1_126' title='bbox 1537 2530 1677 2603; x_wconf 87' lang='lat' dir='ltr'><strong>trutina,</strong></span> <span class='ocrx_word' id='word_1_127' title='bbox 1701 2526 1734 2590; x_wconf 92' lang='lat' dir='ltr'><strong>id</strong></span> <span class='ocrx_word' id='word_1_128' title='bbox 1757 2548 1818 2591; x_wconf 93' lang='lat' dir='ltr'><strong>non</strong></span> <span class='ocrx_word' id='word_1_129' title='bbox 1841 2526 1972 2591; x_wconf 89' lang='lat' dir='ltr'><strong>cadebat</strong></span> 
     </span>
     <span class='ocr_line' id='line_1_18' title="bbox 780 2630 1971 2716; baseline -0.001 -21"><span class='ocrx_word' id='word_1_130' title='bbox 780 2635 814 2696; x_wconf 92' lang='lat' dir='ltr'><strong>in</strong></span> <span class='ocrx_word' id='word_1_131' title='bbox 844 2631 926 2695; x_wconf 93' lang='lat' dir='ltr'><strong>illud</strong></span> <span class='ocrx_word' id='word_1_132' title='bbox 957 2652 1090 2707; x_wconf 87' lang='lat' dir='ltr'><strong>aevum,</strong></span> <span class='ocrx_word' id='word_1_133' title='bbox 1124 2652 1186 2715; x_wconf 89' lang='lat' dir='ltr'><strong>que</strong></span> <span class='ocrx_word' id='word_1_134' title='bbox 1217 2634 1395 2715; x_wconf 88' lang='lat' dir='ltr'><strong>impietatis</strong></span> <span class='ocrx_word' id='word_1_135' title='bbox 1419 2653 1486 2695; x_wconf 90' lang='lat' dir='ltr'><strong>esse</strong></span> <span class='ocrx_word' id='word_1_136' title='bbox 1510 2631 1679 2695; x_wconf 84' lang='lat' dir='ltr'><strong>videbatur</strong></span> <span class='ocrx_word' id='word_1_137' title='bbox 1701 2630 1796 2695; x_wconf 85' lang='lat' dir='ltr'><strong>fidem</strong></span> <span class='ocrx_word' id='word_1_138' title='bbox 1819 2632 1971 2716; x_wconf 89' lang='lat' dir='ltr'><strong>abrogare</strong></span> 
     </span>
     <span class='ocr_line' id='line_1_19' title="bbox 781 2735 1971 2822; baseline 0 -22"><span class='ocrx_word' id='word_1_139' title='bbox 781 2740 893 2822; x_wconf 87' lang='lat' dir='ltr'><strong>priscis</strong></span> <span class='ocrx_word' id='word_1_140' title='bbox 916 2738 1045 2801; x_wconf 86' lang='lat' dir='ltr'><strong>vatibus</strong></span> <span class='ocrx_word' id='word_1_141' title='bbox 1069 2757 1178 2800; x_wconf 90' lang='lat' dir='ltr'><strong>musae</strong></span> <span class='ocrx_word' id='word_1_142' title='bbox 1201 2737 1439 2820; x_wconf 88' lang='lat' dir='ltr'><strong>interpretibus.</strong></span> <span class='ocrx_word' id='word_1_143' title='bbox 1463 2736 1593 2819; x_wconf 80' lang='lat' dir='ltr'><strong>Equum</strong></span> <span class='ocrx_word' id='word_1_144' title='bbox 1615 2740 1719 2821; x_wconf 88' lang='lat' dir='ltr'><strong>igitur</strong></span> <span class='ocrx_word' id='word_1_145' title='bbox 1740 2735 1854 2811; x_wconf 93' lang='lat' dir='ltr'><strong>illum,</strong></span> <span class='ocrx_word' id='word_1_146' title='bbox 1875 2757 1971 2820; x_wconf 92' lang='lat' dir='ltr'><strong>quem</strong></span> 
     </span>
     <span class='ocr_line' id='line_1_20' title="bbox 782 2840 1972 2927; baseline -0.002 -21"><span class='ocrx_word' id='word_1_147' title='bbox 782 2845 872 2927; x_wconf 85' lang='lat' dir='ltr'><strong>spica</strong></span> <span class='ocrx_word' id='word_1_148' title='bbox 906 2844 1047 2905; x_wconf 87' lang='lat' dir='ltr'><strong>carmina</strong></span> <span class='ocrx_word' id='word_1_149' title='bbox 1081 2840 1298 2917; x_wconf 89' lang='lat' dir='ltr'><strong>celebrabant,</strong></span> <span class='ocrx_word' id='word_1_150' title='bbox 1333 2863 1394 2905; x_wconf 94' lang='lat' dir='ltr'><strong>nen</strong></span> <span class='ocrx_word' id='word_1_151' title='bbox 1425 2862 1540 2905; x_wconf 84' lang='lat' dir='ltr'><strong>verum</strong></span> <span class='ocrx_word' id='word_1_152' title='bbox 1572 2840 1650 2905; x_wconf 92' lang='lat' dir='ltr'><strong>elim</strong></span> <span class='ocrx_word' id='word_1_153' title='bbox 1677 2842 1774 2905; x_wconf 81' lang='lat' dir='ltr'><strong>fuisse</strong></span> <span class='ocrx_word' id='word_1_154' title='bbox 1804 2862 1924 2924; x_wconf 88' lang='lat' dir='ltr'><strong>equum</strong></span> <span class='ocrx_word' id='word_1_155' title='bbox 1955 2862 1972 2904; x_wconf 94' lang='lat' dir='ltr'><strong>e</strong></span> 
     </span>
     <span class='ocr_line' id='line_1_21' title="bbox 781 2945 1971 3032; baseline 0.001 -22"><span class='ocrx_word' id='word_1_156' title='bbox 781 2949 882 3032; x_wconf 89' lang='lat' dir='ltr'><strong>tignis</strong></span> <span class='ocrx_word' id='word_1_157' title='bbox 914 2946 1093 3030; x_wconf 88' lang='lat' dir='ltr'><strong>tabulisque</strong></span> <span class='ocrx_word' id='word_1_158' title='bbox 1123 2945 1240 3031; x_wconf 79' lang='lat' dir='ltr'><strong>ligneis</strong></span> <span class='ocrx_word' id='word_1_159' title='bbox 1271 2950 1305 3008; x_wconf 91' lang='lat' dir='ltr'><strong>in</strong></span> <span class='ocrx_word' id='word_1_160' title='bbox 1330 2946 1566 3032; x_wconf 87' lang='lat' dir='ltr'><strong>quadrupedem</strong></span> <span class='ocrx_word' id='word_1_161' title='bbox 1590 2945 1728 3030; x_wconf 90' lang='lat' dir='ltr'><strong>figuram</strong></span> <span class='ocrx_word' id='word_1_162' title='bbox 1751 2954 1971 3029; x_wconf 86' lang='lat' dir='ltr'><strong>compactum,</strong></span> 
     </span>
     <span class='ocr_line' id='line_1_22' title="bbox 782 3050 1971 3136; baseline -0.002 -19"><span class='ocrx_word' id='word_1_163' title='bbox 782 3073 819 3117; x_wconf 91' lang='lat' dir='ltr'><strong>ea</strong></span> <span class='ocrx_word' id='word_1_164' title='bbox 853 3072 892 3116; x_wconf 92' lang='lat' dir='ltr'><strong>ne</strong></span> <span class='ocrx_word' id='word_1_165' title='bbox 927 3052 1114 3116; x_wconf 91' lang='lat' dir='ltr'><strong>nascebatur</strong></span> <span class='ocrx_word' id='word_1_166' title='bbox 1147 3051 1277 3136; x_wconf 90' lang='lat' dir='ltr'><strong>quidem</strong></span> <span class='ocrx_word' id='word_1_167' title='bbox 1313 3061 1389 3116; x_wconf 91' lang='lat' dir='ltr'><strong>tenc</strong></span> <span class='ocrx_word' id='word_1_168' title='bbox 1424 3054 1579 3136; x_wconf 89' lang='lat' dir='ltr'><strong>temperis</strong></span> <span class='ocrx_word' id='word_1_169' title='bbox 1614 3054 1763 3135; x_wconf 91' lang='lat' dir='ltr'><strong>suspicio.</strong></span> <span class='ocrx_word' id='word_1_170' title='bbox 1805 3050 1867 3115; x_wconf 80' lang='lat' dir='ltr'><strong>Sed</strong></span> <span class='ocrx_word' id='word_1_171' title='bbox 1900 3054 1971 3135; x_wconf 90' lang='lat' dir='ltr'><strong>ipsa</strong></span> 
     </span>
     <span class='ocr_line' id='line_1_23' title="bbox 781 3154 1972 3241; baseline -0.001 -21"><span class='ocrx_word' id='word_1_172' title='bbox 781 3160 908 3241; x_wconf 86' lang='lat' dir='ltr'><strong>imago,</strong></span> <span class='ocrx_word' id='word_1_173' title='bbox 941 3177 1003 3240; x_wconf 91' lang='lat' dir='ltr'><strong>qua</strong></span> <span class='ocrx_word' id='word_1_174' title='bbox 1033 3178 1108 3220; x_wconf 90' lang='lat' dir='ltr'><strong>usus</strong></span> <span class='ocrx_word' id='word_1_175' title='bbox 1131 3157 1235 3221; x_wconf 83' lang='lat' dir='ltr'><strong>fuerat</strong></span> <span class='ocrx_word' id='word_1_176' title='bbox 1258 3160 1362 3240; x_wconf 91' lang='lat' dir='ltr'><strong>isqui</strong></span> <span class='ocrx_word' id='word_1_177' title='bbox 1388 3177 1503 3221; x_wconf 79' lang='lat' dir='ltr'><strong>narem</strong></span> <span class='ocrx_word' id='word_1_178' title='bbox 1529 3154 1676 3220; x_wconf 89' lang='lat' dir='ltr'><strong>bellicam</strong></span> <span class='ocrx_word' id='word_1_179' title='bbox 1700 3159 1823 3240; x_wconf 89' lang='lat' dir='ltr'><strong>primus</strong></span> <span class='ocrx_word' id='word_1_180' title='bbox 1846 3159 1972 3220; x_wconf 86' lang='lat' dir='ltr'><strong>vocavit</strong></span> 
     </span>
     <span class='ocr_line' id='line_1_24' title="bbox 782 3260 1971 3346; baseline -0.003 -20"><span class='ocrx_word' id='word_1_181' title='bbox 782 3282 902 3345; x_wconf 90' lang='lat' dir='ltr'><strong>equum</strong></span> <span class='ocrx_word' id='word_1_182' title='bbox 936 3260 1099 3346; x_wconf 90' lang='lat' dir='ltr'><strong>ligneum,</strong></span> <span class='ocrx_word' id='word_1_183' title='bbox 1135 3282 1237 3345; x_wconf 90' lang='lat' dir='ltr'><strong>neque</strong></span> <span class='ocrx_word' id='word_1_184' title='bbox 1271 3268 1347 3324; x_wconf 91' lang='lat' dir='ltr'><strong>tnnc</strong></span> <span class='ocrx_word' id='word_1_185' title='bbox 1381 3267 1448 3325; x_wconf 88' lang='lat' dir='ltr'><strong>erat</strong></span> <span class='ocrx_word' id='word_1_186' title='bbox 1482 3264 1694 3325; x_wconf 87' lang='lat' dir='ltr'><strong>intermortua</strong></span> <span class='ocrx_word' id='word_1_187' title='bbox 1729 3281 1830 3344; x_wconf 89' lang='lat' dir='ltr'><strong>neque</strong></span> <span class='ocrx_word' id='word_1_188' title='bbox 1861 3266 1971 3344; x_wconf 90' lang='lat' dir='ltr'><strong>postea</strong></span> 
     </span>
     <span class='ocr_line' id='line_1_25' title="bbox 783 3365 1971 3451; baseline 0 -23"><span class='ocrx_word' id='word_1_189' title='bbox 783 3369 878 3450; x_wconf 89' lang='lat' dir='ltr'><strong>periit</strong></span> <span class='ocrx_word' id='word_1_190' title='bbox 913 3386 1065 3450; x_wconf 89' lang='lat' dir='ltr'><strong>unquam.</strong></span> <span class='ocrx_word' id='word_1_191' title='bbox 1101 3366 1221 3430; x_wconf 82' lang='lat' dir='ltr'><strong>Eodem</strong></span> <span class='ocrx_word' id='word_1_192' title='bbox 1256 3370 1344 3429; x_wconf 90' lang='lat' dir='ltr'><strong>enim</strong></span> <span class='ocrx_word' id='word_1_193' title='bbox 1374 3365 1522 3450; x_wconf 92' lang='lat' dir='ltr'><strong>loquendi</strong></span> <span class='ocrx_word' id='word_1_194' title='bbox 1554 3387 1670 3451; x_wconf 91' lang='lat' dir='ltr'><strong>genere</strong></span> <span class='ocrx_word' id='word_1_195' title='bbox 1700 3386 1758 3428; x_wconf 90' lang='lat' dir='ltr'><strong>usa</strong></span> <span class='ocrx_word' id='word_1_196' title='bbox 1788 3381 1837 3428; x_wconf 90' lang='lat' dir='ltr'><strong>est</strong></span> <span class='ocrx_word' id='word_1_197' title='bbox 1858 3365 1971 3451; x_wconf 84' lang='lat' dir='ltr'><strong>pythia</strong></span> 
     </span>
     <span class='ocr_line' id='line_1_26' title="bbox 782 3469 1972 3554; baseline -0.001 -20"><span class='ocrx_word' id='word_1_198' title='bbox 782 3469 936 3554; x_wconf 91' lang='lat' dir='ltr'><strong>Delphica</strong></span> <span class='ocrx_word' id='word_1_199' title='bbox 966 3492 1040 3534; x_wconf 90' lang='lat' dir='ltr'><strong>cum</strong></span> <span class='ocrx_word' id='word_1_200' title='bbox 1070 3472 1179 3552; x_wconf 63' lang='lat' dir='ltr'><strong>ligneis</strong></span> <span class='ocrx_word' id='word_1_201' title='bbox 1209 3472 1356 3534; x_wconf 66' lang='lat' dir='ltr'><strong>aasentias</strong></span> <span class='ocrx_word' id='word_1_202' title='bbox 1386 3471 1533 3535; x_wconf 89' lang='lat' dir='ltr'><strong>barbaros</strong></span> <span class='ocrx_word' id='word_1_203' title='bbox 1564 3471 1602 3534; x_wconf 91' lang='lat' dir='ltr'><strong>ab</strong></span> <span class='ocrx_word' id='word_1_204' title='bbox 1632 3470 1876 3534; x_wconf 85' lang='lat' dir='ltr'><strong>Atheniensium</strong></span> <span class='ocrx_word' id='word_1_205' title='bbox 1901 3491 1972 3534; x_wconf 89' lang='lat' dir='ltr'><strong>arce</strong></span> 
     </span>
     <span class='ocr_line' id='line_1_27' title="bbox 782 3573 1972 3660; baseline -0.001 -22"><span class='ocrx_word' id='word_1_206' title='bbox 782 3573 918 3660; x_wconf 90' lang='lat' dir='ltr'><strong>propelli</strong></span> <span class='ocrx_word' id='word_1_207' title='bbox 949 3579 1061 3651; x_wconf 88' lang='lat' dir='ltr'><strong>iussit,</strong></span> <span class='ocrx_word' id='word_1_208' title='bbox 1095 3584 1126 3640; x_wconf 92' lang='lat' dir='ltr'><strong>et</strong></span> <span class='ocrx_word' id='word_1_209' title='bbox 1149 3574 1225 3640; x_wconf 91' lang='lat' dir='ltr'><strong>licet</strong></span> <span class='ocrx_word' id='word_1_210' title='bbox 1249 3586 1325 3640; x_wconf 93' lang='lat' dir='ltr'><strong>tune</strong></span> <span class='ocrx_word' id='word_1_211' title='bbox 1349 3597 1474 3659; x_wconf 92' lang='lat' dir='ltr'><strong>queque</strong></span> <span class='ocrx_word' id='word_1_212' title='bbox 1497 3575 1595 3638; x_wconf 86' lang='lat' dir='ltr'><strong>multi</strong></span> <span class='ocrx_word' id='word_1_213' title='bbox 1620 3575 1756 3651; x_wconf 85' lang='lat' dir='ltr'><strong>fuerint,</strong></span> <span class='ocrx_word' id='word_1_214' title='bbox 1779 3577 1813 3637; x_wconf 95' lang='lat' dir='ltr'><strong>in</strong></span> <span class='ocrx_word' id='word_1_215' title='bbox 1836 3575 1886 3639; x_wconf 90' lang='lat' dir='ltr'><strong>his</strong></span> <span class='ocrx_word' id='word_1_216' title='bbox 1908 3576 1972 3659; x_wconf 91' lang='lat' dir='ltr'><strong>ipsi</strong></span> 
     </span>
     <span class='ocr_line' id='line_1_28' title="bbox 782 3678 1971 3764; baseline 0 -22"><span class='ocrx_word' id='word_1_217' title='bbox 782 3680 1012 3761; x_wconf 74' lang='grc' dir='ltr'><strong>χρησμολόγοι,</strong></span> <span class='ocrx_word' id='word_1_218' title='bbox 1045 3683 1100 3764; x_wconf 91' lang='lat' dir='ltr'><strong>qul</strong></span> <span class='ocrx_word' id='word_1_219' title='bbox 1131 3680 1180 3744; x_wconf 91' lang='lat' dir='ltr'><strong>dei</strong></span> <span class='ocrx_word' id='word_1_220' title='bbox 1211 3683 1418 3764; x_wconf 86' lang='lat' dir='ltr'><strong>interpretem</strong></span> <span class='ocrx_word' id='word_1_221' title='bbox 1450 3700 1506 3763; x_wconf 88' lang='lat' dir='ltr'><strong>per</strong></span> <span class='ocrx_word' id='word_1_222' title='bbox 1535 3681 1710 3763; x_wconf 85' lang='lat' dir='ltr'><strong>imaginem</strong></span> <span class='ocrx_word' id='word_1_223' title='bbox 1734 3678 1880 3743; x_wconf 91' lang='lat' dir='ltr'><strong>locutum</strong></span> <span class='ocrx_word' id='word_1_224' title='bbox 1904 3699 1971 3742; x_wconf 86' lang='lat' dir='ltr'><strong>esse</strong></span> 
     </span>
     <span class='ocr_line' id='line_1_29' title="bbox 782 3781 1971 3860; baseline -0.004 -10"><span class='ocrx_word' id='word_1_225' title='bbox 782 3807 847 3850; x_wconf 93' lang='lat' dir='ltr'><strong>non</strong></span> <span class='ocrx_word' id='word_1_226' title='bbox 870 3788 1042 3860; x_wconf 87' lang='lat' dir='ltr'><strong>sentirent,</strong></span> <span class='ocrx_word' id='word_1_227' title='bbox 1067 3784 1315 3849; x_wconf 82' lang='lat' dir='ltr'><strong>Themistoclem</strong></span> <span class='ocrx_word' id='word_1_228' title='bbox 1340 3793 1424 3850; x_wconf 88' lang='lat' dir='ltr'><strong>certe</strong></span> <span class='ocrx_word' id='word_1_229' title='bbox 1446 3781 1567 3860; x_wconf 75' lang='grc' dir='ltr'><strong><em>ἄριστον</em></strong></span> <span class='ocrx_word' id='word_1_230' title='bbox 1590 3782 1685 3847; x_wconf 91' lang='lat' dir='ltr'><strong>illum</strong></span> <span class='ocrx_word' id='word_1_231' title='bbox 1709 3784 1853 3855; x_wconf 69' lang='grc' dir='ltr'><strong>εἰκαοπὴυ</strong></span> <span class='ocrx_word' id='word_1_232' title='bbox 1877 3804 1971 3848; x_wconf 86' lang='lat' dir='ltr'><strong>verus</strong></span> 
     </span>
     <span class='ocr_line' id='line_1_30' title="bbox 782 3890 1460 3975; baseline -0.006 -19"><span class='ocrx_word' id='word_1_233' title='bbox 782 3891 955 3956; x_wconf 88' lang='lat' dir='ltr'><strong>locutionis</strong></span> <span class='ocrx_word' id='word_1_234' title='bbox 978 3893 1120 3975; x_wconf 90' lang='lat' dir='ltr'><strong>poeticae</strong></span> <span class='ocrx_word' id='word_1_235' title='bbox 1144 3911 1254 3955; x_wconf 88' lang='lat' dir='ltr'><strong>sensus</strong></span> <span class='ocrx_word' id='word_1_236' title='bbox 1278 3912 1340 3954; x_wconf 92' lang='lat' dir='ltr'><strong>non</strong></span> <span class='ocrx_word' id='word_1_237' title='bbox 1365 3890 1460 3975; x_wconf 84' lang='lat' dir='ltr'><strong>fugit.</strong></span> 
     </span>
    </p>

    <p class='ocr_par' dir='ltr' id='par_1_5' title="bbox 782 3991 1972 4293">
     <span class='ocr_line' id='line_1_31' title="bbox 830 3991 1972 4080; baseline -0.003 -21"><span class='ocrx_word' id='word_1_238' title='bbox 830 3997 965 4080; x_wconf 88' lang='lat' dir='ltr'><strong>Propius</strong></span> <span class='ocrx_word' id='word_1_239' title='bbox 997 3998 1094 4058; x_wconf 84' lang='lat' dir='ltr'><strong>etiem</strong></span> <span class='ocrx_word' id='word_1_240' title='bbox 1127 3995 1165 4058; x_wconf 93' lang='lat' dir='ltr'><strong>ad</strong></span> <span class='ocrx_word' id='word_1_241' title='bbox 1198 4003 1297 4058; x_wconf 80' lang='grc' dir='ltr'><strong><em>κοῖλον</em></strong></span> <span class='ocrx_word' id='word_1_242' title='bbox 1320 3993 1416 4059; x_wconf 88' lang='lat' dir='ltr'><strong>illum</strong></span> <span class='ocrx_word' id='word_1_243' title='bbox 1440 3993 1536 4073; x_wconf 77' lang='grc' dir='ltr'><strong><em>λόχου</em></strong></span> <span class='ocrx_word' id='word_1_244' title='bbox 1560 3999 1612 4057; x_wconf 85' lang='grc' dir='ltr'><strong>τοῦ</strong></span> <span class='ocrx_word' id='word_1_245' title='bbox 1636 3992 1747 4067; x_wconf 76' lang='grc' dir='ltr'><strong><em>ξεστοῦ</em></strong></span> <span class='ocrx_word' id='word_1_246' title='bbox 1771 3991 1865 4056; x_wconf 74' lang='grc' dir='ltr'><strong><em>ἵππου</em></strong></span> <span class='ocrx_word' id='word_1_247' title='bbox 1889 4013 1972 4057; x_wconf 80' lang='lat' dir='ltr'><strong>acce</strong></span> 
     </span>
     <span class='ocr_line' id='line_1_32' title="bbox 782 4097 1969 4184; baseline -0.004 -18"><span class='ocrx_word' id='word_1_248' title='bbox 782 4103 864 4167; x_wconf 92' lang='lat' dir='ltr'><strong>dunt</strong></span> <span class='ocrx_word' id='word_1_249' title='bbox 894 4101 991 4165; x_wconf 88' lang='lat' dir='ltr'><strong>verba</strong></span> <span class='ocrx_word' id='word_1_250' title='bbox 1013 4103 1157 4164; x_wconf 89' lang='lat' dir='ltr'><strong>vaticinii</strong></span> <span class='ocrx_word' id='word_1_251' title='bbox 1181 4098 1345 4184; x_wconf 88' lang='lat' dir='ltr'><strong>aliquante</strong></span> <span class='ocrx_word' id='word_1_252' title='bbox 1368 4103 1475 4163; x_wconf 91' lang='lat' dir='ltr'><strong>minus</strong></span> <span class='ocrx_word' id='word_1_253' title='bbox 1498 4102 1566 4163; x_wconf 91' lang='lat' dir='ltr'><strong>neti</strong></span> <span class='ocrx_word' id='word_1_254' title='bbox 1589 4121 1645 4162; x_wconf 91' lang='lat' dir='ltr'><strong>nec</strong></span> <span class='ocrx_word' id='word_1_255' title='bbox 1668 4107 1774 4163; x_wconf 89' lang='lat' dir='ltr'><strong>tamen</strong></span> <span class='ocrx_word' id='word_1_256' title='bbox 1799 4097 1969 4183; x_wconf 91' lang='lat' dir='ltr'><strong>ignobilis,</strong></span> 
     </span>
     <span class='ocr_line' id='line_1_33' title="bbox 783 4203 1662 4293; baseline -0.006 -21"><span class='ocrx_word' id='word_1_257' title='bbox 783 4228 847 4293; x_wconf 90' lang='lat' dir='ltr'><strong>que</strong></span> <span class='ocrx_word' id='word_1_258' title='bbox 870 4206 1019 4290; x_wconf 82' lang='lat' dir='ltr'><strong>Siphnies</strong></span> <span class='ocrx_word' id='word_1_259' title='bbox 1043 4226 1061 4268; x_wconf 92' lang='lat' dir='ltr'><strong>a</strong></span> <span class='ocrx_word' id='word_1_260' title='bbox 1084 4203 1253 4289; x_wconf 72' lang='lat' dir='ltr'><strong>Polycrate</strong></span> <span class='ocrx_word' id='word_1_261' title='bbox 1277 4225 1388 4269; x_wconf 78' lang='lat' dir='ltr'><strong>carere</strong></span> <span class='ocrx_word' id='word_1_262' title='bbox 1411 4206 1506 4268; x_wconf 90' lang='lat' dir='ltr'><strong>iussit</strong></span> <span class='ocrx_word' id='word_1_263' title='bbox 1530 4203 1662 4289; x_wconf 86' lang='lat' dir='ltr'><strong>pythia:</strong></span> 
     </span>
    </p>
   </div>
   <div class='ocr_carea' id='block_1_3' title="bbox 784 4400 980 4416">
    <p class='ocr_par' dir='ltr' id='par_1_6' title="bbox 784 4400 980 4416">
     <span class='ocr_line' id='line_1_34' title="bbox 784 4400 980 4416; baseline -0.02 0"><span class='ocrx_word' id='word_1_264' title='bbox 784 4400 980 4416; x_wconf 47' lang='lat' dir='ltr'><strong>——ffl</strong></span> 
     </span>
    </p>
   </div>
   <div class='ocr_carea' id='block_1_4' title="bbox 784 4538 1967 4928">
    <p class='ocr_par' dir='ltr' id='par_1_7' title="bbox 818 4538 1281 4603">
     <span class='ocr_line' id='line_1_35' title="bbox 818 4538 1281 4603; baseline -0.002 -14"><span class='ocrx_word' id='word_1_265' title='bbox 818 4541 845 4603; x_wconf 89' lang='lat' dir='ltr'><strong>l)</strong></span> <span class='ocrx_word' id='word_1_266' title='bbox 863 4538 917 4587; x_wconf 83' lang='lat' dir='ltr'><strong>Vid.</strong></span> <span class='ocrx_word' id='word_1_267' title='bbox 935 4554 953 4587; x_wconf 84' lang='lat' dir='ltr'><strong>e.</strong></span> <span class='ocrx_word' id='word_1_268' title='bbox 964 4556 987 4601; x_wconf 78' lang='lat' dir='ltr'><strong>g.</strong></span> <span class='ocrx_word' id='word_1_269' title='bbox 1004 4538 1126 4602; x_wconf 69' lang='lat' dir='ltr'><strong>Andepb.</strong></span> <span class='ocrx_word' id='word_1_270' title='bbox 1145 4540 1190 4586; x_wconf 78' lang='lat' dir='ltr'><strong>Ar.</strong></span> <span class='ocrx_word' id='word_1_271' title='bbox 1207 4538 1281 4588; x_wconf 83' lang='lat' dir='ltr'><strong>llas.</strong></span> 
     </span>
    </p>

    <p class='ocr_par' dir='ltr' id='par_1_8' title="bbox 818 4620 1009 4684">
     <span class='ocr_line' id='line_1_36' title="bbox 818 4620 1009 4684; baseline -0.016 -14"><span class='ocrx_word' id='word_1_272' title='bbox 818 4623 846 4684; x_wconf 81' lang='lat'><strong>2)</strong></span> <span class='ocrx_word' id='word_1_273' title='bbox 865 4620 951 4668; x_wconf 71' lang='grc' dir='ltr'>ΤΙ-0011.</span> <span class='ocrx_word' id='word_1_274' title='bbox 971 4621 1009 4667; x_wconf 84' lang='grc'><strong>14.</strong></span> 
     </span>
    </p>

    <p class='ocr_par' dir='ltr' id='par_1_9' title="bbox 819 4702 1108 4765">
     <span class='ocr_line' id='line_1_37' title="bbox 819 4702 1108 4765; baseline -0.003 -14"><span class='ocrx_word' id='word_1_275' title='bbox 819 4703 846 4765; x_wconf 76' lang='grc'><strong>3)</strong></span> <span class='ocrx_word' id='word_1_276' title='bbox 863 4702 913 4750; x_wconf 71' lang='lat' dir='ltr'><strong>Hel</strong></span> <span class='ocrx_word' id='word_1_277' title='bbox 930 4703 1108 4763; x_wconf 62' lang='lat' dir='ltr'><strong>mesmes-d.</strong></span> 
     </span>
    </p>

    <p class='ocr_par' dir='ltr' id='par_1_10' title="bbox 784 4776 1967 4928">
     <span class='ocr_line' id='line_1_38' title="bbox 817 4776 1967 4847; baseline -0.005 -16"><span class='ocrx_word' id='word_1_278' title='bbox 817 4785 846 4847; x_wconf 78' lang='lat'><strong>4)</strong></span> <span class='ocrx_word' id='word_1_279' title='bbox 863 4781 982 4846; x_wconf 73' lang='lat' dir='ltr'><strong>Suspicari</strong></span> <span class='ocrx_word' id='word_1_280' title='bbox 999 4781 1074 4843; x_wconf 82' lang='lat' dir='ltr'><strong>igitur</strong></span> <span class='ocrx_word' id='word_1_281' title='bbox 1091 4783 1146 4830; x_wconf 84' lang='lat' dir='ltr'><strong>licet</strong></span> <span class='ocrx_word' id='word_1_282' title='bbox 1163 4780 1210 4829; x_wconf 79' lang='lat' dir='ltr'><strong>iare</strong></span> <span class='ocrx_word' id='word_1_283' title='bbox 1227 4780 1270 4829; x_wconf 90' lang='lat' dir='ltr'><strong>ille</strong></span> <span class='ocrx_word' id='word_1_284' title='bbox 1287 4795 1359 4838; x_wconf 82' lang='lat' dir='ltr'><strong>aevo,</strong></span> <span class='ocrx_word' id='word_1_285' title='bbox 1376 4782 1403 4827; x_wconf 86' lang='lat' dir='ltr'><strong>nt</strong></span> <span class='ocrx_word' id='word_1_286' title='bbox 1421 4781 1517 4842; x_wconf 78' lang='lat' dir='ltr'><strong>pestes,</strong></span> <span class='ocrx_word' id='word_1_287' title='bbox 1534 4793 1615 4826; x_wconf 83' lang='lat' dir='ltr'><strong>recem</strong></span> <span class='ocrx_word' id='word_1_288' title='bbox 1631 4776 1807 4840; x_wconf 63' lang='lat' dir='ltr'><strong>inpactorum</strong></span> <span class='ocrx_word' id='word_1_289' title='bbox 1823 4777 1967 4838; x_wconf 65' lang='grc' dir='ltr'><strong>Ὁμηρικῶς</strong></span> 
     </span>
     <span class='ocr_line' id='line_1_39' title="bbox 784 4859 1429 4928; baseline -0.008 -15"><span class='ocrx_word' id='word_1_290' title='bbox 784 4866 855 4913; x_wconf 81' lang='lat' dir='ltr'><strong>inisse</strong></span> <span class='ocrx_word' id='word_1_291' title='bbox 871 4867 1011 4920; x_wconf 70' lang='lat' dir='ltr'><strong>tractatam</strong></span> <span class='ocrx_word' id='word_1_292' title='bbox 1029 4863 1076 4911; x_wconf 83' lang='lat' dir='ltr'><strong>uid.</strong></span> <span class='ocrx_word' id='word_1_293' title='bbox 1092 4865 1203 4928; x_wconf 78' lang='lat' dir='ltr'><strong>Apellen.</strong></span> <span class='ocrx_word' id='word_1_294' title='bbox 1222 4862 1267 4910; x_wconf 84' lang='lat' dir='ltr'><strong>lex.</strong></span> <span class='ocrx_word' id='word_1_295' title='bbox 1286 4879 1305 4910; x_wconf 88' lang='lat' dir='ltr'><strong>s.</strong></span> <span class='ocrx_word' id='word_1_296' title='bbox 1324 4878 1346 4909; x_wconf 83' lang='lat' dir='ltr'><strong>v.</strong></span> <span class='ocrx_word' id='word_1_297' title='bbox 1365 4859 1429 4921; x_wconf 76' lang='grc' dir='ltr'><strong><em>δόρυ.</em></strong></span> 
     </span>
    </p>
   </div>
   <div class='ocr_carea' id='block_1_5' title="bbox 0 0 2568 6148">
    <p class='ocr_par' dir='ltr' id='par_1_11' title="bbox 0 0 2568 6148">
     <span class='ocr_line' id='line_1_40' title="bbox 0 0 2568 6148; baseline 0 0"><span class='ocrx_word' id='word_1_298' title='bbox 0 0 2568 6148; x_wconf 95' lang='lat' dir='ltr'><strong> </strong></span> 
     </span>
    </p>
   </div>
  </div>
 </body>
</html>
