5125 6150
1109 826 1273 875 nummus.
1720 811 1783 879 173

597 991 677 1055 νεία.
708 989 841 1076 Aliquid
865 989 983 1055 excidit
1007 995 1039 1055 et
1062 989 1292 1076 supplendum:
1318 991 1348 1054 ἐν
1370 999 1440 1062 ταῖς
1465 1000 1709 1073 (Ποντικαῖς)
1732 993 1782 1058 πί-

598 1111 694 1163 λισιν.
719 1096 773 1162 Sic
796 1103 880 1163 recte
904 1117 998 1162 mox:
1022 1097 1147 1175 μοίλιςα
1167 1100 1225 1162 τῶν
1244 1104 1394 1163 Ποντικῶν
1411 1096 1528 1162 πίλιων
1546 1101 1688 1185 itemque
1700 1101 1717 1184 ξ
1729 1101 1783 1165 41.

642 1319 661 1402 §
680 1317 743 1382 25:
769 1318 838 1396 ίμῖιι
861 1317 919 1389 τὰς
946 1319 1103 1396 ἐρωτήσεις
1122 1324 1180 1384 τῶν
1202 1318 1379 1396 προσιόντων
1402 1320 1577 1390 συνετὰς
1600 1321 1652 1385 καί
1673 1345 1784 1389 πεπαι-

599 1424 759 1503 δευμένας.
783 1425 865 1490 Item
890 1424 1011 1511 aliquid
1034 1425 1168 1491 excidit:
1191 1424 1381 1512 legendum:
1406 1423 1530 1508 (οὕτω)
1553 1428 1692 1501 σννεποίς.

1071 1625 1119 1689 Dc
1140 1623 1315 1689 Sattatioue.

641 1811 660 1892 ς
681 1809 734 1874 11.
760 1807 937 1874 Disseritnr
955 1807 993 1872 de
1012 1807 1135 1872 duabus
1153 1806 1383 1894 Spartanorum
1394 1808 1574 1874 cantilenis:
1595 1808 1647 1874 καί
1661 1810 1783 1890 ίιίτιςον

598 1917 629 1981 δὲ
662 1923 720 1980 τῶν
746 1916 897 1999 ᾀσμάτων
920 1951 962 1963 -
988 1914 1038 1979 δύο
1062 1913 1125 1992 γὰρ
1149 1914 1258 1997 ᾄδεται
1283 1950 1326 1963 -
1350 1914 1401 1978 καί
1428 1914 1631 1980 διδασκαλίαν
1654 1915 1721 1997 ἔχει
1743 1920 1781 1992 ὥς

596 2022 658 2103 χρὴ
681 2022 849 2101 ίρχεῒσίαι.
874 2019 973 2099 nipe
997 2019 1078 2099 γάρ,
1103 2029 1211 2099 φασιν,
1235 2016 1256 2084 ὦ
1281 2020 1409 2099 παῖδας,
1434 2020 1537 2086 πίδα
1562 2022 1781 2101 μετάβατε

595 2129 647 2193 καί
681 2127 908 2205 κωμάξατε
934 2127 1119 2205 βέλτιον,
1151 2127 1287 2193 τουτίςιν
1318 2125 1441 2198 ἄμεινον
1472 2126 1715 2208 ὀρχήσασθε.
1738 2131 1782 2196 Et

592 2257 687 2301 sensu
722 2255 822 2300 uacua
857 2233 954 2299 verbe
988 2239 1064 2298 sunt
1098 2238 1128 2297 et
1164 2231 1315 2298 credibile
1351 2241 1399 2298 est
1431 2232 1578 2299 Doricam
1610 2234 1782 2302 dialectum

593 2339 693 2405 latere
724 2361 780 2404 neo
810 2345 942 2426 apparet
972 2360 1029 2403 cur
1057 2337 1235 2424 explicetur
1257 2337 1445 2404 adverbium
1467 2339 1601 2417 βέλτιον,
1625 2342 1709 2426 quod
1731 2366 1784 2410 ne-

594 2449 676 2513 mini
708 2448 879 2513 obscurum
911 2466 978 2511 esse
1007 2453 1123 2531 potest.
1154 2444 1212 2509 Est
1240 2448 1391 2511 correctio
1422 2445 1590 2511 facillima:
1622 2446 1781 2527 τίρςω,ιδ

592 2554 725 2631 παῖδος,
750 2552 968 2627 πεδοίβωτι
992 2551 1045 2616 καί
1070 2549 1305 2629 κωμαξεῒτι
1329 2552 1508 2628 βίντιον,
1533 2550 1669 2619 τοντίςιν
1693 2553 1782 2628 οίμιι·

592 2685 641 2726 νον
668 2662 900 2739 ίρχιίσεσίε.
930 2658 977 2724 De
997 2661 1227 2744 praepositione
1249 2658 1329 2723 πιδιί
1358 2658 1532 2722 Abrensius
1555 2657 1637 2723 dixit
1659 2681 1690 2745 p.
1715 2659 1780 2727 360

590 2776 624 2834 et
650 2767 689 2833 de
713 2767 815 2832 forma
835 2764 955 2842 βὲιπιοι
978 2787 1010 2851 p.
1036 2763 1113 2830 110.
1164 2847 1166 2850 Ι

639 2987 656 3070 §
679 2984 738 3050 19:
769 2982 853 3063 ἄξιον
876 2984 925 3062 δί,
956 2982 1023 3049 ἐπεί
1048 2985 1102 3056 τίιν
1124 2982 1248 3055 Ἰιδικίιν
1272 2982 1323 3046 καί
1346 2985 1402 3057 τίνι
1426 2984 1584 3049 Αίίιοπίαν
1608 2983 1780 3062 διεξεληλύ-

591 3095 702 3171 ίαμεν,
723 3091 774 3157 καί
796 3094 828 3163 ἐς
847 3094 901 3168 τίιν
920 3093 1046 3170 γείτονα
1068 3093 1168 3156 αὐτῶν
1190 3088 1350 3168 Αἴγυπτον
1369 3093 1602 3168 καταβῆναι
1621 3095 1663 3171 τῷ
1683 3092 1777 3175 λίνῳ.

589 3198 652 3264 Vel
677 3219 757 3284 puer
779 3201 934 3284 corrigat:
959 3196 1208 3275 μεταβῆναι.

636 3418 738 3503 524:
768 3416 903 3488 Ἠσίοδος
935 3417 1001 3482 ίδιδν
1032 3416 1124 3487 αὐτὸς
1156 3417 1241 3488 εὐθὺς
1274 3417 1527 3497 δρχονμίνας
1552 3417 1611 3487 τίις
1635 3418 1776 3490 Μούσας.

591 3525 682 3590 Vidit
706 3545 781 3589 sane
804 3523 915 3600 Musas
938 3522 1105 3601 saltantes,
1130 3523 1214 3608 quod
1237 3526 1305 3609 ipse
1328 3527 1471 3589 narravit
1489 3531 1521 3590 et
1539 3524 1672 3589 Hesiodi
1692 3528 1779 3591 testi-

589 3633 738 3696 monium
758 3651 833 3694 mox
850 3633 919 3715 ipse
939 3630 1099 3696 Lucienus
1118 3629 1221 3706 affert,
1242 3628 1297 3693 sed
1318 3630 1416 3706 vidit,
1437 3629 1545 3709 credo,
1566 3631 1651 3701 εὐθὺς
1674 3631 1778 3709 ἐμοί·

588 3760 721 3816 μενος.
747 3734 838 3803 Ooni.
862 3736 908 3802 M.
935 3734 1078 3803 Caesaris
1101 3736 1139 3800 ad
1163 3735 1355 3801 Frontonem
1379 3735 1480 3821 Epist.
1506 3735 1529 3800 I.
1555 3735 1586 3801 5.
1610 3758 1641 3822 p.
1669 3736 1719 3801 11.

637 3960 656 4042 §
675 3957 730 4022 25.
756 3956 900 4022 Socrates
923 3959 996 4033 παρ’
1021 3954 1144 4033 ἑταίρας
1168 3955 1313 4030 γννωικδς
1338 3955 1390 4020 οὐκ
1413 3955 1543 4032 οίπκξίον
1564 3956 1725 4021 σπονδαῖίν
1746 3982 1775 4021 τι

589 4065 733 4128 ἑκοῦσαι.
764 4061 858 4127 Haud
882 4082 944 4126 uno
969 4062 1097 4126 nomine
1121 4059 1268 4146 displicet
1292 4059 1375 4145 quod
1398 4061 1595 4147 adscriptum
1618 4068 1681 4127 est:
1706 4068 1775 4133 τῆς

587 4169 833 4241 Ἀσπασίας.
865 4165 1062 4234 Crediderim
1094 4166 1241 4252 equidem
1269 4165 1445 4232 Dictimam
1469 4170 1574 4253 magis
1597 4167 1777 4253 intelligen-

588 4278 664 4343 dam
690 4296 768 4341 esse.

636 4492 736 4578 529:
772 4494 789 4567 ιὶ
821 4489 964 4569 κωμῳδία
1000 4489 1035 4555 τδ
1071 4491 1294 4568 καταμίλαπον
1329 4491 1416 4570 μίρος
1450 4494 1504 4555 τοῦ
1539 4494 1666 4568 τερπνοῦ
1695 4491 1774 4571 αὐτῇ

588 4600 810 4673 νειίμικιν.
844 4598 979 4664 Prorsus
1009 4619 1072 4663 non
1102 4596 1252 4685 intelligo
1284 4619 1340 4662 cur
1371 4598 1506 4662 editores
1527 4599 1714 4662 recesserint
1736 4600 1776 4664 ab

585 4707 723 4774 lectione
742 4726 824 4791 quae
850 4704 928 4770 olim
954 4705 1253 4770 circumferebatur:
1279 4704 1504 4779 νενίμνκεν.

632 4924 733 5010 §4l:
767 4921 893 5002 Κάδμον
925 4922 1073 5002 ἐπιδημία
1104 4922 1155 4987 καί
1185 4924 1256 4999 βοὸς
1280 4921 1418 4995 ὄκλασις.
1442 4923 1504 4990 Hic
1527 4925 1615 4992 venit
1638 4923 1719 4990 mihi
1741 4926 1775 4989 in
