<?xml version="1.0" encoding="UTF-8"?>
<!DOCTYPE html PUBLIC "-//W3C//DTD XHTML 1.0 Transitional//EN"
    "http://www.w3.org/TR/xhtml1/DTD/xhtml1-transitional.dtd">
<html xmlns="http://www.w3.org/1999/xhtml" xml:lang="en" lang="en">
 <head>
  <title>
</title>
<meta http-equiv="Content-Type" content="text/html;charset=utf-8" />
  <meta name='ocr-system' content='tesseract 3.04.00' />
  <meta name='ocr-capabilities' content='ocr_page ocr_carea ocr_par ocr_line ocrx_word'/>
</head>
<body>
  <div class='ocr_page' id='page_1' title='image "./mnemosyne04verdgoog_0440.png"; bbox 0 0 5125 6150; ppageno 0'>
   <div class='ocr_carea' id='block_1_1' title="bbox 1124 832 1776 898">
    <p class='ocr_par' dir='ltr' id='par_1_1' title="bbox 1124 832 1776 898">
     <span class='ocr_line' id='line_1_1' title="bbox 1124 832 1776 898; baseline 0.011 -8"><span class='ocrx_word' id='word_1_1' title='bbox 1124 843 1245 892; x_wconf 79' lang='lat' dir='ltr'>nrsrns.</span> <span class='ocrx_word' id='word_1_2' title='bbox 1710 832 1776 898; x_wconf 82' lang='lat'>443</span> 
     </span>
    </p>
   </div>
   <div class='ocr_carea' id='block_1_2' title="bbox 580 1007 1777 2797">
    <p class='ocr_par' dir='ltr' id='par_1_2' title="bbox 580 1007 1777 2797">
     <span class='ocr_line' id='line_1_2' title="bbox 583 1007 1774 1093; baseline 0.004 -18"><span class='ocrx_word' id='word_1_3' title='bbox 583 1009 804 1075; x_wconf 82' lang='lat' dir='ltr'>Franckenius</span> <span class='ocrx_word' id='word_1_4' title='bbox 833 1016 865 1073; x_wconf 88' lang='lat' dir='ltr'>et</span> <span class='ocrx_word' id='word_1_5' title='bbox 895 1007 1003 1072; x_wconf 87' lang='lat' dir='ltr'>locum</span> <span class='ocrx_word' id='word_1_6' title='bbox 1033 1010 1190 1093; x_wconf 78' lang='lat' dir='ltr'>copiosius</span> <span class='ocrx_word' id='word_1_7' title='bbox 1214 1008 1403 1075; x_wconf 87' lang='lat' dir='ltr'>illustrando</span> <span class='ocrx_word' id='word_1_8' title='bbox 1428 1018 1460 1076; x_wconf 91' lang='lat' dir='ltr'>et</span> <span class='ocrx_word' id='word_1_9' title='bbox 1484 1016 1658 1078; x_wconf 88' lang='lat' dir='ltr'>sententiae</span> <span class='ocrx_word' id='word_1_10' title='bbox 1681 1016 1774 1081; x_wconf 89' lang='lat' dir='ltr'>initio</span> 
     </span>
     <span class='ocr_line' id='line_1_3' title="bbox 584 1115 1774 1201; baseline 0.005 -20"><span class='ocrx_word' id='word_1_11' title='bbox 584 1116 655 1181; x_wconf 76' lang='grc' dir='ltr'>καὶ</span> <span class='ocrx_word' id='word_1_12' title='bbox 679 1117 693 1179; x_wconf 77' lang='lat' dir='ltr'>l</span> <span class='ocrx_word' id='word_1_13' title='bbox 702 1121 774 1193; x_wconf 74' lang='grc' dir='ltr'>μου</span> <span class='ocrx_word' id='word_1_14' title='bbox 794 1116 900 1196; x_wconf 77' lang='grc' dir='ltr'><em>(κόμ.)</em></span> <span class='ocrx_word' id='word_1_15' title='bbox 920 1115 1117 1179; x_wconf 88' lang='lat' dir='ltr'>rescribendo</span> <span class='ocrx_word' id='word_1_16' title='bbox 1137 1136 1193 1200; x_wconf 90' lang='lat' dir='ltr'>pro</span> <span class='ocrx_word' id='word_1_17' title='bbox 1214 1137 1276 1201; x_wconf 92' lang='lat' dir='ltr'>qno</span> <span class='ocrx_word' id='word_1_18' title='bbox 1294 1116 1382 1183; x_wconf 88' lang='lat' dir='ltr'>codd.</span> <span class='ocrx_word' id='word_1_19' title='bbox 1402 1117 1526 1182; x_wconf 88' lang='lat' dir='ltr'>nudum</span> <span class='ocrx_word' id='word_1_20' title='bbox 1546 1119 1597 1183; x_wconf 77' lang='grc' dir='ltr'>καὶ</span> <span class='ocrx_word' id='word_1_21' title='bbox 1614 1121 1774 1199; x_wconf 79' lang='lat' dir='ltr'>exhibent,</span> 
     </span>
     <span class='ocr_line' id='line_1_4' title="bbox 583 1221 1775 1307; baseline 0.005 -20"><span class='ocrx_word' id='word_1_22' title='bbox 583 1226 620 1287; x_wconf 90' lang='lat' dir='ltr'>in</span> <span class='ocrx_word' id='word_1_23' title='bbox 645 1243 682 1288; x_wconf 93' lang='lat' dir='ltr'>eo</span> <span class='ocrx_word' id='word_1_24' title='bbox 702 1229 828 1288; x_wconf 90' lang='lat' dir='ltr'>tantum</span> <span class='ocrx_word' id='word_1_25' title='bbox 849 1221 1122 1307; x_wconf 88' lang='lat' dir='ltr'>reprehendendus</span> <span class='ocrx_word' id='word_1_26' title='bbox 1146 1221 1230 1307; x_wconf 86' lang='lat' dir='ltr'>qnod</span> <span class='ocrx_word' id='word_1_27' title='bbox 1254 1226 1362 1288; x_wconf 91' lang='lat' dir='ltr'>omnia</span> <span class='ocrx_word' id='word_1_28' title='bbox 1384 1222 1455 1289; x_wconf 91' lang='lat' dir='ltr'>illa:</span> <span class='ocrx_word' id='word_1_29' title='bbox 1481 1226 1533 1290; x_wconf 82' lang='grc' dir='ltr'>καὶ</span> <span class='ocrx_word' id='word_1_30' title='bbox 1557 1226 1669 1291; x_wconf 78' lang='grc' dir='ltr'><em>τούτων</em></span> <span class='ocrx_word' id='word_1_31' title='bbox 1693 1232 1775 1306; x_wconf 78' lang='grc' dir='ltr'><em>ήμῖις</em></span> 
     </span>
     <span class='ocr_line' id='line_1_5' title="bbox 584 1326 1777 1413; baseline 0.006 -19"><span class='ocrx_word' id='word_1_32' title='bbox 584 1326 782 1408; x_wconf 77' lang='grc' dir='ltr'><em>βαλλόντων,</em></span> <span class='ocrx_word' id='word_1_33' title='bbox 808 1329 852 1394; x_wconf 84' lang='grc' dir='ltr'><em>ἔτι</em></span> <span class='ocrx_word' id='word_1_34' title='bbox 874 1329 905 1394; x_wconf 76' lang='grc' dir='ltr'>δέ</span> <span class='ocrx_word' id='word_1_35' title='bbox 924 1328 1099 1392; x_wconf 78' lang='grc' dir='ltr'><em>τυπτόντων</em></span> <span class='ocrx_word' id='word_1_36' title='bbox 1118 1328 1210 1393; x_wconf 82' lang='grc' dir='ltr'><em>αὐτόν</em></span> <span class='ocrx_word' id='word_1_37' title='bbox 1232 1328 1289 1395; x_wconf 83' lang='grc' dir='ltr'>ὑπὸ</span> <span class='ocrx_word' id='word_1_38' title='bbox 1309 1339 1366 1404; x_wconf 80' lang='grc' dir='ltr'><em>τῆς</em></span> <span class='ocrx_word' id='word_1_39' title='bbox 1386 1330 1477 1409; x_wconf 83' lang='grc' dir='ltr'><em>μέόής</em></span> <span class='ocrx_word' id='word_1_40' title='bbox 1499 1333 1551 1397; x_wconf 75' lang='grc' dir='ltr'>καὶ</span> <span class='ocrx_word' id='word_1_41' title='bbox 1573 1334 1647 1409; x_wconf 80' lang='grc' dir='ltr'><strong><em>ἐμοῦ</em></strong></span> <span class='ocrx_word' id='word_1_42' title='bbox 1667 1335 1777 1413; x_wconf 73' lang='grc' dir='ltr'><em>ἄμυνο-</em></span> 
     </span>
     <span class='ocr_line' id='line_1_6' title="bbox 583 1434 1774 1522; baseline 0.006 -21"><span class='ocrx_word' id='word_1_43' title='bbox 583 1436 678 1516; x_wconf 88' lang='grc' dir='ltr'><em>μένου</em></span> <span class='ocrx_word' id='word_1_44' title='bbox 711 1458 775 1502; x_wconf 93' lang='lat' dir='ltr'>una</span> <span class='ocrx_word' id='word_1_45' title='bbox 798 1434 897 1501; x_wconf 90' lang='lat' dir='ltr'>litura</span> <span class='ocrx_word' id='word_1_46' title='bbox 919 1435 1053 1500; x_wconf 81' lang='lat' dir='ltr'>delebat.</span> <span class='ocrx_word' id='word_1_47' title='bbox 1078 1435 1170 1501; x_wconf 87' lang='lat' dir='ltr'>Nunc</span> <span class='ocrx_word' id='word_1_48' title='bbox 1194 1457 1336 1522; x_wconf 90' lang='lat' dir='ltr'>qnoque,</span> <span class='ocrx_word' id='word_1_49' title='bbox 1362 1440 1389 1501; x_wconf 89' lang='lat' dir='ltr'>si</span> <span class='ocrx_word' id='word_1_50' title='bbox 1412 1445 1495 1504; x_wconf 90' lang='lat' dir='ltr'>recte</span> <span class='ocrx_word' id='word_1_51' title='bbox 1518 1441 1630 1518; x_wconf 82' lang='lat' dir='ltr'>video,</span> <span class='ocrx_word' id='word_1_52' title='bbox 1654 1439 1774 1508; x_wconf 88' lang='lat' dir='ltr'>leniore</span> 
     </span>
     <span class='ocr_line' id='line_1_7' title="bbox 583 1543 1775 1634; baseline 0.006 -25"><span class='ocrx_word' id='word_1_53' title='bbox 583 1543 744 1609; x_wconf 86' lang='lat' dir='ltr'>medicina</span> <span class='ocrx_word' id='word_1_54' title='bbox 767 1543 932 1608; x_wconf 87' lang='lat' dir='ltr'>utendum.</span> <span class='ocrx_word' id='word_1_55' title='bbox 961 1543 1003 1606; x_wconf 77' lang='lat' dir='ltr'>Et</span> <span class='ocrx_word' id='word_1_56' title='bbox 1026 1545 1094 1628; x_wconf 90' lang='lat' dir='ltr'>ipse</span> <span class='ocrx_word' id='word_1_57' title='bbox 1117 1544 1155 1608; x_wconf 94' lang='lat' dir='ltr'>ab</span> <span class='ocrx_word' id='word_1_58' title='bbox 1179 1564 1215 1608; x_wconf 91' lang='lat' dir='ltr'>eo</span> <span class='ocrx_word' id='word_1_59' title='bbox 1239 1546 1271 1608; x_wconf 94' lang='lat' dir='ltr'>in</span> <span class='ocrx_word' id='word_1_60' title='bbox 1296 1547 1453 1610; x_wconf 90' lang='lat' dir='ltr'>enuntiati</span> <span class='ocrx_word' id='word_1_61' title='bbox 1475 1549 1568 1612; x_wconf 90' lang='lat' dir='ltr'>initio</span> <span class='ocrx_word' id='word_1_62' title='bbox 1592 1553 1704 1634; x_wconf 82' lang='lat' dir='ltr'>gratus</span> <span class='ocrx_word' id='word_1_63' title='bbox 1727 1570 1775 1616; x_wconf 77' lang='lat' dir='ltr'>ac</span> 
     </span>
     <span class='ocr_line' id='line_1_8' title="bbox 585 1649 1776 1737; baseline 0.004 -21"><span class='ocrx_word' id='word_1_64' title='bbox 585 1654 668 1737; x_wconf 88' lang='lat' dir='ltr'>cipio</span> <span class='ocrx_word' id='word_1_65' title='bbox 693 1651 948 1716; x_wconf 79' lang='lat' dir='ltr'>emendationem</span> <span class='ocrx_word' id='word_1_66' title='bbox 973 1649 1024 1714; x_wconf 74' lang='lat' dir='ltr'>ecl</span> <span class='ocrx_word' id='word_1_67' title='bbox 1049 1651 1124 1724; x_wconf 79' lang='grc' dir='ltr'><strong><em>ἐμοῦ</em></strong></span> <span class='ocrx_word' id='word_1_68' title='bbox 1148 1649 1354 1737; x_wconf 66' lang='lat' dir='ltr'>(valeriani)</span> <span class='ocrx_word' id='word_1_69' title='bbox 1379 1653 1444 1728; x_wconf 80' lang='grc' dir='ltr'>περὶ</span> <span class='ocrx_word' id='word_1_70' title='bbox 1468 1677 1497 1717; x_wconf 92' lang='grc' dir='ltr'>τ.</span> <span class='ocrx_word' id='word_1_71' title='bbox 1521 1654 1599 1731; x_wconf 83' lang='grc' dir='ltr'><em>σόνμ.</em></span> <span class='ocrx_word' id='word_1_72' title='bbox 1624 1656 1776 1735; x_wconf 68' lang='grc' dir='ltr'><em>ἀμυνομέ-</em></span> 
     </span>
     <span class='ocr_line' id='line_1_9' title="bbox 586 1754 1774 1843; baseline 0.007 -23"><span class='ocrx_word' id='word_1_73' title='bbox 586 1780 650 1835; x_wconf 91' lang='grc' dir='ltr'><em>νου,</em></span> <span class='ocrx_word' id='word_1_74' title='bbox 687 1764 725 1820; x_wconf 89' lang='lat' dir='ltr'>ut</span> <span class='ocrx_word' id='word_1_75' title='bbox 755 1758 853 1821; x_wconf 90' lang='lat' dir='ltr'>etiam</span> <span class='ocrx_word' id='word_1_76' title='bbox 883 1754 1105 1820; x_wconf 79' lang='lat' dir='ltr'>Thalheimins</span> <span class='ocrx_word' id='word_1_77' title='bbox 1136 1758 1274 1841; x_wconf 87' lang='lat' dir='ltr'>aceepit,</span> <span class='ocrx_word' id='word_1_78' title='bbox 1308 1778 1370 1843; x_wconf 89' lang='lat' dir='ltr'>qno</span> <span class='ocrx_word' id='word_1_79' title='bbox 1401 1758 1483 1823; x_wconf 86' lang='lat' dir='ltr'>facto</span> <span class='ocrx_word' id='word_1_80' title='bbox 1514 1758 1599 1825; x_wconf 89' lang='lat' dir='ltr'>ultro</span> <span class='ocrx_word' id='word_1_81' title='bbox 1623 1763 1774 1829; x_wconf 85' lang='lat' dir='ltr'>excidunt</span> 
     </span>
     <span class='ocr_line' id='line_1_10' title="bbox 582 1863 1772 1952; baseline 0.004 -24"><span class='ocrx_word' id='word_1_82' title='bbox 582 1865 682 1929; x_wconf 84' lang='lat' dir='ltr'>verba</span> <span class='ocrx_word' id='word_1_83' title='bbox 713 1885 793 1949; x_wconf 89' lang='lat' dir='ltr'>quae</span> <span class='ocrx_word' id='word_1_84' title='bbox 824 1863 932 1949; x_wconf 90' lang='lat' dir='ltr'>paullo</span> <span class='ocrx_word' id='word_1_85' title='bbox 964 1868 1035 1948; x_wconf 92' lang='lat' dir='ltr'>post</span> <span class='ocrx_word' id='word_1_86' title='bbox 1066 1871 1244 1948; x_wconf 88' lang='lat' dir='ltr'>sequuntur</span> <span class='ocrx_word' id='word_1_87' title='bbox 1275 1865 1342 1946; x_wconf 75' lang='lat' dir='ltr'>[ecl</span> <span class='ocrx_word' id='word_1_88' title='bbox 1375 1865 1449 1942; x_wconf 80' lang='grc' dir='ltr'><strong><em>ἐμοῦ</em></strong></span> <span class='ocrx_word' id='word_1_89' title='bbox 1482 1867 1704 1952; x_wconf 74' lang='grc' dir='ltr'><em>αμυνομένον],</em></span> <span class='ocrx_word' id='word_1_90' title='bbox 1736 1908 1772 1919; x_wconf 91' lang='grc'>-</span> 
     </span>
     <span class='ocr_line' id='line_1_11' title="bbox 580 1968 1773 2062; baseline 0.004 -26"><span class='ocrx_word' id='word_1_91' title='bbox 580 1992 699 2056; x_wconf 86' lang='lat' dir='ltr'>nempe</span> <span class='ocrx_word' id='word_1_92' title='bbox 723 1973 876 2036; x_wconf 87' lang='lat' dir='ltr'>correctio</span> <span class='ocrx_word' id='word_1_93' title='bbox 899 1978 974 2034; x_wconf 88' lang='lat' dir='ltr'>sunt</span> <span class='ocrx_word' id='word_1_94' title='bbox 997 1968 1251 2035; x_wconf 86' lang='lat' dir='ltr'>antecedentium</span> <span class='ocrx_word' id='word_1_95' title='bbox 1275 1992 1355 2056; x_wconf 89' lang='lat' dir='ltr'>qnae</span> <span class='ocrx_word' id='word_1_96' title='bbox 1379 1992 1418 2036; x_wconf 83' lang='lat' dir='ltr'>ex</span> <span class='ocrx_word' id='word_1_97' title='bbox 1442 1973 1608 2060; x_wconf 82' lang='lat' dir='ltr'>archetypi</span> <span class='ocrx_word' id='word_1_98' title='bbox 1627 1979 1773 2062; x_wconf 81' lang='lat' dir='ltr'>margine</span> 
     </span>
     <span class='ocr_line' id='line_1_12' title="bbox 581 2077 1774 2163; baseline 0.003 -20"><span class='ocrx_word' id='word_1_99' title='bbox 581 2082 617 2143; x_wconf 92' lang='lat' dir='ltr'>in</span> <span class='ocrx_word' id='word_1_100' title='bbox 639 2077 778 2143; x_wconf 79' lang='lat' dir='ltr'>Palatini</span> <span class='ocrx_word' id='word_1_101' title='bbox 802 2084 832 2142; x_wconf 88' lang='lat' dir='ltr'>et</span> <span class='ocrx_word' id='word_1_102' title='bbox 856 2078 930 2142; x_wconf 92' lang='lat' dir='ltr'>hinc</span> <span class='ocrx_word' id='word_1_103' title='bbox 952 2079 986 2140; x_wconf 95' lang='lat' dir='ltr'>in</span> <span class='ocrx_word' id='word_1_104' title='bbox 1010 2081 1187 2140; x_wconf 88' lang='lat' dir='ltr'>ceterorum</span> <span class='ocrx_word' id='word_1_105' title='bbox 1211 2083 1338 2141; x_wconf 82' lang='lat' dir='ltr'>tentum</span> <span class='ocrx_word' id='word_1_106' title='bbox 1361 2080 1505 2163; x_wconf 80' lang='lat' dir='ltr'>irrepsit,</span> <span class='ocrx_word' id='word_1_107' title='bbox 1529 2116 1571 2127; x_wconf 91' lang='lat'>-</span> <span class='ocrx_word' id='word_1_108' title='bbox 1590 2087 1693 2146; x_wconf 89' lang='lat' dir='ltr'>cetera</span> <span class='ocrx_word' id='word_1_109' title='bbox 1711 2104 1774 2147; x_wconf 92' lang='lat' dir='ltr'>non</span> 
     </span>
     <span class='ocr_line' id='line_1_13' title="bbox 580 2182 1773 2261; baseline 0.003 -11"><span class='ocrx_word' id='word_1_110' title='bbox 580 2183 843 2261; x_wconf 79' lang='lat' dir='ltr'>sollicitaverim,</span> <span class='ocrx_word' id='word_1_111' title='bbox 877 2182 930 2247; x_wconf 88' lang='lat' dir='ltr'>sed</span> <span class='ocrx_word' id='word_1_112' title='bbox 962 2185 1087 2247; x_wconf 86' lang='lat' dir='ltr'>minuta</span> <span class='ocrx_word' id='word_1_113' title='bbox 1117 2185 1291 2249; x_wconf 81' lang='lat' dir='ltr'>insertione</span> <span class='ocrx_word' id='word_1_114' title='bbox 1322 2184 1465 2250; x_wconf 89' lang='lat' dir='ltr'>adhibita</span> <span class='ocrx_word' id='word_1_115' title='bbox 1483 2192 1589 2251; x_wconf 90' lang='lat' dir='ltr'>totum</span> <span class='ocrx_word' id='word_1_116' title='bbox 1610 2186 1716 2253; x_wconf 88' lang='lat' dir='ltr'>locum</span> <span class='ocrx_word' id='word_1_117' title='bbox 1739 2192 1773 2254; x_wconf 86' lang='lat' dir='ltr'>in</span> 
     </span>
     <span class='ocr_line' id='line_1_14' title="bbox 581 2289 1775 2373; baseline 0.006 -18"><span class='ocrx_word' id='word_1_118' title='bbox 581 2292 671 2356; x_wconf 93' lang='lat' dir='ltr'>hunc</span> <span class='ocrx_word' id='word_1_119' title='bbox 694 2291 827 2355; x_wconf 87' lang='lat' dir='ltr'>modum</span> <span class='ocrx_word' id='word_1_120' title='bbox 850 2292 1089 2355; x_wconf 84' lang='lat' dir='ltr'>constituerim:</span> <span class='ocrx_word' id='word_1_121' title='bbox 1114 2289 1225 2369; x_wconf 65' lang='grc' dir='ltr'><em>μάχοιο</em></span> <span class='ocrx_word' id='word_1_122' title='bbox 1249 2291 1280 2355; x_wconf 74' lang='grc' dir='ltr'>δέ</span> <span class='ocrx_word' id='word_1_123' title='bbox 1305 2292 1614 2368; x_wconf 72' lang='grc' dir='ltr'><em>γενομένης--καὶ</em></span> <span class='ocrx_word' id='word_1_124' title='bbox 1636 2300 1689 2360; x_wconf 84' lang='grc' dir='ltr'><em>τοῦ</em></span> <span class='ocrx_word' id='word_1_125' title='bbox 1710 2320 1775 2373; x_wconf 79' lang='grc' dir='ltr'><em>μει-</em></span> 
     </span>
     <span class='ocr_line' id='line_1_15' title="bbox 583 2396 1774 2480; baseline 0.005 -17"><span class='ocrx_word' id='word_1_126' title='bbox 583 2399 689 2480; x_wconf 74' lang='grc' dir='ltr'><em>ρακίον</em></span> <span class='ocrx_word' id='word_1_127' title='bbox 714 2397 887 2476; x_wconf 72' lang='grc' dir='ltr'><em>βάλλοντος</em></span> <span class='ocrx_word' id='word_1_128' title='bbox 913 2397 1023 2468; x_wconf 81' lang='grc' dir='ltr'><em>αὐτοὺς</em></span> <span class='ocrx_word' id='word_1_129' title='bbox 1048 2400 1149 2473; x_wconf 75' lang='grc' dir='ltr'><em>κάμοῦ</em></span> <span class='ocrx_word' id='word_1_130' title='bbox 1173 2396 1240 2476; x_wconf 74' lang='grc' dir='ltr'>περὶ</span> <span class='ocrx_word' id='word_1_131' title='bbox 1262 2423 1291 2462; x_wconf 86' lang='grc' dir='ltr'><em>τ.</em></span> <span class='ocrx_word' id='word_1_132' title='bbox 1316 2399 1394 2475; x_wconf 73' lang='grc' dir='ltr'><em>σήμ.</em></span> <span class='ocrx_word' id='word_1_133' title='bbox 1420 2401 1606 2478; x_wconf 72' lang='grc' dir='ltr'>ἀμυνομένου</span> <span class='ocrx_word' id='word_1_134' title='bbox 1631 2403 1683 2468; x_wconf 75' lang='grc' dir='ltr'>καὶ</span> <span class='ocrx_word' id='word_1_135' title='bbox 1709 2403 1774 2470; x_wconf 85' lang='grc' dir='ltr'><em>τιό·</em></span> 
     </span>
     <span class='ocr_line' id='line_1_16' title="bbox 584 2501 1771 2594; baseline 0.003 -24"><span class='ocrx_word' id='word_1_136' title='bbox 584 2530 646 2570; x_wconf 93' lang='grc' dir='ltr'><em>των</em></span> <span class='ocrx_word' id='word_1_137' title='bbox 678 2507 761 2582; x_wconf 77' lang='grc' dir='ltr'>ήμοῖς</span> <span class='ocrx_word' id='word_1_138' title='bbox 793 2503 985 2583; x_wconf 72' lang='grc' dir='ltr'><em>βαλλόντων,</em></span> <span class='ocrx_word' id='word_1_139' title='bbox 1018 2501 1062 2567; x_wconf 85' lang='grc' dir='ltr'>έτι</span> <span class='ocrx_word' id='word_1_140' title='bbox 1094 2503 1125 2568; x_wconf 76' lang='grc' dir='ltr'>δέ</span> <span class='ocrx_word' id='word_1_141' title='bbox 1156 2503 1330 2571; x_wconf 81' lang='grc' dir='ltr'><em>τυπτόντων</em></span> <span class='ocrx_word' id='word_1_142' title='bbox 1354 2505 1483 2571; x_wconf 80' lang='grc' dir='ltr'><em>αὐτῶν</em></span> <span class='ocrx_word' id='word_1_143' title='bbox 1507 2522 1686 2594; x_wconf 85' lang='grc' dir='ltr'><em>&lt;τινας&gt;</em></span> <span class='ocrx_word' id='word_1_144' title='bbox 1713 2511 1771 2576; x_wconf 79' lang='grc' dir='ltr'>ὑπὸ</span> 
     </span>
     <span class='ocr_line' id='line_1_17' title="bbox 583 2611 1773 2700; baseline 0.004 -22"><span class='ocrx_word' id='word_1_145' title='bbox 583 2621 641 2686; x_wconf 75' lang='grc' dir='ltr'><em>τῆς</em></span> <span class='ocrx_word' id='word_1_146' title='bbox 674 2612 785 2690; x_wconf 81' lang='grc' dir='ltr'><em>μέόής,</em></span> <span class='ocrx_word' id='word_1_147' title='bbox 817 2612 868 2677; x_wconf 73' lang='grc' dir='ltr'>καὶ</span> <span class='ocrx_word' id='word_1_148' title='bbox 901 2617 959 2675; x_wconf 82' lang='grc' dir='ltr'><em>τῶν</em></span> <span class='ocrx_word' id='word_1_149' title='bbox 991 2611 1246 2691; x_wconf 76' lang='grc' dir='ltr'><em>παραγενομένων</em></span> <span class='ocrx_word' id='word_1_150' title='bbox 1269 2627 1339 2678; x_wconf 91' lang='grc' dir='ltr'><em>κτλ.</em></span> <span class='ocrx_word' id='word_1_151' title='bbox 1364 2613 1417 2679; x_wconf 80' lang='lat' dir='ltr'>Sic</span> <span class='ocrx_word' id='word_1_152' title='bbox 1440 2622 1571 2700; x_wconf 87' lang='lat' dir='ltr'>apparet</span> <span class='ocrx_word' id='word_1_153' title='bbox 1590 2638 1646 2682; x_wconf 85' lang='lat' dir='ltr'>cur</span> <span class='ocrx_word' id='word_1_154' title='bbox 1670 2617 1714 2682; x_wconf 84' lang='grc' dir='ltr'>έτι</span> <span class='ocrx_word' id='word_1_155' title='bbox 1740 2625 1773 2683; x_wconf 92' lang='lat' dir='ltr'>et</span> 
     </span>
     <span class='ocr_line' id='line_1_18' title="bbox 586 2718 1034 2797; baseline -0.007 -12"><span class='ocrx_word' id='word_1_156' title='bbox 586 2721 646 2785; x_wconf 81' lang='grc' dir='ltr'>ὑπὸ</span> <span class='ocrx_word' id='word_1_157' title='bbox 671 2729 725 2794; x_wconf 83' lang='grc' dir='ltr'><em>τής</em></span> <span class='ocrx_word' id='word_1_158' title='bbox 751 2718 842 2797; x_wconf 82' lang='grc' dir='ltr'><em>μέόιρς</em></span> <span class='ocrx_word' id='word_1_159' title='bbox 867 2718 1034 2784; x_wconf 85' lang='lat' dir='ltr'>addantur.</span> 
     </span>
    </p>
   </div>
   <div class='ocr_carea' id='block_1_3' title="bbox 580 2881 1774 3703">
    <p class='ocr_par' dir='ltr' id='par_1_3' title="bbox 580 2881 1774 3703">
     <span class='ocr_line' id='line_1_19' title="bbox 631 2881 1774 2972; baseline 0.004 -20"><span class='ocrx_word' id='word_1_160' title='bbox 631 2888 683 2953; x_wconf 83' lang='lat' dir='ltr'>Or.</span> <span class='ocrx_word' id='word_1_161' title='bbox 708 2886 756 2952; x_wconf 93' lang='lat' dir='ltr'>Ill</span> <span class='ocrx_word' id='word_1_162' title='bbox 778 2890 796 2972; x_wconf 59' lang='grc' dir='ltr'><strong>ξ</strong></span> <span class='ocrx_word' id='word_1_163' title='bbox 817 2886 878 2952; x_wconf 67' lang='grc'>393</span> <span class='ocrx_word' id='word_1_164' title='bbox 912 2887 979 2950; x_wconf 74' lang='grc' dir='ltr'>καὶ</span> <span class='ocrx_word' id='word_1_165' title='bbox 1005 2887 1030 2950; x_wconf 83' lang='grc' dir='ltr'>οἱ</span> <span class='ocrx_word' id='word_1_166' title='bbox 1055 2887 1111 2963; x_wconf 79' lang='grc' dir='ltr'>μέν</span> <span class='ocrx_word' id='word_1_167' title='bbox 1135 2884 1244 2965; x_wconf 79' lang='grc' dir='ltr'><em>ἄλλοι,</em></span> <span class='ocrx_word' id='word_1_168' title='bbox 1268 2881 1343 2951; x_wconf 83' lang='grc' dir='ltr'><em>όταν</em></span> <span class='ocrx_word' id='word_1_169' title='bbox 1366 2888 1592 2969; x_wconf 67' lang='grc' dir='ltr'><em>ἀποστερῶνται</em></span> <span class='ocrx_word' id='word_1_170' title='bbox 1614 2887 1653 2956; x_wconf 84' lang='grc' dir='ltr'>ὧν</span> <span class='ocrx_word' id='word_1_171' title='bbox 1676 2892 1774 2957; x_wconf 90' lang='grc' dir='ltr'><em>έπιόυ-</em></span> 
     </span>
     <span class='ocr_line' id='line_1_20' title="bbox 583 2992 1773 3077; baseline 0.003 -18"><span class='ocrx_word' id='word_1_172' title='bbox 583 3001 715 3072; x_wconf 83' lang='grc' dir='ltr'><em>μοῦσι-</em></span> <span class='ocrx_word' id='word_1_173' title='bbox 730 3001 965 3073; x_wconf 80' lang='grc' dir='ltr'><em>-παραχρήμα</em></span> <span class='ocrx_word' id='word_1_174' title='bbox 990 2994 1183 3072; x_wconf 75' lang='grc' dir='ltr'><em>τιμωρεῖσθαι</em></span> <span class='ocrx_word' id='word_1_175' title='bbox 1207 2992 1356 3076; x_wconf 79' lang='grc' dir='ltr'><em>ζητοῦσιν,</em></span> <span class='ocrx_word' id='word_1_176' title='bbox 1381 2992 1467 3068; x_wconf 83' lang='grc' dir='ltr'><em>οὗτος</em></span> <span class='ocrx_word' id='word_1_177' title='bbox 1491 2995 1522 3059; x_wconf 76' lang='grc' dir='ltr'>δέ</span> <span class='ocrx_word' id='word_1_178' title='bbox 1546 2995 1662 3077; x_wconf 78' lang='grc' dir='ltr'><em>χρόνοις</em></span> <span class='ocrx_word' id='word_1_179' title='bbox 1688 2995 1773 3062; x_wconf 82' lang='grc' dir='ltr'><em>ὕστε-</em></span> 
     </span>
     <span class='ocr_line' id='line_1_21' title="bbox 580 3099 1772 3192; baseline 0.004 -25"><span class='ocrx_word' id='word_1_180' title='bbox 580 3127 639 3185; x_wconf 90' lang='grc' dir='ltr'><em>ρον.</em></span> <span class='ocrx_word' id='word_1_181' title='bbox 672 3100 759 3167; x_wconf 88' lang='lat' dir='ltr'>Male</span> <span class='ocrx_word' id='word_1_182' title='bbox 789 3100 995 3166; x_wconf 86' lang='lat' dir='ltr'>Halbertsma</span> <span class='ocrx_word' id='word_1_183' title='bbox 1018 3102 1181 3185; x_wconf 82' lang='grc' dir='ltr'><em>καό&lt;τοι&gt;</em></span> <span class='ocrx_word' id='word_1_184' title='bbox 1205 3103 1230 3166; x_wconf 82' lang='grc' dir='ltr'>οἱ</span> <span class='ocrx_word' id='word_1_185' title='bbox 1261 3103 1318 3177; x_wconf 85' lang='grc' dir='ltr'>μέν</span> <span class='ocrx_word' id='word_1_186' title='bbox 1350 3099 1441 3168; x_wconf 72' lang='grc' dir='ltr'><em>ἄλλοι</em></span> <span class='ocrx_word' id='word_1_187' title='bbox 1465 3106 1662 3190; x_wconf 86' lang='lat' dir='ltr'>requirebat,</span> <span class='ocrx_word' id='word_1_188' title='bbox 1688 3106 1772 3192; x_wconf 87' lang='lat' dir='ltr'>quod</span> 
     </span>
     <span class='ocr_line' id='line_1_22' title="bbox 580 3207 1771 3293; baseline 0.003 -18"><span class='ocrx_word' id='word_1_189' title='bbox 580 3212 620 3275; x_wconf 93' lang='lat' dir='ltr'>ab</span> <span class='ocrx_word' id='word_1_190' title='bbox 639 3208 853 3274; x_wconf 86' lang='lat' dir='ltr'>Herwerdeno</span> <span class='ocrx_word' id='word_1_191' title='bbox 876 3211 909 3271; x_wconf 92' lang='lat' dir='ltr'>in</span> <span class='ocrx_word' id='word_1_192' title='bbox 931 3215 1059 3272; x_wconf 81' lang='lat' dir='ltr'>textum</span> <span class='ocrx_word' id='word_1_193' title='bbox 1083 3216 1246 3293; x_wconf 88' lang='lat' dir='ltr'>receptum</span> <span class='ocrx_word' id='word_1_194' title='bbox 1270 3207 1401 3274; x_wconf 90' lang='lat' dir='ltr'>nollem.</span> <span class='ocrx_word' id='word_1_195' title='bbox 1427 3209 1570 3276; x_wconf 81' lang='lat' dir='ltr'>Sufficiet</span> <span class='ocrx_word' id='word_1_196' title='bbox 1593 3212 1708 3277; x_wconf 88' lang='lat' dir='ltr'>referre</span> <span class='ocrx_word' id='word_1_197' title='bbox 1732 3213 1771 3278; x_wconf 91' lang='lat' dir='ltr'>ad</span> 
     </span>
     <span class='ocr_line' id='line_1_23' title="bbox 581 3313 1770 3404; baseline 0.001 -22"><span class='ocrx_word' id='word_1_198' title='bbox 581 3317 758 3404; x_wconf 86' lang='lat' dir='ltr'>Hyperidis</span> <span class='ocrx_word' id='word_1_199' title='bbox 778 3316 1001 3397; x_wconf 75' lang='grc' dir='ltr'><em>Εοωοκιριροοοικ</em></span> <span class='ocrx_word' id='word_1_200' title='bbox 1026 3313 1084 3380; x_wconf 91' lang='lat' dir='ltr'>ool.</span> <span class='ocrx_word' id='word_1_201' title='bbox 1109 3314 1227 3393; x_wconf 86' lang='lat' dir='ltr'>XXIV,</span> <span class='ocrx_word' id='word_1_202' title='bbox 1256 3314 1297 3380; x_wconf 82' lang='lat'>13</span> <span class='ocrx_word' id='word_1_203' title='bbox 1310 3336 1376 3402; x_wconf 91' lang='lat' dir='ltr'>sqq.</span> <span class='ocrx_word' id='word_1_204' title='bbox 1403 3319 1470 3381; x_wconf 81' lang='grc' dir='ltr'>καὶ</span> <span class='ocrx_word' id='word_1_205' title='bbox 1495 3320 1528 3382; x_wconf 75' lang='grc' dir='ltr'>οἷ</span> <span class='ocrx_word' id='word_1_206' title='bbox 1553 3319 1625 3394; x_wconf 84' lang='grc' dir='ltr'>μέν</span> <span class='ocrx_word' id='word_1_207' title='bbox 1648 3318 1770 3385; x_wconf 72' lang='grc' dir='ltr'><em>ἄλλοι</em></span> 
     </span>
     <span class='ocr_line' id='line_1_24' title="bbox 583 3422 1769 3505; baseline 0.001 -15"><span class='ocrx_word' id='word_1_208' title='bbox 583 3423 700 3495; x_wconf 71' lang='grc' dir='ltr'><em>πάντες</em></span> <span class='ocrx_word' id='word_1_209' title='bbox 732 3424 893 3502; x_wconf 72' lang='grc' dir='ltr'><em>κατήγοροι</em></span> <span class='ocrx_word' id='word_1_210' title='bbox 912 3460 988 3470; x_wconf 91' lang='grc'>--</span> <span class='ocrx_word' id='word_1_211' title='bbox 1007 3426 1096 3487; x_wconf 84' lang='grc' dir='ltr'><em>τοῦτο</em></span> <span class='ocrx_word' id='word_1_212' title='bbox 1125 3422 1388 3502; x_wconf 78' lang='grc' dir='ltr'><em>παρακελεύονται</em></span> <span class='ocrx_word' id='word_1_213' title='bbox 1420 3432 1482 3497; x_wconf 81' lang='grc' dir='ltr'><em>τοῖς</em></span> <span class='ocrx_word' id='word_1_214' title='bbox 1514 3424 1695 3505; x_wconf 82' lang='grc' dir='ltr'><em>δικασταῖς,</em></span> <span class='ocrx_word' id='word_1_215' title='bbox 1725 3428 1769 3503; x_wconf 83' lang='grc' dir='ltr'>μή</span> 
     </span>
     <span class='ocr_line' id='line_1_25' title="bbox 584 3529 1771 3612; baseline 0.002 -16"><span class='ocrx_word' id='word_1_216' title='bbox 584 3530 697 3596; x_wconf 80' lang='grc' dir='ltr'>έόέλειν</span> <span class='ocrx_word' id='word_1_217' title='bbox 720 3529 838 3595; x_wconf 80' lang='grc' dir='ltr'><em>οὶκοόοιν</em></span> <span class='ocrx_word' id='word_1_218' title='bbox 862 3537 919 3594; x_wconf 83' lang='grc' dir='ltr'><em>τῶν</em></span> <span class='ocrx_word' id='word_1_219' title='bbox 943 3529 1197 3608; x_wconf 73' lang='grc' dir='ltr'><em>ἀπολογουμένων</em></span> <span class='ocrx_word' id='word_1_220' title='bbox 1221 3529 1274 3595; x_wconf 80' lang='grc' dir='ltr'>έοὶν</span> <span class='ocrx_word' id='word_1_221' title='bbox 1299 3554 1377 3603; x_wconf 83' lang='grc' dir='ltr'><em>τινος</em></span> <span class='ocrx_word' id='word_1_222' title='bbox 1402 3530 1457 3610; x_wconf 75' lang='grc' dir='ltr'>ἔξω</span> <span class='ocrx_word' id='word_1_223' title='bbox 1482 3536 1535 3597; x_wconf 84' lang='grc' dir='ltr'><em>τοῦ</em></span> <span class='ocrx_word' id='word_1_224' title='bbox 1560 3531 1651 3608; x_wconf 89' lang='grc' dir='ltr'><em>νόμου</em></span> <span class='ocrx_word' id='word_1_225' title='bbox 1674 3532 1771 3612; x_wconf 74' lang='grc' dir='ltr'><em>λέγω·</em></span> 
     </span>
     <span class='ocr_line' id='line_1_26' title="bbox 585 3637 1232 3703; baseline 0.002 -1"><span class='ocrx_word' id='word_1_226' title='bbox 585 3660 743 3702; x_wconf 92' lang='grc' dir='ltr'><em>σιν--·</em></span> <span class='ocrx_word' id='word_1_227' title='bbox 770 3637 814 3701; x_wconf 84' lang='grc' dir='ltr'>σὺ</span> <span class='ocrx_word' id='word_1_228' title='bbox 840 3637 877 3702; x_wconf 76' lang='grc' dir='ltr'>δέ</span> <span class='ocrx_word' id='word_1_229' title='bbox 902 3637 1140 3702; x_wconf 74' lang='grc' dir='ltr'><em>τούναντίον</em></span> <span class='ocrx_word' id='word_1_230' title='bbox 1162 3651 1232 3703; x_wconf 91' lang='grc' dir='ltr'><em>κτλ.</em></span> 
     </span>
    </p>
   </div>
   <div class='ocr_carea' id='block_1_4' title="bbox 579 3817 1772 4963">
    <p class='ocr_par' dir='ltr' id='par_1_4' title="bbox 579 3817 1772 4860">
     <span class='ocr_line' id='line_1_27' title="bbox 630 3817 1772 3904; baseline 0.004 -18"><span class='ocrx_word' id='word_1_231' title='bbox 630 3821 683 3886; x_wconf 88' lang='lat' dir='ltr'>Or.</span> <span class='ocrx_word' id='word_1_232' title='bbox 709 3820 754 3885; x_wconf 90' lang='lat'>111</span> <span class='ocrx_word' id='word_1_233' title='bbox 777 3823 794 3904; x_wconf 61' lang='grc' dir='ltr'>ᾖ</span> <span class='ocrx_word' id='word_1_234' title='bbox 816 3820 877 3885; x_wconf 83' lang='lat'>45:</span> <span class='ocrx_word' id='word_1_235' title='bbox 902 3817 915 3885; x_wconf 78' lang='grc'><strong>3</strong></span> <span class='ocrx_word' id='word_1_236' title='bbox 941 3819 966 3883; x_wconf 73' lang='grc' dir='ltr'>δ’</span> <span class='ocrx_word' id='word_1_237' title='bbox 991 3822 1127 3897; x_wconf 76' lang='grc' dir='ltr'><em>ήμοῦμαι</em></span> <span class='ocrx_word' id='word_1_238' title='bbox 1153 3820 1224 3897; x_wconf 81' lang='grc' dir='ltr'><em>ὑμῖν</em></span> <span class='ocrx_word' id='word_1_239' title='bbox 1246 3821 1404 3900; x_wconf 74' lang='grc' dir='ltr'><em>προσήκειν</em></span> <span class='ocrx_word' id='word_1_240' title='bbox 1428 3824 1555 3887; x_wconf 82' lang='grc' dir='ltr'><em>οἰκοῦσαι</em></span> <span class='ocrx_word' id='word_1_241' title='bbox 1581 3823 1632 3888; x_wconf 78' lang='grc' dir='ltr'>καὶ</span> <span class='ocrx_word' id='word_1_242' title='bbox 1657 3826 1772 3903; x_wconf 87' lang='grc' dir='ltr'><em>τεκμή-</em></span> 
     </span>
     <span class='ocr_line' id='line_1_28' title="bbox 581 3925 1768 4009; baseline 0.003 -15"><span class='ocrx_word' id='word_1_243' title='bbox 581 3953 641 4007; x_wconf 91' lang='grc' dir='ltr'><em>ριον</em></span> <span class='ocrx_word' id='word_1_244' title='bbox 666 3926 785 3993; x_wconf 84' lang='grc' dir='ltr'><em>έσεσόαι</em></span> <span class='ocrx_word' id='word_1_245' title='bbox 810 3934 864 4000; x_wconf 84' lang='grc' dir='ltr'><em>τής</em></span> <span class='ocrx_word' id='word_1_246' title='bbox 890 3925 996 3990; x_wconf 84' lang='grc' dir='ltr'><em>τούτου</em></span> <span class='ocrx_word' id='word_1_247' title='bbox 1020 3925 1307 4004; x_wconf 79' lang='grc' dir='ltr'><em>όρασύτιρτος--,</em></span> <span class='ocrx_word' id='word_1_248' title='bbox 1332 3925 1399 4006; x_wconf 77' lang='grc' dir='ltr'>περὶ</span> <span class='ocrx_word' id='word_1_249' title='bbox 1419 3927 1526 3993; x_wconf 82' lang='grc' dir='ltr'><em>τούτου</em></span> <span class='ocrx_word' id='word_1_250' title='bbox 1546 3931 1768 4009; x_wconf 75' lang='grc' dir='ltr'><em>μνησθήσομαι.</em></span> 
     </span>
     <span class='ocr_line' id='line_1_29' title="bbox 582 4031 1769 4120; baseline 0.002 -20"><span class='ocrx_word' id='word_1_251' title='bbox 582 4035 817 4100; x_wconf 84' lang='lat' dir='ltr'>Herwerdenns</span> <span class='ocrx_word' id='word_1_252' title='bbox 840 4036 873 4097; x_wconf 93' lang='lat' dir='ltr'>in</span> <span class='ocrx_word' id='word_1_253' title='bbox 897 4039 1023 4097; x_wconf 82' lang='lat' dir='ltr'>textum</span> <span class='ocrx_word' id='word_1_254' title='bbox 1047 4031 1160 4096; x_wconf 87' lang='lat' dir='ltr'>intulit</span> <span class='ocrx_word' id='word_1_255' title='bbox 1183 4056 1211 4097; x_wconf 94' lang='grc' dir='ltr'>κ.</span> <span class='ocrx_word' id='word_1_256' title='bbox 1235 4033 1394 4113; x_wconf 82' lang='grc' dir='ltr'><em>τεκμήριον</em></span> <span class='ocrx_word' id='word_1_257' title='bbox 1406 4035 1617 4120; x_wconf 76' lang='grc' dir='ltr'><em>(μέγιστον)</em></span> <span class='ocrx_word' id='word_1_258' title='bbox 1632 4035 1769 4117; x_wconf 83' lang='grc' dir='ltr'><em>ἔσεσόαι,</em></span> 
     </span>
     <span class='ocr_line' id='line_1_30' title="bbox 583 4138 1769 4224; baseline 0.004 -19"><span class='ocrx_word' id='word_1_259' title='bbox 583 4163 668 4220; x_wconf 83' lang='lat' dir='ltr'>„non</span> <span class='ocrx_word' id='word_1_260' title='bbox 691 4143 777 4205; x_wconf 88' lang='lat' dir='ltr'>eninr</span> <span class='ocrx_word' id='word_1_261' title='bbox 800 4146 848 4203; x_wconf 90' lang='lat' dir='ltr'>est</span> <span class='ocrx_word' id='word_1_262' title='bbox 872 4141 1004 4203; x_wconf 88' lang='lat' dir='ltr'>unicum</span> <span class='ocrx_word' id='word_1_263' title='bbox 1027 4138 1289 4224; x_wconf 80' lang='lat' dir='ltr'>argumentnm’&#39;.</span> <span class='ocrx_word' id='word_1_264' title='bbox 1314 4138 1400 4219; x_wconf 79' lang='lat' dir='ltr'>Quae</span> <span class='ocrx_word' id='word_1_265' title='bbox 1423 4139 1643 4207; x_wconf 79' lang='lat' dir='ltr'>Thalheimius</span> <span class='ocrx_word' id='word_1_266' title='bbox 1663 4143 1769 4210; x_wconf 81' lang='lat' dir='ltr'>obmo</span> 
     </span>
     <span class='ocr_line' id='line_1_31' title="bbox 580 4244 1767 4331; baseline 0.003 -20"><span class='ocrx_word' id='word_1_267' title='bbox 580 4250 632 4312; x_wconf 84' lang='lat' dir='ltr'>vit</span> <span class='ocrx_word' id='word_1_268' title='bbox 664 4245 767 4311; x_wconf 85' lang='lat' dir='ltr'>aliena</span> <span class='ocrx_word' id='word_1_269' title='bbox 798 4252 873 4310; x_wconf 88' lang='lat' dir='ltr'>eunt</span> <span class='ocrx_word' id='word_1_270' title='bbox 896 4244 989 4323; x_wconf 85' lang='lat' dir='ltr'>(XIII</span> <span class='ocrx_word' id='word_1_271' title='bbox 1013 4246 1030 4328; x_wconf 54' lang='grc' dir='ltr'>ᾗ</span> <span class='ocrx_word' id='word_1_272' title='bbox 1050 4244 1111 4321; x_wconf 84' lang='lat'>20;</span> <span class='ocrx_word' id='word_1_273' title='bbox 1135 4244 1215 4308; x_wconf 86' lang='lat' dir='ltr'>XIX</span> <span class='ocrx_word' id='word_1_274' title='bbox 1238 4246 1255 4329; x_wconf 59' lang='grc' dir='ltr'>ᾖ</span> <span class='ocrx_word' id='word_1_275' title='bbox 1277 4244 1336 4323; x_wconf 83' lang='grc'>56;</span> <span class='ocrx_word' id='word_1_276' title='bbox 1361 4245 1468 4311; x_wconf 88' lang='lat' dir='ltr'>XXVI</span> <span class='ocrx_word' id='word_1_277' title='bbox 1491 4248 1508 4331; x_wconf 59' lang='grc' dir='ltr'>ᾖ</span> <span class='ocrx_word' id='word_1_278' title='bbox 1533 4247 1597 4328; x_wconf 83' lang='grc'>17),</span> <span class='ocrx_word' id='word_1_279' title='bbox 1621 4255 1659 4314; x_wconf 90' lang='lat' dir='ltr'>ut</span> <span class='ocrx_word' id='word_1_280' title='bbox 1681 4249 1767 4317; x_wconf 88' lang='lat' dir='ltr'>locos</span> 
     </span>
     <span class='ocr_line' id='line_1_32' title="bbox 579 4349 1767 4439; baseline 0.002 -20"><span class='ocrx_word' id='word_1_281' title='bbox 579 4353 823 4439; x_wconf 87' lang='lat' dir='ltr'>inspicientibus</span> <span class='ocrx_word' id='word_1_282' title='bbox 846 4352 984 4437; x_wconf 88' lang='lat' dir='ltr'>patebit;</span> <span class='ocrx_word' id='word_1_283' title='bbox 1011 4350 1065 4416; x_wconf 86' lang='lat' dir='ltr'>sed</span> <span class='ocrx_word' id='word_1_284' title='bbox 1089 4349 1193 4416; x_wconf 90' lang='lat' dir='ltr'>lenius</span> <span class='ocrx_word' id='word_1_285' title='bbox 1215 4354 1261 4416; x_wconf 92' lang='lat' dir='ltr'>sic</span> <span class='ocrx_word' id='word_1_286' title='bbox 1283 4355 1418 4436; x_wconf 88' lang='lat' dir='ltr'>poterit:</span> <span class='ocrx_word' id='word_1_287' title='bbox 1443 4376 1471 4417; x_wconf 85' lang='grc' dir='ltr'>κ.</span> <span class='ocrx_word' id='word_1_288' title='bbox 1496 4356 1654 4432; x_wconf 76' lang='grc' dir='ltr'><em>τεκμήριον</em></span> <span class='ocrx_word' id='word_1_289' title='bbox 1667 4349 1767 4431; x_wconf 81' lang='grc' dir='ltr'><em>&lt;ἓν&gt;</em></span> 
     </span>
     <span class='ocr_line' id='line_1_33' title="bbox 583 4455 1760 4542; baseline 0.003 -18"><span class='ocrx_word' id='word_1_290' title='bbox 583 4458 704 4524; x_wconf 83' lang='grc' dir='ltr'><em>ἔσεσόαι</em></span> <span class='ocrx_word' id='word_1_291' title='bbox 729 4474 800 4524; x_wconf 91' lang='grc' dir='ltr'><em>κτλ.</em></span> <span class='ocrx_word' id='word_1_292' title='bbox 824 4456 888 4524; x_wconf 77' lang='lat' dir='ltr'>cfr.</span> <span class='ocrx_word' id='word_1_293' title='bbox 908 4478 939 4522; x_wconf 81' lang='lat' dir='ltr'>v.</span> <span class='ocrx_word' id='word_1_294' title='bbox 953 4480 978 4522; x_wconf 89' lang='lat' dir='ltr'>c.</span> <span class='ocrx_word' id='word_1_295' title='bbox 1004 4457 1150 4521; x_wconf 87' lang='lat' dir='ltr'>Aeschin.</span> <span class='ocrx_word' id='word_1_296' title='bbox 1175 4455 1227 4521; x_wconf 91' lang='lat' dir='ltr'>Or.</span> <span class='ocrx_word' id='word_1_297' title='bbox 1252 4455 1320 4542; x_wconf 74' lang='grc' dir='ltr'>1Ιῇ</span> <span class='ocrx_word' id='word_1_298' title='bbox 1343 4456 1424 4522; x_wconf 81' lang='lat'>152:</span> <span class='ocrx_word' id='word_1_299' title='bbox 1446 4459 1511 4534; x_wconf 76' lang='grc' dir='ltr'><strong><em>έμοὶ</em></strong></span> <span class='ocrx_word' id='word_1_300' title='bbox 1532 4456 1552 4524; x_wconf 81' lang='grc' dir='ltr'><strong><em>ὦ</em></strong></span> <span class='ocrx_word' id='word_1_301' title='bbox 1573 4459 1715 4542; x_wconf 74' lang='grc' dir='ltr'><em>ἄνδρες-</em></span> <span class='ocrx_word' id='word_1_302' title='bbox 1728 4499 1760 4512; x_wconf 89' lang='grc'>-</span> 
     </span>
     <span class='ocr_line' id='line_1_34' title="bbox 582 4560 1767 4646; baseline 0.006 -17"><span class='ocrx_word' id='word_1_303' title='bbox 582 4573 662 4646; x_wconf 77' lang='grc' dir='ltr'><em>τρεῖς</em></span> <span class='ocrx_word' id='word_1_304' title='bbox 688 4564 794 4638; x_wconf 77' lang='grc' dir='ltr'><em>παῖδές</em></span> <span class='ocrx_word' id='word_1_305' title='bbox 820 4566 896 4643; x_wconf 75' lang='grc' dir='ltr'><em>εἱσι,</em></span> <span class='ocrx_word' id='word_1_306' title='bbox 915 4601 991 4611; x_wconf 93' lang='lat'>--</span> <span class='ocrx_word' id='word_1_307' title='bbox 1015 4560 1063 4633; x_wconf 84' lang='grc' dir='ltr'>οὓς</span> <span class='ocrx_word' id='word_1_308' title='bbox 1090 4563 1150 4640; x_wconf 74' lang='grc' dir='ltr'>ἐγὼ</span> <span class='ocrx_word' id='word_1_309' title='bbox 1174 4562 1257 4642; x_wconf 74' lang='grc' dir='ltr'><em>δεῦρο</em></span> <span class='ocrx_word' id='word_1_310' title='bbox 1281 4560 1341 4636; x_wconf 85' lang='grc' dir='ltr'>ήκω</span> <span class='ocrx_word' id='word_1_311' title='bbox 1366 4566 1531 4642; x_wconf 76' lang='grc' dir='ltr'><em>μετὰτῶν</em></span> <span class='ocrx_word' id='word_1_312' title='bbox 1556 4566 1659 4632; x_wconf 73' lang='grc' dir='ltr'><em>ἄλλων</em></span> <span class='ocrx_word' id='word_1_313' title='bbox 1684 4571 1767 4646; x_wconf 84' lang='grc' dir='ltr'><em>κομό-</em></span> 
     </span>
     <span class='ocr_line' id='line_1_35' title="bbox 581 4664 1766 4755; baseline 0.007 -21"><span class='ocrx_word' id='word_1_314' title='bbox 581 4672 650 4752; x_wconf 83' lang='grc' dir='ltr'><em>ζων,</em></span> <span class='ocrx_word' id='word_1_315' title='bbox 675 4672 757 4741; x_wconf 79' lang='grc' dir='ltr'><em>ἑνός</em></span> <span class='ocrx_word' id='word_1_316' title='bbox 784 4672 979 4749; x_wconf 77' lang='grc' dir='ltr'><em>ἐρωτήματος</em></span> <span class='ocrx_word' id='word_1_317' title='bbox 998 4664 1087 4733; x_wconf 79' lang='grc' dir='ltr'><em>ἕνεκα</em></span> <span class='ocrx_word' id='word_1_318' title='bbox 1108 4670 1158 4733; x_wconf 72' lang='grc' dir='ltr'>καὶ</span> <span class='ocrx_word' id='word_1_319' title='bbox 1185 4671 1402 4750; x_wconf 75' lang='grc' dir='ltr'><em>τεκμηρίου</em></span> <span class='ocrx_word' id='word_1_320' title='bbox 1423 4676 1494 4753; x_wconf 79' lang='grc' dir='ltr'><em>πρὸς</em></span> <span class='ocrx_word' id='word_1_321' title='bbox 1515 4673 1583 4745; x_wconf 79' lang='grc' dir='ltr'><em>τοὺς</em></span> <span class='ocrx_word' id='word_1_322' title='bbox 1605 4674 1766 4755; x_wconf 73' lang='grc' dir='ltr'><em>δικαστάς,</em></span> 
     </span>
     <span class='ocr_line' id='line_1_36' title="bbox 580 4773 1130 4860; baseline -0.004 -18"><span class='ocrx_word' id='word_1_323' title='bbox 580 4773 603 4860; x_wconf 82' lang='grc' dir='ltr'><strong><em>ᾦ</em></strong></span> <span class='ocrx_word' id='word_1_324' title='bbox 627 4782 678 4842; x_wconf 81' lang='grc' dir='ltr'>νῦν</span> <span class='ocrx_word' id='word_1_325' title='bbox 701 4778 755 4853; x_wconf 71' lang='grc' dir='ltr'>ήδη</span> <span class='ocrx_word' id='word_1_326' title='bbox 779 4779 946 4858; x_wconf 80' lang='grc' dir='ltr'><em>χρήσομαι.</em></span> <span class='ocrx_word' id='word_1_327' title='bbox 1122 4776 1130 4798; x_wconf 89' lang='lat'><strong><em>‘</em></strong></span> 
     </span>
    </p>

    <p class='ocr_par' dir='ltr' id='par_1_5' title="bbox 1031 4881 1329 4963">
     <span class='ocr_line' id='line_1_37' title="bbox 1031 4881 1329 4963; baseline -0.003 -17"><span class='ocrx_word' id='word_1_328' title='bbox 1031 4881 1329 4963; x_wconf 76' lang='grc' dir='ltr'><em>(Οοκόίιοιιοόοιιόιιο.)</em></span> 
     </span>
    </p>
   </div>
   <div class='ocr_carea' id='block_1_5' title="bbox 0 0 2568 6150">
    <p class='ocr_par' dir='ltr' id='par_1_6' title="bbox 0 0 2568 6150">
     <span class='ocr_line' id='line_1_38' title="bbox 0 0 2568 6150; baseline 0 0"><span class='ocrx_word' id='word_1_329' title='bbox 0 0 2568 6150; x_wconf 95' lang='lat' dir='ltr'> </span> 
     </span>
    </p>
   </div>
  </div>
 </body>
</html>
