5125 6150
801 837 867 902 276
1315 854 1480 901 uuclsuos.

845 1016 946 1101 524:
972 1017 1022 1080 τδν
1046 1011 1094 1079 ούν
1120 1015 1272 1080 Παύσωνα
1297 1020 1350 1079 τοῦ
1375 1019 1501 1087 πίνακος
1527 1017 1568 1082 τίο
1593 1017 1732 1099 μετέωρα
1757 1019 1865 1085 κιίτω
1890 1046 1994 1100 περι-

801 1122 1022 1200 αγαγόντα
1042 1124 1083 1198 τῷ
1105 1121 1190 1186 παιδί
1212 1125 1265 1194 τὴν
1287 1125 1413 1202 γραφέν
1431 1122 1581 1199 ἐπιδείξαι
1595 1128 1752 1188 κελεῦσαι.
1772 1125 1835 1189 Hic
1848 1129 1991 1210 primum

801 1227 990 1293 evolvamus
1022 1224 1132 1292 Cobcti
1172 1226 1242 1301 ίόν.
1274 1227 1354 1290 Lect.
1387 1248 1418 1310 p.
1443 1228 1497 1303 90,
1528 1230 1584 1313 qui
1606 1230 1690 1313 apud
1715 1230 1893 1295 hucianum
1920 1232 1993 1297 adv.

800 1332 922 1397 ludoct.
953 1330 1029 1415 §h
1062 1327 1124 1394 οίειΙ
1147 1331 1203 1407 μέν
1234 1332 1297 1407 yar
1323 1331 1353 1393 έν
1377 1331 1503 1412 παιδεία
1528 1336 1580 1396 καί
1606 1334 1699 1403 αὐτὸς
1725 1331 1803 1399 είναί
1826 1360 1871 1407 τις
1896 1336 1993 1413 δέξειν

799 1436 916 1516 σπουδῇ
948 1436 1164 1510 συνωνούμενος
1197 1436 1240 1498 τίν
1272 1438 1412 1503 κοίλλιςοι
1443 1444 1500 1501 τῶν
1531 1437 1674 1514 βιβλίων.
1707 1440 1749 1501 τοὶ
1773 1441 1805 1504 δέ
1829 1465 1873 1505 σοι
1898 1442 1991 1520 περί

800 1544 850 1608 τίς
882 1542 988 1607 κοίτω
1019 1550 1130 1622 χωρεῖ,
1155 1544 1314 1626 reposuit:
1340 1541 1428 1620 περί
1453 1539 1558 1607 κοίτω
1581 1551 1692 1622 χωρεῖ,
1717 1547 1990 1629 quemadmodum

799 1649 960 1728 περιιέναι,
992 1647 1183 1726 περιίςασίαι
1208 1647 1257 1710 έπί
1285 1647 1327 1711 τοὶ
1350 1649 1460 1725 χείρω,
1486 1649 1528 1717 είς
1552 1650 1723 1714 τούναντίον
1746 1658 1778 1715 et
1802 1651 1923 1716 similia
1948 1652 1994 1716 di·

799 1761 925 1820 cuntur.
957 1753 1057 1819 Affert
1089 1759 1250 1837 praetereo
1280 1752 1446 1817 Strattidis
1475 1754 1693 1840 fragmentum
1724 1777 1774 1840 ap.
1804 1758 1920 1822 Athen.
1943 1757 1992 1821 Χ]

798 1883 830 1947 p.
857 1859 979 1926 stru:

979 1961 1051 2028 οἷσθ’
1076 1958 1097 2043 ᾧ
1122 1965 1300 2043 προσέοικεν,
1326 1959 1346 2026 ὦ
1371 1963 1479 2043 Κρέων,
1504 1965 1538 2028 τὸ
1561 1964 1691 2045 βρέγμα
1716 1990 1768 2032 σου
1777 1988 1785 2046 ;

981 2065 1100 2149 ἐγῷδα,
1125 2069 1192 2147 δίνῳ
1216 2071 1283 2145 περί
1310 2070 1395 2134 κοίτω
1419 2071 1630 2151 τετραμμένῳ.

799 2178 937 2243 Photius
968 2195 1094 2260 quoque
1118 2177 1210 2238 testis
1232 2182 1280 2239 est
1304 2176 1338 2238 in
1362 2196 1456 2239 vocs:
1482 2174 1549 2254 περί
1575 2175 1659 2240 κοίτω
1684 2178 1895 2256 τραπιίσετιιι·
1918 2179 1991 2242 οίντί

798 2288 852 2349 τοῦ
889 2281 1151 2361 περιτραπιίσεται
1187 2278 1287 2357 κοίτω,
1324 2281 1454 2355 συνιίύως
1490 2280 1624 2358 λέγουσι.
1662 2282 1730 2362 Quo
1761 2284 1820 2348 hoc
1851 2281 1991 2348 Cobetus

798 2397 942 2474 tempore
965 2387 1136 2462 scribebat,
1160 2389 1193 2449 in
1212 2407 1276 2450 uno
1296 2391 1459 2470 praeterea
1477 2387 1548 2452 loco
1567 2388 1711 2455 fraudem
1732 2388 1989 2473 deprehenderat,

798 2515 912 2580 nempe
935 2493 1020 2578 apud
1043 2491 1290 2576 Aristophanem
1312 2494 1347 2556 in
1370 2491 1489 2556 Eccles.
1515 2514 1562 2557 vs.
1588 2492 1669 2559 730:

979 2601 1070 2678 χύρει
1094 2597 1131 2659 σὺ
1156 2597 1238 2674 δεῦρο
1261 2599 1416 2675 κιναχύρα
1440 2598 1523 2669 καλίν
1548 2600 1651 2670 καλῶς

980 2702 1113 2773 πολλοὺς
1138 2703 1245 2765 κοίτω
1269 2702 1312 2776 δίρ
1337 2701 1485 2773 θυλάκους
1510 2704 1678 2783 τρέψασ’
1702 2704 1811 2783 ἐμούς,

802 2812 856 2876 sed
881 2810 1029 2894 quemvis
1055 2807 1278 2892 Aristophanis
1300 2810 1440 2873 amicum
1463 2808 1568 2894 adigit
1590 2811 1807 2894 scripseritne:

980 2914 1113 2984 πολλοὺς
1139 2913 1227 2992 περί
1254 2912 1361 2977 κοίτω
1385 2913 1533 2984 ίυλαιιοὺς
1558 2915 1726 2994 τρέψασ·
1750 2913 1851 2991 ἐμούς.

799 3022 878 3088 Octo
902 3023 992 3088 annis
1016 3026 1103 3106 post,
1129 3020 1241 3082 Μαοιιι.
1270 3017 1357 3084 1862
1382 3040 1412 3104 p.
1440 3018 1514 3096 174,
1544 3042 1665 3086 novum
1687 3020 1794 3086 locum
1816 3021 1989 3098 indicavit,

799 3149 913 3214 nempe
945 3128 1030 3212 apud
1062 3126 1228 3190 Platonem
1260 3125 1337 3210 Rep.
1370 3148 1400 3210 p.
1426 3124 1523 3190 5913:
1557 3129 1673 3201 ἡδοναῖς
1698 3153 1734 3192 τε
1757 3129 1809 3193 καί
1834 3129 1987 3207 λιχνείαις

798 3235 865 3311 περί
902 3235 952 3298 τίν
984 3232 1067 3297 κοίτω
1099 3233 1243 3311 τρέφουσι
1274 3232 1329 3305 τίρν
1352 3239 1406 3305 τῆς
1432 3236 1539 3311 ψυχῆς
1563 3232 1643 3313 ὄψιν,
1667 3235 1724 3298 ubi
1747 3234 1859 3299 itidem
1883 3255 1989 3299 emen-

798 3341 903 3404 davit:
937 3337 1024 3415 περί
1057 3337 1163 3400 κοίτω
1195 3336 1357 3414 τρέφουσι,
1390 3358 1446 3401 nec
1470 3338 1598 3402 videtur
1622 3340 1883 3404 animadvertisse
1906 3339 1989 3403 hanc

797 3449 900 3530 ipsam
924 3464 992 3508 esse
1014 3443 1184 3507 lectionem
1208 3443 1324 3507 codicis
1344 3443 1491 3507 Parisini.
1512 3442 1704 3528 Supervenit
1724 3446 1911 3532 Madvigius
1932 3448 1988 3530 qui

798 3553 922 3614 Αιίοονο.
948 3572 978 3633 p.
1004 3547 1046 3613 27
1071 3545 1182 3613 Cobeti
1208 3550 1381 3612 immemor
1404 3551 1544 3632 primum
1570 3549 1712 3615 Platonis
1736 3551 1843 3615 locum
1866 3573 1905 3615 ex
1930 3551 1986 3615 l‘u-

798 3659 896 3720 risino
930 3654 1011 3717 libro
1045 3652 1194 3716 similiter
1229 3655 1455 3738 perpurgavit3
1492 3654 1604 3718 deinde
1635 3656 1791 3720 indicavit
1822 3656 1986 3720 Plutarch.

798 3759 912 3824 Moral.
929 3781 957 3843 p.
973 3756 1083 3832 9431),
1105 3758 1160 3821 ubi
1180 3757 1316 3822 editores
1328 3781 1366 3822 ex
1378 3758 1576 3842 interpolatis
1589 3761 1749 3826 codicibus
1762 3762 1986 3826 exhibuerant:

799 3866 879 3938 ε’νίας
913 3862 943 3927 δέ
975 3862 1026 3925 καί
1060 3869 1117 3926 τῶν
1149 3864 1213 3925 έκεί
1233 3865 1372 3943 (ψυχῶν)
1398 3864 1489 3940 περί
1513 3864 1561 3926 τίς
1585 3864 1691 3927 κοίτω
1716 3867 1904 3942 τρεπομένας
1929 3861 1987 3930 οίον

798 3972 840 4040 είς
876 3969 968 4044 βυίίν
1003 3962 1087 4034 αύίιι
1122 3967 1206 4043 δρῶσι
1242 3966 1498 4043 καταδυομένας,
1541 3968 1636 4033 donec
1670 3969 1882 4036 Bernardaces
1917 3979 1988 4055 post

798 4073 1006 4158 Madvigium
1040 4071 1154 4136 edidit:
1193 4071 1415 4151 περικάτω,
1459 4074 1504 4135 sic
1539 4074 1624 4136 enim
1660 4082 1746 4140 sinat
1780 4078 1917 4141 scrihere
1951 4087 1990 4140 ut

798 4202 899 4246 unum
924 4176 1120 4243 vocabulum
1143 4180 1195 4241 sit.
1220 4176 1337 4242 Itidem
1360 4181 1393 4241 in
1417 4179 1494 4240 Αιίο.
1516 4200 1547 4263 p.
1567 4176 1632 4243 576
1652 4185 1800 4245 tractavit
1821 4181 1990 4246 Plutarchi

797 4285 905 4351 locum
936 4286 969 4347 in
1001 4285 1071 4347 vita
1101 4280 1276 4346 Alcibiadis
1303 4281 1361 4348 13:
1391 4281 1476 4346 κατίι
1500 4286 1552 4346 τοῦ
1576 4284 1765 4362 ’Τπερβίλου
1789 4288 1843 4361 τίνι
1867 4287 1990 4365 ίτρακο

798 4390 908 4470 Φορίαν
932 4387 1069 4467 ἔτρεψεν.
1103 4385 1289 4464 „Codices'’,
1313 4390 1439 4471 inquit,
1465 4389 1527 4467 ,τῷ
1551 4390 1731 4471 ’Τπερβίλῷ
1755 4392 1840 4457 κοίτω
1863 4394 1918 4464 τίιν
1941 4393 1956 4456 ί
1980 4438 1988 4455 .

798 4496 879 4574 έτρ.,
912 4493 995 4579 quod
1030 4515 1068 4557 ex
1103 4491 1160 4556 illo
1191 4514 1255 4557 non
1287 4503 1395 4557 ortum
1427 4513 1493 4558 esse
1524 4494 1732 4559 manifestum
1764 4505 1822 4561 est.
1855 4500 1921 4561 Aut
1946 4499 1989 4574 τῷ

798 4599 977 4678 ’Τπερβίλῳ
1009 4597 1163 4678 περικοίτω
1188 4601 1242 4670 τίνι
1265 4601 1310 4667 ὃς.
1336 4597 1396 4677 έτρ.
1421 4597 1616 4663 Plutarchus
1638 4603 1781 4685 scripsit,
1806 4612 1879 4680 aut,
1903 4604 1989 4687 quod

798 4710 907 4771 minus
930 4703 1041 4781 credo,
1066 4704 1149 4768 κοίτω
1174 4703 1300 4783 ἔτρεψεν
1325 4704 1436 4770 eodem
1460 4703 1559 4766 ferme
1583 4705 1765 4789 significatu
1786 4706 1900 4772 dixit.”
1926 4708 1991 4773 Sed

798 4832 855 4875 nec
886 4809 968 4875 mihi
999 4808 1076 4872 haec
1106 4812 1259 4874 correctio
1286 4809 1390 4893 placet
1412 4815 1445 4872 st
1467 4807 1577 4871 scribit
1600 4805 1739 4875 (lohetus
1763 4815 1875 4877 Μκοοι.
1902 4813 1991 4880 1878

798 4936 829 4999 p.
857 4914 940 4979 166:
966 4915 1019 4990 „in
1044 4916 1192 4979 omnibus
1214 4913 1306 4978 libris
1330 4921 1378 4978 eat
1401 4916 1443 4993 τῷ
1467 4911 1626 4995 ύπιρβίλω
1650 4916 1752 4995 κοίτω,
1772 4921 1807 4983 in
1826 4940 1889 5004 quo
1908 4921 1988 5003 quid
