5125 6150
687 751 729 816 54
1035 770 1076 817 nu
1099 770 1308 817 nnanuuosrs
1330 768 1518 818 rsnreoms.

684 935 737 1000 vel
768 935 890 1000 duobus
921 935 1054 1000 Homeri
1086 936 1190 999 verbis
1222 933 1309 999 male
1339 933 1507 1019 explicatis
1538 935 1636 999 fuisse
1665 941 1760 999 ortos.
1785 934 1874 1014 Quae

685 1043 791 1126 opinio
834 1062 872 1105 er
915 1062 1018 1105 errore
1060 1050 1133 1105 nata
1176 1046 1242 1118 est;
1285 1038 1473 1104 scholiastae
1511 1043 1598 1105 enim
1632 1039 1683 1104 illi
1716 1041 1875 1126 putabant

684 1146 863 1211 Homerum
905 1149 939 1211 in
980 1147 1079 1211 Iliade
1114 1146 1166 1210 rel
1207 1145 1349 1232 Odyssea
1384 1167 1452 1210 esse
1487 1146 1690 1231 complexum
1724 1147 1876 1232 quidquid

684 1252 722 1318 de
754 1251 894 1329 Achille,
926 1252 964 1317 de
996 1254 1255 1337 Agamemnone,
1287 1251 1326 1315 de
1358 1250 1452 1316 l'lixe
1482 1251 1616 1336 aliisque
1647 1255 1873 1338 antiquissimo

685 1367 828 1443 tempore
858 1361 890 1422 in
922 1359 1046 1423 arcibus
1070 1365 1128 1422 τῶν
1152 1358 1292 1421 ἀνάκτων
1316 1378 1334 1421 a
1357 1357 1521 1442 rhapsodis
1543 1366 1717 1423 caneretur.
1741 1358 1790 1423 Ab
1815 1358 1874 1423 hae

684 1470 793 1529 autem
816 1467 971 1528 sententia
995 1464 1047 1529 rel
1070 1463 1265 1550 cyclieorum
1291 1465 1471 1550 fragmenta
1490 1486 1546 1528 nos
1565 1464 1721 1530 deterrere
1741 1464 1871 1541 debent;

685 1572 815 1635 fuerunt
844 1591 917 1635 sane
948 1571 1044 1636 fortes
1076 1578 1149 1635 ante
1181 1573 1455 1657 Agamemnonem
1489 1573 1543 1654 qui
1576 1577 1682 1635 vatem
1706 1592 1804 1635 sunm
1828 1572 1873 1634 in·

685 1683 857 1753 venerunt,
889 1676 962 1741 licet
993 1678 1154 1743 Homerus
1185 1678 1224 1741 de
1255 1680 1296 1740 iis
1327 1676 1436 1751 sileat,
1461 1676 1515 1739 sed
1538 1677 1667 1741 fuerunt
1690 1700 1737 1740 rea
1760 1699 1873 1761 quoquc

684 1785 720 1847 ab
741 1786 951 1864 Aaronem-roae
967 1792 1068 1864 pastae
1090 1804 1167 1868 quas
1192 1784 1352 1848 Homerus
1374 1804 1435 1847 non
1460 1785 1575 1868 tangit.
1599 1782 1650 1847 Sic
1669 1782 1873 1859 fabularum,

684 1910 764 1975 quae
795 1889 833 1953 de
865 1891 1043 1969 πολυτρόπῳ
1074 1888 1170 1954 Ulixe
1200 1892 1234 1952 in
1257 1888 1369 1974 populi
1394 1909 1447 1952 ore
1470 1889 1624 1974 rigebant
1647 1895 1680 1952 et
1703 1888 1872 1969 virebant,

679 2003 796 2079 partem
828 1994 970 2080 aliquam
999 1998 1033 2060 in
1065 1995 1206 2080 Odyssea
1237 2016 1294 2058 sua
1326 1998 1468 2081 optimus
1491 1993 1544 2058 sed
1567 2015 1629 2059 non
1653 1994 1758 2057 aaziae
1779 1998 1875 2078 poeta

685 2104 865 2187 posteritati
891 2100 1031 2165 tradidit.

731 2207 799 2286 Qua
830 2228 864 2271 re
894 2213 926 2272 et
949 2228 1009 2292 ego
1034 2214 1113 2292 puto
1139 2242 1181 2255 —
1205 2227 1277 2270 nam
1303 2213 1469 2290 procerte
1494 2205 1615 2290 aliquid
1640 2210 1777 2269 statuere
1803 2205 1877 2288 quis

685 2317 719 2377 in
751 2311 810 2376 tali
840 2333 873 2376 re
906 2310 1041 2376 audeat?
1066 2349 1107 2361 —
1132 2310 1323 2398 Telegoniae
1354 2320 1582 2398 argumentum
1616 2310 1713 2375 luisse
1737 2311 1878 2395 peranti-

687 2439 787 2505 quum
806 2425 839 2482 et
858 2420 992 2482 minime
1013 2439 1081 2482 esse
1101 2424 1208 2482 ortum
1228 2439 1246 2482 e
1266 2416 1431 2482 vocabulis
1451 2417 1484 2493 ἐξ
1503 2416 1580 2487 ἁλός
1599 2415 1683 2481 male
1696 2414 1876 2500 explicatis,

685 2524 738 2588 sed
763 2523 886 2588 duobus
911 2523 997 2588 hisce
1021 2522 1186 2587 vocabulis
1209 2544 1227 2586 a
1250 2526 1384 2608 posteris
1407 2523 1479 2587 data
1497 2542 1591 2607 opera
1610 2519 1877 2607 significationem

692 2654 726 2703 „c
756 2629 853 2692 anuri'’
886 2650 954 2693 esse
980 2630 1187 2705 attributam,
1212 2635 1248 2691 ut
1272 2627 1444 2713 'Pelagonia
1469 2636 1541 2713 apte
1567 2626 1725 2713 Odysseae
1748 2627 1876 2692 adnecti

687 2743 794 2820 posset
808 2733 842 2813 ¹).
874 2733 981 2798 Simul
1011 2735 1143 2799 fortasse
1172 2741 1248 2799 tuno
1279 2735 1415 2800 verbum
1446 2734 1548 2814 πέφνῃ
1572 2755 1628 2818 pro
1651 2732 1713 2797 alio
1737 2733 1878 2798 rerboa

689 2840 784 2907 sciolo
809 2848 856 2904 est
879 2843 1054 2904 invectum.

731 2947 870 3011 Eandem
901 2949 1067 3011 materiem
1101 2945 1271 3031 Sophocles
1304 2949 1452 3009 tractarit
1483 2950 1515 3009 in
1539 2945 1704 3031 tragoedia
1728 2944 1875 3031 Niptris,

688 3053 770 3141 quod
797 3073 913 3118 nornen
942 3052 1018 3118 licet
1050 3051 1150 3118 semel
1180 3060 1305 3117 tantum
1330 3050 1415 3136 apud
1439 3050 1572 3116 Suidam
1596 3058 1627 3117 et
1650 3051 1806 3116 Photium
1830 3071 1877 3115 re

689 3164 839 3247 periatur,
871 3181 945 3224 eum
977 3158 1052 3224 alibi
1084 3160 1246 3246 tragoedia
1275 3159 1383 3223 audiat
1408 3159 1575 3227 Ὀδυσσεὺς
1599 3158 1800 3235 decuteret&
1824 3157 1877 3224 vel

688 3273 738 3330 ’0.
770 3266 985 3344 τραυματίας,
1019 3265 1118 3350 vulgo
1150 3265 1332 3329 defenditur
1363 3262 1524 3329 Ciceronis
1547 3267 1737 3329 auctoritate
1760 3263 1876 3341 allata,

689 3375 743 3457 qui
771 3371 861 3435 Tusa.
887 3371 918 3435 II
943 3371 986 3435 48
1011 3372 1120 3447 docet,
1148 3371 1327 3435 Pacuvium
1351 3370 1539 3454 Sophoclem
1564 3372 1730 3434 imitatum
1753 3391 1822 3435 ease
1844 3374 1877 3434 in

690 3478 851 3562 tragoedia
883 3478 1017 3560 rl'iptria.
1050 3478 1283 3564 Eugammonis
1315 3498 1390 3540 vero
1421 3475 1626 3564 'telegoniam
1661 3479 1781 3563 tragico
1806 3485 1878 3541 ante

691 3582 797 3648 oculos
829 3583 926 3646 fuisse
957 3583 1039 3646 mihi
1072 3584 1200 3667 quidem
1229 3587 1282 3646 vix
1308 3582 1435 3646 videtur
1459 3582 1622 3660 credibile,
1648 3589 1877 3669 argumentum

691 3696 800 3755 autem
824 3689 1004 3776 tragoediae
1028 3689 1221 3774 Sophocleae
1245 3690 1470 3773 inspiciamus:

736 3794 847 3859 Ulixes
871 3817 997 3880 prorsus
1020 3798 1159 3859 incertus
1183 3796 1220 3858 de
1245 3817 1339 3859 sensu
1363 3793 1501 3859 Tiresiae
1522 3796 1692 3858 verborum
1713 3793 1795 3858 adiit
1814 3815 1880 3859 ore·

691 3899 802 3967 culum
841 3899 1047 3965 Dodonaeum
1083 3907 1271 3986 rogaturus,
1315 3921 1450 3985 quanam
1485 3904 1517 3963 in
1552 3904 1681 3986 regione
1714 3901 1879 3966 hominem

693 4029 799 4072 rernm
823 4010 1060 4071 maritimarum
1084 4010 1233 4092 ignarum
1257 4010 1401 4072 invenire
1425 4014 1539 4091 posset.
1564 4005 1668 4070 Simul
1691 4028 1878 4092 responsum

693 4113 781 4191 tulit,
801 4119 838 4177 ut
858 4112 959 4177 afilia
980 4120 1104 4178 caveret
1124 4123 1269 4177 mortem.
1291 4112 1430 4177 Homine
1450 4112 1507 4177 illo
1523 4112 1608 4177 haud
1620 4113 1758 4178 dublein
1771 4113 1880 4199 Epiro,

694 4223 824 4284 fortasse
847 4219 886 4283 ad
911 4225 1052 4283 montem
1073 4220 1201 4294 Oetam,
1222 4222 1352 4282 invento
1373 4218 1484 4283 Ulixes
1504 4222 1570 4282 suis
1589 4222 1718 4304 ignotus
1737 4218 1880 4284 Ithacam

694 4329 874 4401 revertitur,
886 4324 939 4389 sed
952 4327 1134 4411 agnoscitur
1144 4325 1183 4386 ab
1193 4324 1360 4410 Euryclea,
1374 4331 1411 4389 ut
1422 4329 1455 4388 in
1466 4323 1606 4409 Odyssea
1616 4331 1664 4389 est
1674 4324 1882 4411 descriptum.

695 4430 814 4493 Eodem
852 4438 958 4495 autem
995 4432 1044 4494 die
1079 4430 1257 4515 Telegonus
1293 4435 1409 4494 missus
1444 4452 1462 4494 a
1497 4436 1599 4494 matre
1634 4437 1671 4495 ut
1701 4434 1881 4517 genitorem

696 4544 859 4621 quaereret.
882 4545 1069 4621 tempestate
1092 4540 1124 4600 iu
1148 4536 1290 4600 ithacam
1314 4545 1362 4601 est.
1386 4536 1509 4602 delatus
1533 4538 1642 4620 ibique
1665 4557 1759 4623 agros
1784 4561 1883 4624 popu·

696 4641 761 4705 lare
785 4644 895 4724 coepit.
922 4639 1066 4707 Clamore
1089 4649 1157 4706 orto
1186 4642 1292 4706 t'lires
1317 4664 1389 4706 oum
1412 4643 1533 4707 advena
1557 4663 1646 4707 arma
1666 4643 1800 4719 confert,
1821 4665 1885 4730 qua

732 4884 757 4946 l)
775 4884 813 4931 Sic
831 4884 877 4931 iam
896 4887 964 4931 antea
983 4882 1120 4930 Welclrcrua
1138 4882 1232 4930 Griech.
1250 4883 1319 4946 Trag.
1338 4901 1361 4948 p.
1379 4886 1436 4932 245.
