5125 6150
692 820 763 893 ,276
1133 839 1175 888 nn
1199 842 1411 891 numerosus.

693 1025 870 1092 maenaque
902 1003 1024 1089 templo
1056 1005 1242 1079 honoratae,
1274 1027 1331 1091 pro
1354 1007 1499 1093 nympha
1521 1028 1635 1094 graeca
1658 1012 1701 1074 sit
1724 978 1897 1078 habenda?

740 1113 906 1177 Postremo
947 1113 1091 1196 suspicor
1132 1118 1164 1176 et
1206 1110 1365 1176 Helenam
1400 1112 1509 1191 illam,
1545 1135 1642 1200 quam
1679 1115 1827 1183 Theseus
1863 1122 1898 1184 in

694 1218 814 1304 templo
845 1218 965 1282 Dianae
997 1217 1128 1281 Orthiae
1159 1215 1330 1282 saltantem
1363 1221 1472 1303 rapuit
1489 1217 1521 1299 1),
1554 1226 1750 1287 Amazonem
1783 1225 1897 1291 fuisse.

693 1323 879 1411 Tyndareus
900 1326 1003 1400 onim,
1026 1322 1167 1387 Helenae
1187 1330 1288 1408 pater,
1309 1346 1384 1388 cum
1404 1324 1488 1390 filiae
1509 1348 1620 1411 procos
1640 1328 1771 1415 adigere
1793 1331 1899 1398 vellet

694 1431 734 1496 ad
757 1430 997 1508 iusiurandum,
1023 1451 1085 1515 qno
1110 1428 1251 1495 Helenae
1274 1433 1447 1516 maritique
1468 1434 1572 1498 vitam
1595 1435 1634 1499 ab
1658 1438 1748 1500 omni
1773 1438 1898 1503 iniuria

694 1558 727 1602 se
759 1537 941 1602 defensuros
977 1538 1201 1621 promitterent
1230 1515 1381 1614 invenes,
1418 1560 1490 1622 equo
1521 1546 1649 1604 mactato
1680 1562 1738 1625 per
1769 1542 1897 1608 hostiae

693 1642 789 1719 τόμια
820 1646 941 1708 iuratos
971 1644 1144 1707 obstrinxit
1157 1642 1193 1722 ¹).
1227 1641 1264 1706 In
1297 1642 1476 1729 Lysistrata
1498 1652 1608 1710 antem
1631 1646 1742 1712 fabula
1756 1645 1793 1729 ³),
1821 1671 1897 1714 cum

693 1748 732 1815 de
755 1749 941 1815 coniurandi
965 1751 1086 1813 ratione
1110 1747 1268 1833 modoque
1292 1751 1376 1814 inter
1400 1749 1534 1815 feminas
1558 1750 1594 1816 fit
1614 1772 1739 1830 sermo,
1765 1773 1835 1819 una
1859 1776 1897 1819 ex

691 1857 732 1921 iis
763 1878 867 1941 aquam
895 1855 994 1918 album
1017 1856 1151 1919 mactari
1173 1855 1281 1931 iubet,
1306 1875 1403 1939 quem
1427 1876 1551 1922 morem
1575 1857 1616 1922 ad
1637 1859 1821 1925 Amazones
1845 1881 1897 1946 op

692 1965 774 2028 timo
804 1965 873 2027 iure
903 1982 987 2026 unns
1017 1983 1034 2026 e
1065 1963 1178 2046 priscis
1209 1962 1438 2046 interpretibus
1461 1964 1494 2025 in
1519 1962 1647 2028 scholiis
1672 1965 1782 2031 refert.
1810 1965 1895 2031 Nam

692 2090 789 2154 equos
824 2068 863 2133 ab
897 2067 1111 2132 Amazonibus
1140 2065 1324 2132 immolatos
1357 2075 1588 2134 commemorat
1618 2073 1718 2135 etiam
1748 2071 1894 2137 Pseudo·

691 2173 837 2241 Callisth.
862 2173 919 2251 ΙΙΙ,
945 2172 999 2238 25.
1023 2171 1142 2237 Nullus
1164 2175 1268 2258 igitur
1288 2172 1399 2238 dubito
1420 2176 1497 2258 quin
1516 2174 1677 2262 Tyndarei
1696 2176 1894 2243 sacrificium

691 2279 730 2345 ad
763 2282 962 2345 Amazonum
992 2299 1116 2356 mores,
1141 2278 1263 2344 Helena
1285 2280 1355 2363 ipsa
1379 2278 1418 2342 ad
1441 2281 1616 2346 Amazones
1640 2283 1684 2345 sit
1706 2282 1892 2360 referenda,

689 2389 878 2473 praesertim
898 2406 972 2450 cum
992 2405 1148 2469 equorum
1166 2384 1410 2449 mactandorum
1431 2407 1509 2450 usus
1526 2387 1687 2452 historicis
1698 2391 1803 2454 etiam
1816 2397 1893 2455 tem·

690 2495 820 2579 poribus
850 2490 990 2557 valuerit
1021 2490 1106 2575 apud
1135 2489 1272 2577 Scythas
1285 2489 1321 2570 4),
1354 2493 1376 2554 1.
1397 2512 1425 2556 1.
1456 2491 1541 2577 apud
1564 2491 1724 2578 populum
1749 2516 1891 2579 quocum

690 2603 888 2666 Amazonum
918 2619 1035 2663 nomen
1065 2600 1243 2662 arctissime
1273 2597 1336 2661 fuit
1366 2599 1591 2675 coniunctum,
1623 2600 1680 2664 ubi
1708 2603 1890 2686 priscorum

689 2704 840 2772 Graeciae
873 2702 1052 2769 incolarum
1087 2723 1190 2767 mores
1225 2703 1346 2767 radices
1381 2710 1512 2789 egerant
1546 2703 1758 2772 firmissimas.
1801 2705 1890 2774 Cole-

687 2814 782 2878 batur
815 2810 934 2896 Ephesi
974 2809 1096 2875 Hecate
1131 2808 1288 2894 quaedam
1332 2808 1584 2890 Ἀπαγχομένη,
1627 2811 1734 2876 Rhodi
1777 2813 1888 2887 ‘Enim

689 2917 862 2997 Accipiam
897 2918 974 2981 haec
1005 2936 1023 2980 a
1052 2914 1243 2980 mulieribus
1274 2914 1454 3000 Tlepolemi
1484 2922 1623 2981 mortem
1654 2916 1888 2986 ulciscentibus

686 3046 727 3092 ox
749 3026 860 3091 arbore
883 3042 1033 3109 suspensa
1052 3021 1150 3088 fnisse
1170 3020 1362 3088 tradebatur.
1388 3022 1471 3103 Quid
1491 3025 1575 3089 inter
1595 3021 1687 3089 deam
1708 3023 1884 3110 Ephesiam

684 3139 717 3197 et
751 3129 927 3207 Rhodiam,
964 3127 1041 3214 quid
1070 3132 1155 3192 inter
1186 3148 1237 3192 eas
1268 3135 1300 3192 et
1329 3128 1485 3206 Dianam,
1518 3127 1596 3212 quid
1627 3129 1767 3215 denique
1802 3136 1885 3197 inter

685 3238 820 3304 Dianam
843 3240 948 3322 ipsam
971 3242 1003 3300 et
1026 3237 1202 3300 Amazones
1224 3233 1379 3299 interest?
1401 3235 1514 3300 Nonne
1533 3237 1635 3299 cuivis
1656 3240 1883 3322 perspicuum,

684 3346 827 3428 virgines
857 3341 947 3418 illas,
984 3363 1000 3405 e
1035 3341 1152 3426 quibus
1186 3339 1308 3404 Dianae
1343 3340 1459 3405 chorus
1495 3350 1564 3405 erat
1594 3344 1814 3423 constitutus,
1847 3344 1884 3409 111

685 3470 783 3513 unam
814 3469 923 3513 omnes
954 3446 1116 3512 rettulisse
1140 3448 1242 3530 ipsius
1265 3446 1341 3510 deae
1365 3448 1543 3531 imaginem
1568 3449 1694 3531 saepius
1720 3447 1830 3514 veluti
1852 3453 1884 3514 in

685 3553 823 3639 speculis
843 3554 903 3617 sibi
922 3555 1077 3638 oppositis
1095 3555 1274 3636 repetitam.
1304 3551 1388 3628 „Das
1409 3549 1572 3617 (liittliche
1590 3555 1639 3617 ist
1652 3556 1759 3618 seiner
1780 3556 1884 3621 Natur

684 3660 763 3724 nach
786 3662 836 3722 ein
856 3658 1093 3744 Unbegrenztes
1112 3656 1271 3736 (ἄπειρον),
1296 3658 1351 3722 das
1372 3657 1508 3722 niemals
1529 3657 1629 3723 durch
1649 3662 1720 3724 eine
1741 3660 1881 3739 Person,

684 3765 735 3830 dis
764 3761 913 3828 wirhlich
944 3762 1136 3828 individuell
1166 3763 1336 3849 geworden
1359 3766 1419 3841 ist,
1444 3784 1526 3849 ganz
1549 3764 1730 3850 ausgeliillt
1754 3769 1881 3833 werden

684 3871 780 3936 kann.
804 3869 869 3934 Der
892 3868 1002 3933 Plur'al
1026 3872 1131 3934 istan
1156 3871 1224 3934 sich
1248 3876 1345 3934 etwas
1368 3869 1613 3935 Abstrakteres''
1628 3870 1664 3947 ⁵).

729 3977 874 4041 Fuerunt
904 3978 1009 4061 igitur
1040 3977 1214 4041 Amazones
1242 3997 1352 4042 omnes
1373 3976 1510 4053 Dianae,
1537 3983 1574 4041 ut
1596 3976 1699 4042 Diana
1722 3981 1797 4064 ipss
1821 3983 1881 4047 fuit

684 4086 812 4148 Amazo.
837 4081 947 4166 Neque
966 4084 1001 4144 111
1021 4080 1160 4146 Orientis
1180 4081 1299 4167 angulo
1318 4082 1426 4167 aliquo
1447 4084 1579 4147 obscuro
1600 4081 1652 4147 vel
1672 4086 1706 4147 in
1727 4084 1881 4173 Scythiae

683 4192 813 4275 regione
835 4189 967 4252 hiberna
986 4186 1164 4272 quaerenda
1181 4194 1229 4251 est
1249 4209 1359 4252 aarum
1381 4190 1503 4272 patria,
1522 4187 1576 4252 sed
1595 4189 1641 4252 ihi
1661 4190 1719 4254 ubi
1739 4190 1880 4258 Latonae

683 4295 750 4360 filia
773 4296 965 4380 primarium
988 4314 1112 4377 semper
1134 4293 1243 4358 locum
1262 4297 1296 4357 in
1315 4294 1482 4358 hominum
1502 4295 1666 4359 mentibus
1686 4302 1877 4383 occupavit:

684 4402 718 4465 in
740 4401 807 4483 apso
834 4400 971 4464 Graecia.

688 4552 884 4563 ———-

720 4647 746 4708 l)
764 4644 829 4693 Plut.
847 4643 916 4691 Thes.
938 4642 977 4690 31.
1361 4642 1387 4701 2)
1404 4641 1474 4691 Pana.
1492 4643 1539 4702 111,
1553 4644 1627 4703 aaa

719 4726 862 4790 8)h51iatr.
880 4740 913 4773 va.
932 4724 1024 4787 lalsq.
1358 4725 1385 4786 4)
1404 4722 1501 4773 Lucina.
1519 4725 1600 4789 Scyth.
1617 4727 1642 4775 2.

719 4809 746 4868 b)
765 4806 792 4855 V.
813 4804 971 4856 Wilamowilz
988 4803 1084 4854 Griech.
1102 4804 1173 4868 Trag.
1189 4804 1215 4852 II
1232 4820 1255 4868 p.
1274 4802 1332 4854 alt.
