5125 6150
1006 1425 1390 1516 HOMERIOA.
1617 1454 1628 1471 ·’
1717 1405 1723 1417 ’

1141 1662 1264 1704 somrsrr
1493 1472 1617 1680 M

962 1844 992 1911 J.
1018 1842 1106 1911 VAN
1129 1844 1343 1911 LuuUWEN
1366 1844 1436 1910 dr.

809 1998 1046 2078 (Continuantur
1068 2021 1104 2061 eo
1126 1999 1216 2062 taius
1238 1972 1485 2080 oolamieiepop.
1512 1995 1599 2075 140).

1103 2304 1302 2341 -wow-

1156 2560 1244 2626 XXI.

1034 2763 1076 2810 DE
1099 2761 1208 2811 sums
1232 2761 1377 2811 ruamus.

653 2952 744 3033 Quae
776 2951 814 3017 de
844 2951 912 3038 eqoe‘
946 2951 1069 3015 Troiani
1098 2953 1221 3038 origine
1243 2971 1345 3036 nuper
1366 2949 1540 3034 disputavi,
1563 2951 1722 3015 artissime
1745 2969 1794 3014 oo

601 3060 741 3126 haerent
771 3080 845 3123 oum
876 3056 948 3123 aliis
978 3056 1121 3123 eiusdem
1151 3059 1277 3144 generis
1301 3056 1583 3122 observationibus.
1608 3056 1691 3123 Nam
1715 3076 1795 3140 quae

603 3164 770 3251 simplicia
800 3171 902 3230 essent
935 3171 967 3230 et
998 3163 1082 3229 alma
1104 3162 1176 3230 luae
1198 3166 1321 3250 ingenii
1345 3166 1460 3248 poetici
1481 3161 1633 3239 illustria,
1657 3162 1794 3227 eadum

599 3272 819 3338 recentiorum
842 3273 981 3337 inventis
1004 3270 1193 3346 obruuntur,
1214 3270 1369 3335 deformia
1388 3271 1506 3334 sensim
1525 3275 1558 3334 ei
1577 3269 1709 3334 obseura
1728 3289 1795 3334 esse

602 3379 700 3450 faeta,
733 3382 765 3442 et
792 3398 853 3464 ego
877 3383 949 3442 tum
972 3376 1224 3442 demonstratum
1248 3378 1295 3439 iri
1318 3382 1351 3440 et
1374 3375 1472 3439 multi
1495 3380 1568 3440 ante
1591 3396 1643 3439 me
1667 3374 1795 3440 demon-

600 3489 757 3549 strarunt.
782 3483 829 3549 De
859 3483 958 3547 uuae
978 3488 1087 3549 autem
1107 3489 1172 3546 rote
1190 3482 1348 3567 quaedam
1368 3502 1447 3568 qnae
1466 3481 1577 3547 eodem
1596 3482 1796 3566 pertinebant

600 3594 637 3655 in
670 3589 882 3677 Mnemosyne
913 3591 1025 3675 scripsi
1057 3590 1188 3655 antehae
1204 3588 1238 3669 ¹),
1269 3610 1353 3653 nuno
1385 3586 1467 3653 redit·
1493 3590 1526 3652 in
1550 3594 1690 3653 mentem
1714 3609 1796 3653 oom-

605 3694 792 3761 mentsrioli
823 3696 861 3761 de
902 3694 999 3759 uuae
1029 3696 1161 3771 aedibus,
1189 3716 1286 3780 quern
1310 3699 1382 3759 ante
1406 3697 1583 3759 triennium
1605 3697 1738 3760 recitavi
1762 3696 1795 3758 in

604 3808 703 3868 coetu
737 3799 976 3887 philologorum
1006 3803 1198 3866 nostratium
1228 3799 1494 3866 Amstelaedami*
1516 3807 1795 3888 congregatorum.

603 3906 709 3992 Typis
730 3908 758 3971 is
782 3912 870 3972 extat
893 3928 1029 3974 exousus
1048 3910 1081 3971 in
1102 3908 1191 3972 Actis
1209 3905 1300 3971 illins
1320 3914 1495 3972 conventus
1509 3904 1551 3986 ²);
1574 3908 1796 3993 sedquoniam

602 4014 712 4100 patrio
743 4034 886 4079 sermone
914 4020 963 4078 est
995 4015 1132 4099 scriptus
1164 4018 1197 4077 et
1228 4012 1391 4098 aliquanto
1424 4014 1526 4077 insius
1551 4030 1646 4098 qnam
1670 4018 1798 4097 tempus
1919 4024 1925 4033 '

601 4126 684 4185 tunc
718 4118 842 4184 sinebat
874 4140 924 4185 res
959 4119 1142 4207 exponenda
1176 4118 1314 4197 videtur,
1350 4123 1493 4205 repetam
1526 4120 1579 4183 hio
1609 4140 1690 4203 quae
1721 4124 1797 4182 tuno

605 4225 756 4291 disserui.

653 4426 851 4495 Fabularnm
875 4428 1121 4497 Homericamm
1144 4437 1291 4517 tempora
1313 4433 1341 4497 si
1364 4433 1435 4516 quis
1458 4430 1580 4495 dudum
1598 4429 1798 4514 praeteriisse

604 4538 764 4623 queritur,
785 4534 873 4625 legat
890 4535 946 4605 ille
963 4540 1065 4604 vitam
1077 4537 1310 4621 Sohliemanni,
1328 4544 1360 4603 et
1371 4542 1513 4603 nostram
1525 4558 1648 4623 quoque
1660 4542 1798 4602 aetatem

640 4782 670 4846 1)
688 4780 743 4832 vid.
763 4781 920 4847 Mnemosyne
936 4782 992 4832 anni
1011 4782 1073 4833 1⁸⁹1
1092 4798 1146 4849 pag.
1164 4782 1305 4832 121-141.

638 4865 670 4929 2)
693 4863 749 4914 Vid.
775 4865 942 4931 Handelingen
966 4881 988 4915 r.
1005 4865 1030 4915 h.
1054 4866 1136 4915 darete
1160 4863 1354 4915 Nederlsndeohe
1371 4864 1637 4929 miningas-congrae,
1656 4865 1728 4924 leae,
1746 4880 1798 4929 pag.

606 4944 717 4999 tl-aa

1618 5045 1649 5094 lo
