5125 6150
1118 809 1283 859 romnus.
1731 796 1791 861 191

602 970 676 1036 vot.
702 971 764 1036 26:
798 971 985 1042 ἐκπεσόντας
1010 973 1041 1035 ίν
1065 972 1187 1055 βραχεῖ
1207 981 1265 1039 τῶν
1290 977 1415 1051 άγαάῶν
1438 975 1594 1043 άπάντυν.
1619 976 1703 1042 Dial.
1728 978 1794 1042 Me·

599 1082 678 1143 retr.
704 1075 787 1141 6.4:
821 1079 847 1140 εί
879 1077 975 1148 ίίλιις
1007 1080 1037 1143 ἐν
1059 1078 1183 1159 βραχεῖ
1204 1080 1310 1158 λίγειν
1334 1083 1465 1153 άπάσας
1490 1082 1669 1160 ίνδειξάσας
1693 1106 1728 1148 σε
1751 1085 1792 1162 τῷ

598 1182 759 1260 δακτύλῳ.
788 1180 999 1248 Conseruntur
1021 1183 1083 1249 loci
1106 1206 1186 1270 quos
1208 1185 1348 1253 Gobetus
1370 1189 1438 1252 iam
1460 1188 1574 1252 attulit
1596 1189 1725 1275 Peregr.
1752 1188 1794 1255 13

599 1295 634 1353 et
659 1287 754 1353 Rhet.
780 1307 881 1372 praec.
903 1287 934 1354 3.

649 1479 667 1562 ᾖ
688 1477 740 1542 12.
774 1476 907 1562 Aliquid
937 1477 1151 1562 supplendum
1174 1485 1240 1544 est:
1264 1479 1419 1543 συνέπινεν
1444 1481 1546 1551 αὐτοῖς
1570 1479 1738 1561 (καίτοι)
1760 1483 1792 1546 οὔ

599 1583 687 1647 πάνυ
710 1583 829 1661 χαίρων
851 1592 890 1661 τῇ
914 1582 1040 1662 σοιαύτρ
1064 1583 1216 1664 διατριβῇ.

647 1769 666 1850 ξ
689 1767 741 1830 14.
775 1767 926 1832 Traditur
956 1768 1115 1853 quomodo
1146 1767 1311 1835 Chariclea
1338 1771 1459 1835 nefaria
1480 1770 1600 1836 mulier
1621 1772 1792 1856 perdiderit

599 1872 751 1949 Diniam,
783 1871 1018 1937 adulescentem
1048 1872 1260 1957 praedivitem
1291 1881 1323 1938 et
1346 1878 1480 1940 minime
1504 1875 1645 1954 malum,
1670 1876 1725 1941 sed
1748 1878 1794 1940 ειν

600 1978 813 2054 εξαπάτντον.
846 1978 1039 2058 Περιέχουσα
1072 1979 1269 2058 πανταχόθεν
1301 1979 1352 2044 καί
1385 1979 1634 2058 διαπείρασα
1662 1979 1712 2047 ὅτε
1737 1983 1791 2058 ἤδη

598 2083 808 2147 παντάπασιν
839 2084 959 2162 ἐκράτει
969 2131 977 2160 ,
1010 2085 1090 2157 αὐτή
1122 2108 1155 2148 σε
1187 2085 1330 2148 άπιίλεσο
1364 2086 1421 2150 ὑπὸ
1452 2095 1507 2160 σῆς
1538 2085 1642 2165 άγρας
1674 2088 1725 2151 καί
1749 2091 1791 2167 τῷ

598 2188 800 2262 κακοδαίμονι
826 2190 934 2270 Δεινίιρ
955 2195 1066 2268 μυρίων
1091 2192 1191 2254 κακῶν
1215 2190 1302 2254 αίτία
1327 2191 1458 2266 ἐγίνετο.
1492 2192 1554 2257 Hic
1578 2214 1706 2277 prorsus
1729 2215 1793 2258 non

599 2293 752 2380 intelligo
773 2295 906 2359 verbum
928 2294 1091 2371 διαπείρειν
1111 2301 1144 2359 et
1163 2295 1281 2360 leniter
1294 2299 1468 2381 corrigam:
1491 2295 1792 2376 διαπειράσασα.
1885 2304 1889 2310 “

599 2399 725 2463 Eodem
755 2398 851 2463 modo
881 2398 1034 2483 Iosephus
1065 2402 1191 2483 scripsit
1222 2399 1331 2483 Antiq.
1356 2400 1416 2463 XV
1440 2403 1458 2486 ς
1478 2399 1520 2467 97
1545 2403 1583 2466 de
1606 2400 1792 2487 Cleopatra:

598 2503 790 2584 διεπείραζεν
814 2505 858 2575 είς
881 2505 1039 2569 συνουσίαν
1063 2505 1158 2568 εὀιίεῖν
1181 2506 1222 2582 τῷ
1246 2505 1380 2582 βασιλεῖ
1400 2506 1558 2588 (Herodi).

645 2705 740 2792 515.
773 2704 937 2772 chariclea
966 2707 1042 2769 άλλ’
1074 2705 1125 2769 ἐπὶ
1156 2691 1273 2778 τούτοις
1307 2704 1421 2773 ἔπενίει
1457 2703 1506 2789 (ᾧ)
1538 2708 1590 2772 καί
1614 2707 1665 2773 σδν
1688 2706 1791 2772 άάλιον

600 2815 762 2878 ἀπώλλυε.
787 2810 882 2875 Vides
907 2810 984 2895 quid
1007 2810 1098 2875 desit.

645 3014 746 3100 §162
782 3015 878 3079 ἄλλον
909 3014 979 3079 τινά
1010 3022 1114 3092 Κρῆτα
1148 3014 1301 3080 νεανίσκον
1332 3021 1390 3079 σῶν
1421 3015 1659 3096 ὑποχρύσων
1689 3014 1788 3094 ε’ίνίρα.

597 3121 836 3186 Herwerdenus
856 3121 967 3185 Marem.
986 3118 1073 3186 1879
1089 3142 1120 3205 p.
1136 3119 1177 3185 97
1198 3123 1334 3184 coniecit
1353 3121 1620 3200 πολυχρύσων
1640 3120 1790 3205 idemque

598 3250 661 3313 ego
694 3248 748 3292 sex
779 3229 870 3290 annis
900 3231 974 3290 ante
1005 3225 1262 3289 commendaram
1292 3227 1405 3289 Mrem.
1439 3224 1525 3291 1873
1557 3248 1587 3311 p.
1621 3225 1703 3307 1613
1736 3226 1790 3290 sed

597 3353 671 3397 sero
704 3334 871 3406 venimus,
904 3351 981 3394 nam
1013 3327 1172 3394 Graevius
1195 3331 1255 3394 hoc
1278 3333 1345 3394 iam
1368 3331 1508 3407 viderat,
1534 3333 1625 3396 cuius
1650 3332 1790 3396 animad-

597 3440 761 3502 versiones
789 3442 960 3520 supersunt
981 3437 1015 3499 in
1039 3436 1197 3520 farragine
1221 3435 1481 3514 adnotationum,
1506 3438 1623 3521 quibus
1647 3436 1790 3502 Reitzius

595 3542 772 3607 editionem
807 3560 900 3605 suam
935 3542 1080 3604 oneravit
1114 3543 1218 3625 magis
1250 3562 1347 3625 quam
1380 3544 1521 3619 emavit;
1555 3547 1670 3624 quotus
1702 3544 1788 3605 euim

595 3651 734 3732 quisque
765 3653 815 3710 est
845 3648 901 3731 qui
928 3648 1029 3730 spissa
1052 3644 1219 3710 volumina
1241 3650 1397 3711 sustineat
1419 3654 1599 3731 perreptare
1622 3654 1660 3711 ut
1682 3668 1720 3711 ex
1744 3650 1790 3711 in-

594 3756 687 3838 genti
711 3750 959 3837 quisquiliarum
984 3757 1072 3815 strue
1095 3771 1194 3814 unam
1217 3758 1250 3815 et
1272 3751 1407 3816 alteram
1425 3751 1577 3836 glandem
1597 3755 1787 3837 expiscetur.

595 3857 756 3941 Equidem
787 3855 854 3942 legi
885 3863 917 3920 et
947 3857 1105 3940 excerpsi,
1130 3855 1202 3931 sed,
1228 3856 1338 3934 fateor,
1362 3858 1459 3921 bonas
1483 3858 1578 3922 horas
1600 3856 1715 3921 utilius
1738 3858 1789 3922 dc

594 3965 730 4027 bneram
754 3960 917 4026 collocare.

642 4146 744 4232 §ldt
776 4143 861 4219 αὖθις
893 4150 910 4223 οἱ
943 4143 1030 4226 ι’ίβρα
1054 4146 1106 4211 καί
1130 4148 1172 4211 τά
1196 4147 1388 4225 γραμμάτια
1414 4149 1466 4212 καί
1490 4150 1647 4228 μίμψιο
1672 4144 1716 4212 ίσι
1740 4149 1786 4223 μὴ

598 4259 714 4319 πολλοῦ
740 4253 846 4332 κρίνου
870 4254 1015 4331 occurso.
1039 4252 1163 4318 lmmo:
1187 4255 1384 4333 μέμψεις.

642 4457 660 4540 §
684 4454 736 4519 18.
768 4454 900 4520 Toxaris
928 4459 1067 4543 ingenue
1092 4458 1272 4521 admiratur
1296 4455 1524 4541 Agathoclem,
1549 4458 1604 4540 qui
1627 4476 1694 4520 sese
1718 4461 1785 4520 tam

598 4566 795 4625 constantem
819 4564 1028 4645 praestitisset
1052 4566 1085 4626 in
1109 4564 1269 4627 amicitia:
1291 4564 1382 4639 πλήν,
1403 4564 1527 4646 inquit,
1552 4556 1614 4625 οὖν
1639 4560 1722 4626 δέδια
1740 4562 1785 4638 μή

594 4689 662 4730 τινα
695 4665 749 4729 καί
774 4663 869 4729 ἄλλον
892 4661 992 4741 ίμοιον
1015 4665 1104 4748 είπρς
1131 4668 1225 4743 αὐτῷ.
1251 4666 1350 4731 Plane
1374 4668 1570 4732 contrarium
1593 4668 1784 4749 requiritur:

597 4774 676 4845 πλὴν
702 4772 743 4835 οὐ
768 4770 869 4849 δέδια,
894 4772 949 4837 sed
971 4776 1141 4858 occuparit
1165 4775 1325 4858 corrigere
1348 4772 1545 4838 Schwaruius
1564 4772 1675 4838 Macra.
1698 4769 1785 4838 1886

595 4897 625 4961 ρ.
649 4874 728 4941 280.
