5125 6150
947 847 990 892 nn
1013 845 1145 893 nrunos
1168 845 1437 894 acsmrnmnsus.
1717 827 1782 893 801

633 1009 673 1073 ln
699 1007 799 1071 titulo
822 1007 1015 1071 dedicatorio
1039 1004 1110 1071 les
1136 1007 1152 1070 1
1178 1028 1229 1072 no.
1256 1005 1373 1072 atara
1396 1008 1444 1072 bis
1468 1009 1643 1072 Πολυκλείω
1669 1008 1785 1086 editur,

585 1134 666 1178 eum
686 1115 868 1197 requiratur
885 1113 1091 1190 IIoAsxArsiu3
1106 1112 1217 1176 deinde
1230 1112 1437 1194 Ἠσχριῶνδαο
1450 1113 1646 1190 escaramis
1661 1114 1785 1191 Θειβὴω

585 1221 713 1284 mentio
742 1217 796 1295 tit,
834 1220 889 1302 qui
919 1220 952 1282 in
983 1217 1080 1283 titulo
1110 1221 1256 1302 sequenti
1287 1225 1350 1298 (nc.
1384 1218 1472 1284 2724
1482 1219 1530 1304 b,)
1561 1221 1669 1282 minus
1700 1225 1784 1284 recte

582 1332 677 1404 (nem
703 1321 913 1402 Ἠσχριώνδαις
938 1344 1053 1387 nomen
1078 1325 1245 1407 proprium
1269 1325 1395 1408 saepius
1418 1326 1451 1387 in
1474 1324 1606 1389 Boeotia
1630 1325 1784 1399 occurrit,

584 1449 767 1512 numquam
802 1432 911 1492 eutem
943 1426 1154 1509 Ἠσχρώνδας)
1185 1427 1383 1506 Ἡσχρώνδαις
1408 1427 1470 1493 dici
1493 1428 1631 1493 videtur.
1656 1426 1785 1492 Vitione

586 1534 666 1599 haec
700 1533 803 1597 dende
829 1537 903 1596 sunt
925 1531 1080 1617 lapicidae
1104 1535 1234 1617 antiquo
1258 1553 1298 1597 an
1322 1534 1445 1598 homini
1469 1539 1553 1598 certe
1577 1533 1782 1610 doctissimo,

586 1640 646 1723 qui
669 1641 787 1703 nostris
810 1639 1009 1724 temporibus
1031 1638 1152 1722 Iapides
1175 1637 1363 1723 exscripsit?

634 1743 805 1827 Inscriptio
830 1743 938 1808 eadem
962 1764 1057 1807 versu
1077 1746 1190 1827 quinto
1208 1747 1317 1809 virum
1337 1745 1526 1829 primarium
1544 1743 1655 1808 laudet
1675 1742 1782 1827 [Apat-

584 1861 703 1913 τυλλον
737 1845 952 1926 Ἀμφιδοέμιον
985 1849 1149 1927 'ripam
1184 1847 1310 1913 Nomen
1343 1850 1484 1913 hominis
1519 1851 1677 1914 incertum
1713 1854 1777 1927 est;

585 1951 809 2036 [Epicureos
832 1953 965 2018 fortasse
990 1954 1062 2016 fuit.

635 2056 766 2121 Titulus
796 2055 867 2122 les
893 2058 985 2122 1110.
1011 2056 1128 2122 2724d
1156 2078 1271 2122 nomen
1296 2056 1434 2123 celebret
1457 2059 1649 2138 Εὐφαμίδαο
1674 2057 1784 2135 oscyt-

587 2164 664 2244 s[roc
689 2165 861 2245 ..quvei'oa
885 2162 1141 2227 Admirationem
1164 2168 1275 2229 movet
1297 2162 1411 2228 leeune
1429 2185 1491 2228 non
1511 2162 1652 2248 expleta,
1673 2166 1783 2228 nnius·

586 2270 747 2351 cuiusque
778 2270 863 2333 enim
886 2273 934 2333 est
958 2271 1144 2351 [Kopasrtoc
1168 2290 1330 2353 reponere.
1356 2266 1511 2334 Graviore
1534 2274 1642 2334 tamen
1663 2271 1782 2334 incom-

587 2373 686 2438 modo
709 2374 787 2438 haec
809 2375 975 2457 inscriptio
998 2372 1131 2438 laborat.
1155 2372 1192 2436 In
1215 2373 1276 2437 tine
1300 2381 1360 2453 (vs.
1383 2371 1417 2453 7)
1439 2377 1577 2438 occurrit
1597 2375 1782 2450 Δαμήνετος

586 2481 779 2560 Ἰσσχ1[ν]αο
803 2486 1000 2555 Ταναγρῆος.
1026 2477 1126 2542 Plane
1148 2477 1332 2542 inauditum
1357 2485 1404 2543 eet
1426 2500 1542 2543 nomen
1567 2478 1715 2558 Ἰσχίνας.
1746 2477 1781 2543 Si

585 2589 697 2648 tamen
720 2590 828 2648 mente
852 2582 1012 2659 revolvis,
1036 2583 1195 2659 homines,
1221 2586 1277 2667 qui
1300 2584 1435 2648 Athenis
1459 2583 1654 2662 „Aicxtvnc”
1675 2581 1781 2667 appel·

587 2689 749 2765 labentur,
769 2709 929 2762 sermone,
951 2709 1014 2771 qno
1035 2687 1147 2753 Boeoti
1165 2688 1349 2764 utebantur,
1371 2688 1568 2767 „Ambae”
1590 2688 1653 2751 dici
1668 2686 1778 2764 solere,

587 2797 702 2859 statim
724 2793 940 2874 „'Hccxs'vao”
961 2793 1130 2858 rescribere
1152 2799 1283 2877 paratus
1303 2795 1375 2857 eris.
1399 2792 1546 2870 Accedit,
1568 2793 1652 2877 qnod
1669 2792 1780 2871 Ἡσχὶ-

587 2922 663 2976 νας,
700 2901 751 2962 uti
784 2897 907 2962 Indices
938 2898 1173 2979 demonstrant,
1205 2898 1322 2982 quibus
1354 2897 1599 2981 „Inscriptiones
1629 2894 1781 2962 Graeciae

587 3003 875 3090 Septentrionslis'’
897 3010 1025 3068 ornatae
1044 3009 1135 3081 sunt,
1148 3023 1265 3067 nomen
1278 3008 1327 3067 est
1337 3005 1370 3066 in
1382 3003 1514 3068 Boeotia
1525 3003 1779 3068 celeberrimum.

589 3110 752 3194 Denique,
773 3112 800 3173 si
821 3110 900 3174 torte
924 3108 1095 3194 paululum
1119 3109 1261 3185 dubites,
1286 3130 1366 3173 num
1389 3110 1510 3174 formae
1534 3110 1670 3175 traditae
1694 3118 1782 3175 ΙΣΣ-

589 3222 728 3281 xl.A0
761 3235 876 3279 nomen
908 3214 1125 3301 tritissimum:
1149 3223 1277 3279 ΗΣΣΧΙ
1293 3224 1371 3278 .Λο
1405 3216 1593 3291 substituas,
1623 3214 1723 3279 velim
1746 3217 1780 3279 in

588 3326 734 3386 mentem
765 3319 826 3383 tibi
856 3323 965 3384 veniet
987 3322 1185 3385 coniecturae
1208 3319 1483 3406 elegantissimae,
1508 3341 1605 3404 qnam
1628 3320 1667 3384 ad
1691 3320 1782 3385 tituli

588 3426 733 3492 eiusdem
757 3446 887 3490 versum
911 3428 1061 3510 quintum
1086 3426 1163 3491 fecit
1182 3425 1419 3512 Dittenberger.
1442 3426 1593 3492 Traditur
1611 3447 1706 3493 versu
1724 3426 1781 3494 illo

589 3532 880 3611 ,seponamus
904 3530 1092 3609 ΚΩΠΙΩ”;
1122 3529 1287 3595 lenissima
1309 3531 1365 3595 sed
1387 3534 1566 3596 certissime
1587 3531 1713 3598 medela
1735 3553 1781 3598 re

589 3640 698 3723 posuit
722 3638 775 3700 vir
796 3657 944 3700 summus
968 3636 1142 3713 „Korsiai

635 3742 823 3825 Inscriptio,
858 3761 938 3825 quae
973 3741 1160 3828 designatur
1191 3739 1261 3807 lus
1295 3741 1310 3804 1
1344 3762 1395 3806 no.
1428 3738 1527 3819 2727,
1563 3745 1608 3807 sic
1643 3744 1776 3828 incipit:

591 3849 736 3925 „Aerios
768 3845 949 3925 ἄρχοντος”.
981 3846 1207 3931 Dittenberger
1237 3847 1362 3910 homini
1392 3867 1508 3912 nomen
1532 3848 1630 3912 fuisse
1654 3850 1781 3933 scripsit

589 3953 703 4030 ’Λντίῳ
735 3952 787 4030 (cf.
819 3951 917 4016 Index
941 3953 1133 4029 nominum).
1164 3950 1235 4015 Non
1257 3971 1358 4035 nege,
1383 3972 1500 4016 nomen
1523 3955 1689 4037 proprium
1712 3954 1782 4019 Ἀν-

590 4061 653 4123 rbs
688 4054 817 4122 Graecis
849 4058 883 4118 in
914 4076 975 4119 usu
1005 4075 1070 4119 esse
1093 4057 1250 4139 potuisee;
1275 4054 1463 4140 exemplum
1485 4062 1592 4123 tamen
1617 4058 1782 4142 hucusque

589 4161 720 4227 nullum
750 4166 914 4244 repertum
947 4166 994 4225 est
1025 4160 1161 4240 (Aerios
1191 4161 1237 4235 is,
1269 4162 1361 4224 euius
1384 4164 1505 4226 mentio
1528 4162 1564 4227 fit
1588 4163 1670 4247 App.
1694 4163 1731 4230 Β.
1744 4161 1780 4230 G.

590 4269 622 4331 4.
637 4267 681 4331 40
712 4266 878 4330 Romanus
909 4271 976 4342 est,
1009 4287 1072 4331 non
1104 4263 1270 4345 Graecus).
1295 4263 1414 4331 Oontre
1440 4266 1570 4337 'Arriae
1594 4287 1710 4331 nomen
1734 4271 1783 4331 est

576 4374 727 4445 ,minime
749 4373 900 4456 ignotum
925 4379 970 4450 (v.
995 4392 1021 4435 e.
1047 4368 1117 4437 OIA
1142 4368 1162 4432 2
1185 4390 1236 4434 no.
1264 4369 1380 4449 1915);
1405 4369 1488 4434 unde
1513 4392 1587 4436 vere
1606 4392 1658 4436 me
1677 4370 1782 4437 iudice

588 4481 657 4544 iam
696 4475 845 4541 Benseler
881 4478 1070 4560 genetivum
1104 4481 1251 4539 nostrum
1283 4475 1405 4539 'Aurios
1435 4473 1635 4542 derivaverat
1669 4476 1783 4561 (Papa

588 4578 757 4649 Benseler³
780 4579 846 4657 94).

636 4684 766 4749 'I'itnlus
797 4681 867 4749 lus
892 4684 908 4747 1
934 4705 984 4747 no.
1009 4680 1098 4748 2756
1130 4683 1274 4770 elogium
1298 4690 1360 4762 est,
1386 4706 1489 4749 unum
1511 4684 1705 4751 vocabulum
1729 4706 1780 4751 ex·

588 4792 705 4855 bibens
725 4788 903 4865 „'‘Atsvtc''.
929 4787 1101 4854 MuIIerem
1122 4788 1269 4854 ’stantia
1289 4789 1387 4855 fuisse
1407 4790 1518 4855 scribit
1536 4789 1781 4877 Dittenberger;

588 4917 648 4982 pro
677 4899 765 4959 certo
796 4891 944 4978 equidem
974 4893 1217 4972 affirmaverim,
1250 4894 1399 4961 defuncto
1428 4916 1544 4961 nomen
1566 4897 1665 4961 fuisse
1688 4895 1781 4963 virile

1535 5271 1776 5376 tx
