5125 6150
805 767 849 834 20
1313 786 1478 836 nuemuus.

805 954 845 1032 τῷ
876 952 959 1031 αὐτῷ
990 951 1038 1015 ἀεὶ
1071 951 1146 1015 ἀλλ’
1169 952 1199 1014 ἑν
1222 952 1263 1031 τῷ
1287 958 1520 1030 μετασχεῖν
1542 946 1618 1022 iane
1641 949 1676 1013 τά
1699 951 1822 1028 τερπνὸν
1847 943 1889 1023 ήν.
1920 948 1986 1015 Hie

803 1078 913 1122 omnes
930 1060 1117 1142 interpretes
1136 1059 1323 1133 haeserunt,
1344 1056 1399 1122 sed
1419 1056 1547 1144 Guyeto
1566 1061 1599 1121 et
1615 1054 1860 1122 Hemsterhnsio
1871 1077 1903 1141 p.
1917 1054 1985 1121 531

802 1164 860 1228 ild.
885 1163 955 1249 Bip.
981 1163 1158 1229 emendatio
1183 1186 1245 1228 non
1268 1166 1428 1229 suecessit.
1453 1163 1662 1229 Wetsteinius
1683 1165 1867 1248 scripserat:
1892 1162 1922 1225 ἐν
1941 1163 1986 1241 τῷ

802 1278 976 1350 μετασχεῖν
1000 1268 1112 1346 ἀλλων,
1138 1270 1332 1334 FrItzsebius
1357 1271 1386 1332 θν
1409 1271 1450 1349 τῷ
1474 1278 1650 1350 μετασχεῖν
1669 1272 1801 1346 πολλῶν,
1820 1268 1874 1334 sed
1893 1271 1927 1332 in
1947 1288 1986 1333 sa

801 1375 936 1442 lectione
948 1376 1089 1442 desidero
1100 1379 1218 1441 iustam
1230 1378 1472 1462 oppositionem.
1489 1376 1535 1441 llo
1547 1379 1676 1441 nomine
1688 1374 1831 1440 multum
1842 1378 1985 1460 praestat

800 1484 884 1569 quod
916 1482 1145 1548 Herwerdenus
1175 1485 1373 1569 excogitavit
1395 1483 1506 1545 Mnem.
1533 1480 1618 1547 1879
1642 1504 1673 1567 p.
1699 1481 1782 1548 220:
1807 1482 1840 1546 σθ
1863 1481 1926 1560 γὰρ
1951 1481 1984 1545 ἐν

800 1592 842 1668 τῷ
874 1590 921 1654 ἀεὶ
954 1591 1041 1654 ἀλλά
1072 1590 1124 1654 καὶ
1157 1589 1248 1653 ἐνθστε
1279 1591 1323 1666 μή
1354 1595 1529 1669 μετασχεῖν
1552 1585 1627 1661 θλυς
1652 1589 1687 1652 τθ
1710 1588 1835 1666 τερπνὸν
1858 1582 1902 1666 ήν,
1927 1587 1985 1653 sed

800 1698 896 1759 nimis
926 1716 1056 1781 operosa
1086 1697 1166 1760 ratio
1191 1695 1328 1759 videtur.
1354 1695 1438 1759 Mihi
1460 1694 1636 1780 plurimum
1660 1695 1794 1771 arridet,
1819 1697 1912 1759 utin
1935 1686 1985 1758 in-

799 1808 956 1867 certare:
982 1803 1013 1865 ἐν
1036 1803 1078 1881 τῷ
1102 1803 1153 1878 μή
1178 1798 1406 1881 ἡσυχάζειν
1429 1798 1504 1873 daus
1527 1802 1562 1864 τὸ
1584 1801 1709 1881 τερπνὸν
1733 1797 1776 1875 ήν.

844 2019 992 2085 XXVIII.
1017 2019 1048 2084 2.
1072 2020 1177 2108 Rogat
1199 2020 1372 2106 Menippus
1395 2020 1551 2086 Tiresiam
1574 2022 1630 2104 qni
1652 2041 1690 2085 ex
1710 2018 1844 2084 muliere
1862 2022 1896 2084 in
1915 2040 1983 2085 ma·

798 2149 867 2192 rem
897 2149 1068 2192 conversus
1099 2128 1218 2192 fuerat:
1252 2128 1349 2207 χρόνῳ
1378 2126 1411 2192 δέ
1441 2150 1486 2192 σοι
1517 2129 1534 2202 ή
1566 2126 1669 2205 μήτρα
1692 2126 1843 2206 ἠφανίσθη
1868 2125 1919 2189 καὶ
1945 2125 1981 2190 rt

797 2242 969 2312 γυναικεῖον
1003 2234 1176 2314 ἀπεφράγη
1212 2233 1264 2298 καὶ
1301 2233 1326 2298 oi
1359 2233 1454 2310 ματρὶ
1490 2232 1819 2308 ἀπεσπάσθησαν
1854 2232 1908 2296 καὶ
1945 2232 1980 2296 τθ

798 2340 928 2419 ἀνδρεῖον
951 2339 1050 2418 ἀνέφυ
1075 2340 1126 2403 καὶ
1151 2341 1283 2417 πώγωνα
1309 2337 1478 2418 θξήνεγκαρ
1502 2341 1519 2415 ή
1544 2339 1659 2404 steina
1684 2339 1717 2403 θα
1740 2340 1885 2417 γυναικὸς
1904 2337 1980 2418 ἀνήρ

797 2446 970 2524 ἀνεφάνητ;
1003 2446 1066 2511 Hie
1096 2447 1204 2511 haeret
1233 2446 1444 2511 FrItzsohius:
1475 2446 1569 2511 leotio
1600 2444 1847 2519 ἀπεσπάσθησαν
1870 2451 1979 2531 aperte

797 2551 876 2617 falsa
899 2557 966 2629 est,
992 2575 1047 2617 neo
1071 2558 1146 2617 sunt
1168 2551 1316 2617 moltores
1338 2555 1512 2637 scripturae
1535 2551 1746 2630 ἀπετάθησαν,
1771 2552 1978 2624 ἀτετάτησαν

795 2658 848 2724 vel
887 2659 1105 2733 ἀπετάθησαν·
1147 2660 1254 2744 itaque
1294 2666 1445 2742 tanquam
1480 2659 1518 2723 ad
1552 2661 1665 2724 incitas
1699 2659 1843 2724 redactus
1878 2657 1980 2722 edidit

797 2766 1051 2838 συνεσπάσθησαν
1081 2765 1165 2851 quod
1195 2763 1362 2830 tolerabile
1392 2772 1440 2829 est
1448 2787 1456 2842 ;
1489 2764 1542 2830 sed
1573 2787 1634 2830 non
1664 2771 1739 2829 sunt
1761 2767 1883 2850 peiores
1905 2785 1978 2830 oon-

793 2874 932 2937 ieeturae
960 2872 1157 2945 ἀνεςθλησαν
1180 2878 1212 2936 et
1234 2870 1449 2943 cirtercienses.
1474 2870 1572 2936 Aliud
1596 2891 1745 2955 quaerere
1769 2876 1892 2935 eertum
1915 2873 1975 2935 est.

793 2977 933 3042 Verbum
957 2983 1005 3042 est
1029 2977 1221 3043 scarifieandi
1241 2976 1373 3042 medicis
1392 2979 1455 3042 fere
1474 2980 1638 3063 proprium
1657 2981 1742 3059 σχάν
1761 2975 1814 3042 vel
1833 2972 1975 3055 σχάζενν,

793 3085 830 3149 de
863 3106 925 3170 quo
956 3085 1050 3149 verbo
1080 3105 1181 3169 nuper
1210 3083 1417 3149 Leeuwenius
1447 3083 1625 3149 luculenter
1655 3087 1724 3171 egit
1748 3085 1857 3147 Mnem.
1884 3081 1974 3147 1898

792 3213 822 3276 p.
847 3189 923 3254 223.
954 3190 1048 3255 Forte
1079 3192 1205 3255 fortuna
1229 3189 1422 3256 vocabulum
1445 3194 1521 3255 satis
1543 3211 1651 3255 rarum
1675 3190 1901 3275 Aristophanes
1926 3195 1975 3254 ter

791 3299 960 3380 usurpavit
981 3300 1014 3360 in
1038 3295 1183 3361 Nubibus
1206 3302 1237 3361 et
1262 3299 1428 3382 primitiva
1449 3296 1638 3383 significatio
1660 3298 1822 3382 imprimis
1840 3299 1974 3379 apparet

790 3423 837 3467 us.
864 3402 946 3468 409:

880 3509 984 3572 ὤπτων
1007 3506 1126 3587 γατθρα
1150 3518 1212 3579 ταῖς
1236 3507 1418 3585 ξυγγενέσιν
1442 3507 1513 3592 κᾷτ’
1536 3512 1589 3574 ota
1612 3505 1712 3588 ἔσχων
1735 3509 1908 3584 ἀμελήσας.

790 3613 835 3679 De
866 3615 925 3680 hoo
954 3616 1051 3680 verbo
1082 3617 1166 3693 σχάν
1189 3613 1241 3679 vel
1264 3613 1394 3696 σχάζενν
1417 3636 1491 3680 eum
1514 3618 1698 3701 compositis
1721 3612 1914 3696 ἀπσσχάζενν
1939 3620 1973 3678 et

789 3721 1014 3804 κατασχάζενν,
1040 3720 1142 3786 multa
1164 3719 1302 3785 eontulit
1323 3721 1500 3787 Lobeckius
1522 3721 1561 3787 ad
1583 3721 1704 3809 Phryn.
1725 3744 1756 3807 p.
1776 3720 1852 3786 219.
1876 3720 1973 3787 Iubet

788 3827 997 3914 HIppoorates
1020 3849 1050 3913 p.
1072 3827 1147 3892 545.
1164 3826 1215 3904 15,
1239 3850 1335 3914 quem
1358 3828 1464 3894 locum
1487 3828 1646 3915 Stephano
1670 3829 1784 3905 debeo,
1809 3834 1846 3892 ut
1865 3832 1970 3894 tumo

786 3955 837 4000 res
870 3934 1051 4010 subsidant,
1087 3934 1121 4009 ήν
1156 3934 1256 4015 σθθήτη
1293 3936 1335 3999 τά
1370 3935 1471 4000 αἰδοῖα
1499 3935 1557 3999 τεαὶ
1593 3935 1662 4006 τοὺς
1697 3933 1807 4014 μηροὺς
1838 3934 1970 4014 θαρσθαε

786 4044 967 4118 κατασχεῖν.
1007 4039 1091 4103 Hinc
1129 4042 1264 4105 scribam
1300 4041 1384 4127 apud
1418 4042 1594 4107 [uncianum
1630 4041 1878 4120 ἀπεσχάσθησαν
1913 4041 1967 4107 vel

785 4133 917 4212 fortasse
951 4143 1067 4210 melius
1102 4149 1467 4228 κατεσχάσθησαν;
1503 4148 1571 4213 soil.
1607 4169 1663 4233 per
1697 4147 1832 4232 papillas
1866 4148 1967 4212 misso

785 4256 947 4339 sanguine.
990 4251 1110 4317 Eadem
1145 4252 1325 4339 corruptela
1354 4257 1488 4318 recurrit
1519 4254 1602 4339 apud
1633 4253 1784 4339 Hippoor.
1818 4276 1848 4339 p.
1882 4252 1967 4322 570

785 4360 939 4429 ἀπθςασνς
962 4358 1125 4439 βραχίονος
1149 4381 1204 4444 pro
1227 4361 1417 4441 ἀπθσχασνς.

1143 4542 1305 4625 Meneppue
1327 4567 1351 4607 a.
1377 4545 1598 4627 Necyomantia.

828 4674 903 4759 §7³
936 4673 1059 4752 θκάθηρθ
1089 4701 1123 4739 τε
1154 4700 1196 4754 με
1226 4677 1278 4740 καὶ
1311 4678 1503 4755 ἀπέμαξε
1534 4682 1585 4743 καὶ
1618 4681 1790 4758 περεήγντσε
1815 4680 1881 4765 δᾳδὶ
1908 4684 1963 4749 καὶ

780 4781 901 4862 calais
937 4782 1041 4846 Malo:
1078 4785 1261 4864 περνέμαξε,
1295 4785 1379 4869 quod
1409 4789 1620 4872 compositum
1652 4790 1685 4850 in
1715 4787 1966 4857 lustrationibus

779 4901 901 4952 eertum
924 4885 1030 4952 locum
1055 4889 1159 4953 habet.
