5125 6150
1100 831 1307 880 reuorornns.
1750 812 1792 877 33

612 998 735 1072 μῖιλλον
755 994 823 1066 τοὺς
849 997 1143 1074 ἀμυνομένους·
1165 992 1206 1067 οἷς
1226 997 1256 1060 δὲ
1275 996 1416 1074 βεβαίοις
1436 1018 1466 1059 τι
1486 994 1643 1075 πρόσεστιν
1663 996 1792 1074 α’γαόόν,

612 1105 649 1184 [μ
661 1104 691 1184 η]
716 1100 854 1182 προειδώς
868 1126 938 1179 Ιτις
962 1103 1000 1167 σἐν
1023 1104 1126 1173 αὐτοῖς
1152 1101 1371 1183 τολμηρότερον
1395 1103 1601 1183 προσφέροιτο.

657 1207 718 1286 Qui
760 1209 932 1273 verborum
973 1212 1163 1274 sententiam
1204 1209 1376 1296 diligenter
1409 1208 1625 1295 perpenderit,
1661 1209 1793 1273 fortasse

612 1334 738 1377 meeum
770 1315 925 1400 praeferet
954 1315 1021 1385 τοὺς
1054 1316 1393 1391 οὶμυνΟΤμένσος.
1428 1312 1476 1381 Of.
1506 1336 1585 1400 quae
1616 1334 1712 1399 supre
1742 1314 1794 1379 oh

612 1423 813 1485 servavimus
836 1419 876 1485 ad
898 1419 942 1485 IV
965 1442 991 1484 o.
1018 1418 1060 1485 59
1084 1423 1102 1505 ξ
1123 1421 1153 1486 1.

658 1525 810 1591 Extremo
829 1549 882 1591 vv.
901 1526 963 1603 dd.,
987 1534 1024 1591 ut
1044 1526 1232 1611 plerumque
1252 1527 1289 1592 fit
1307 1531 1342 1592 in
1360 1527 1438 1593 locis
1457 1526 1580 1592 mendis
1600 1527 1793 1604 obscuretis,

613 1631 665 1697 elii
699 1631 792 1697 aliter
815 1632 961 1719 expedire
985 1633 1123 1698 student.
1146 1634 1227 1712 Ubi,
1252 1638 1279 1699 si
1303 1656 1377 1700 cum
1400 1633 1503 1700 Schol.
1520 1633 1554 1713 ¹),
1578 1654 1673 1719 quem
1697 1631 1794 1696 multi

612 1747 799 1824 sequuntur,
831 1742 945 1827 iunges
968 1744 1020 1818 μη
1044 1740 1234 1821 προειδώς
1259 1765 1340 1820 τις,
1364 1748 1395 1807 et
1418 1741 1617 1826 reliquorum
1640 1761 1693 1806 vv.
1719 1738 1793 1804 ordo

612 1852 720 1911 contre
742 1850 866 1910 certum
889 1846 1012 1911 dicendi
1035 1868 1132 1912 usum
1155 1848 1301 1912 turbatus
1321 1868 1388 1912 esse
1407 1846 1569 1912 ridebitur
1588 1883 1628 1894 -
1648 1852 1793 1932 expectes

611 1950 726 2016 saltem
750 1952 909 2024 τούτοις
933 1955 977 2029 μη
998 1953 1135 2032 προειδώς
1159 1977 1207 2025 τις
1231 1952 1446 2034 τολμηρότερον
1470 1951 1508 2018 όιν
1527 1952 1724 2032 προσφέροιτο
1743 1950 1795 2016 vel

610 2056 717 2123 simile
747 2058 890 2143 quid-
914 2065 946 2124 et
977 2061 1077 2124 oratio
1107 2066 1262 2139 nascetur,
1296 2081 1348 2125 me
1379 2059 1509 2145 quidem
1541 2058 1662 2136 iudice,
1686 2060 1794 2123 minus

611 2164 774 2246 idones2).

657 2269 817 2337 Graecum
847 2293 882 2338 ec
904 2271 1149 2360 Thucydideum
1172 2277 1222 2338 est
1244 2274 1480 2358 sententiaeque
1502 2275 1623 2358 optime
1647 2274 1796 2359 congruit

613 2384 688 2442 eut:
710 2379 828 2454 (οὖν)
852 2377 889 2443 to
913 2380 1051 2458 προειδώς
1076 2402 1122 2452 τις
1146 2381 1249 2452 αὐτοῖς
1274 2379 1490 2459 τολμηρότερον
1513 2381 1718 2460 προσφέροιτο,
1739 2383 1795 2443 sut

611 2485 824 2566 οόόεντοροόὶοο
843 2523 885 2534 -
906 2492 1001 2572 etque
1024 2489 1069 2551 sic
1092 2492 1175 2572 (exp.
1200 2489 1265 2568 μή)
1288 2486 1347 2552 Th.
1372 2489 1532 2571 scripsisse
1550 2486 1738 2551 crediderim
1751 2524 1793 2534 -

613 2591 754 2671 προειδὼς
776 2593 838 2665 τός
863 2591 901 2657 όιν
924 2596 1029 2664 αὐτοῖς
1054 2593 1269 2671 τολμηρότερον
1293 2593 1490 2674 προσφέροιτο
1497 2614 1506 2673 ;

658 2697 770 2763 Latine
789 2697 898 2763 locum
922 2701 967 2764 sio
990 2699 1119 2765 reddere
1141 2702 1261 2786 possis:

658 2805 891 2890 „Quaecunque
924 2808 958 2870 in
992 2807 1138 2871 hostibus
1171 2808 1217 2885 (in
1251 2804 1372 2893 Illyriis
1402 2827 1428 2871 e.
1449 2810 1496 2893 g.)
1526 2824 1635 2890 reapse
1668 2803 1794 2869 infirme

613 2912 754 2987 „roboris
784 2934 845 2976 non
876 2915 938 2977 nisi
968 2915 1103 2998 speciem
1129 2912 1278 2990 offerunt,
1303 2912 1497 2979 adversarios
1521 2915 1588 2977 rim
1612 2911 1737 2977 illatam
1759 2913 1794 2977 vi

614 3016 814 3095 „defensuros
833 3040 941 3085 rerum
959 3023 1128 3086 veritatem
1149 3024 1325 3106 opportune
1343 3019 1468 3085 edoctos
1479 3018 1663 3085 confirmare
1675 3016 1777 3084 solent
1783 3038 1791 3096 ;

615 3128 741 3202 „contro
761 3129 831 3211 quis
850 3131 933 3192 recte
951 3130 1092 3192 monitus
1112 3126 1212 3193 stulta
1234 3128 1415 3193 temeritate
1437 3129 1471 3190 in
1495 3124 1566 3190 illos
1589 3126 1711 3191 feretur
1736 3126 1792 3209 qui

613 3230 718 3308 „houd
741 3232 835 3297 dubie
858 3239 909 3313 (ut
932 3238 1036 3298 vester
1058 3236 1228 3313 exercitus)
1251 3240 1283 3299 et
1306 3253 1392 3298 ecres
1414 3239 1447 3298 et
1469 3233 1565 3298 fortes
1589 3229 1694 3296 sintl”

611 3398 804 3409 *ω’-.-

648 3491 674 3553 1)
699 3488 751 3537 όσσι
774 3488 888 3550 πολόμισι
910 3488 1019 3547 ἀσθενεῖς
1039 3488 1110 3546 ’όντες
1133 3487 1230 3546 δόκησιν
1250 3489 1341 3553 όσχόσς
1359 3487 1500 3552 παρέχουσι
1519 3490 1573 3546 τοῖς
1590 3485 1722 3546 ἔναντόοις,
1739 3488 1794 3552 περὶ

609 3569 707 3619 τσότοιν
725 3569 818 3627 τᾶληόη
835 3570 954 3632 μαθόντες
971 3572 997 3619 σι’
1011 3569 1042 3619 δι’
1061 3569 1173 3628 ἐναντίας
1189 3570 1348 3633 όαρσόνσνται
1367 3576 1479 3633 μᾶλλον·
1497 3569 1549 3619 όσοι
1568 3568 1594 3618 δὲ
1611 3574 1646 3632 τῷ
1661 3569 1715 3619 ’όντι
1730 3570 1792 3620 εόσὶν

610 3652 725 3715 ἰσχυροί,
743 3652 848 3711 τοότσνς
865 3652 887 3701 εἰ
904 3652 939 3714 μή
956 3671 995 3711 τις
1012 3652 1147 3715 ’όμπροσόεν
1162 3652 1249 3714 μόόοι,
1263 3656 1443 3716 τολμηρότερον
1458 3650 1543 3709 αὐτοῖς
1558 3651 1792 3716 προσενεχόιὶσεται.

644 3736 671 3799 2)
696 3735 775 3784 Veluti
798 3736 911 3801 Steupius
932 3741 1010 3801 (quern
1035 3737 1133 3785 honoris
1155 3753 1226 3787 cause
1247 3738 1353 3796 nomino)
1375 3737 1400 3786 in
1424 3736 1599 3786 Commeuttrio
1622 3735 1697 3786 {usius
1719 3736 1792 3786 inter·

609 3820 731 3882 pretatur:

645 3900 718 3947 .Itine
744 3899 936 3962 rothergehende
963 3900 1099 3964 Betehrung
1124 3901 1183 3950 fiber
1208 3902 1246 3950 die
1269 3901 1394 3952 Schwiche
1416 3901 1456 3950 dee
1479 3903 1585 3965 (ἦνςενσεν
1607 3900 1639 3949 ist
1662 3899 1729 3949 nicht
1745 3915 1792 3950 nnr

609 3981 715 4030 uhtrlich
734 3996 801 4031 wenn
819 3982 895 4030 dieser
912 3982 971 4030 ench
988 3982 1065 4031 durch
1083 3983 1161 4032 nichts
1178 3983 1221 4031 den
1238 3983 1324 4033 Schein
1342 3999 1386 4032 von
1404 3984 1490 4032 Stirlre
1505 3987 1592 4048 erregt,
1606 3983 1708 4032 sondern
1723 3982 1792 4042 such,

609 4077 676 4111 πετο
699 4078 733 4122 er,
755 4062 848 4112 obwohl
871 4079 897 4111 er
920 4064 944 4111 in
970 4064 1143 4114 Wirkliehkeit
1164 4064 1269 4114 schwaeh
1293 4066 1339 4126 iet,
1361 4065 1428 4114 sterk
1444 4081 1474 4114 zu
1491 4064 1540 4114 sein
1558 4064 1661 4123 seboim,
1680 4064 1791 4113 whhrend

608 4161 682 4209 gegen
706 4146 773 4194 einen
798 4145 907 4194 wirlrlich
931 4146 1028 4195 stenhen
1051 4147 1125 4196 Feind
1149 4147 1187 4196 ein
1205 4147 1271 4197 nicht
1289 4148 1375 4197 sother
1391 4164 1436 4196 ron
1454 4148 1532 4197 dieser
1548 4146 1633 4195 Sti'rrke
1650 4146 1791 4195 Unterrich·

607 4231 671 4278 teter
687 4228 781 4277 lirhner
798 4228 916 4292 rorgehen
935 4227 1024 4278 wird”.
