5125 6150
1132 857 1251 904 nrsms.
1718 841 1781 906 441

598 1023 673 1097 ὑμῖν
695 1020 772 1085 ὥστε
797 1023 840 1096 μὴ
865 1028 973 1085 λυπεῖν
998 1018 1042 1084 ἔτι
1067 1023 1116 1105 (ea
1139 1021 1317 1087 conditione
1339 1030 1373 1086 υί
1401 1046 1436 1087 νιν
1461 1025 1576 1088 molesti
1603 1026 1706 1106 sitia).
1741 1028 1784 1092 At

596 1128 832 1194 Herwerdenns
853 1135 959 1192 λυπεῖν
971 1129 1069 1211 (μ’)
1082 1125 1126 1192 ἔτι
1147 1129 1344 1213 requirebat,
1366 1133 1561 1216 pronominis
1574 1134 1779 1198 omissionem

597 1235 711 1300 duram
724 1244 821 1301 ratus.
842 1235 885 1299 Iit
896 1235 976 1300 solet
988 1242 1071 1300 certe
1084 1256 1256 1319 pronomen
1270 1234 1383 1301 addere
1396 1238 1622 1323 Aristophanes
1630 1259 1638 1317 ;
1653 1242 1782 1307 omissio

597 1348 708 1406 autem
731 1345 765 1406 in
788 1343 877 1405 Pacis
902 1363 994 1406 versu
1018 1362 1079 1405 non
1103 1347 1152 1406 ast
1175 1341 1284 1406 durior
1308 1362 1403 1426 quam
1433 1343 1511 1408 Ρίιιί.
1539 1343 1681 1433 larisa:
1706 1343 1782 1410 ὥστε

598 1453 653 1513 τοῦ
675 1448 748 1520 Διὸς
769 1450 773 1533 Ι
794 1450 848 1523 τίιν
867 1448 1004 1526 δύναμιν,
1026 1447 1064 1521 ἢν
1087 1458 1191 1530 λυπῇ
1216 1471 1271 1525 τι,
1293 1448 1482 1521 καταλύσεις
1501 1448 1602 1527 μόνοι.
1625 1451 1782 1517 Είιιοιιοο

598 1555 664 1620 iam
677 1561 770 1619 vetus
782 1554 837 1620 ille
850 1555 1009 1620 Hesiodus
1022 1558 1190 1620 cecinerat:
1205 1554 1248 1625 δίς
1260 1555 1316 1632 μὲν
1330 1556 1391 1635 γίιρ
1404 1556 1455 1621 ιιαί
1469 1556 1530 1636 τρίς
1542 1557 1635 1639 τρίχα
1647 1558 1782 1637 τεύξεαι·

600 1662 642 1737 ἦν
666 1661 692 1726 δ’
716 1662 776 1725 ἔτι
801 1672 948 1743 λυπῇς,
972 1663 978 1747 1
1005 1669 1116 1740 χρῆμα
1140 1661 1196 1739 μὲν
1219 1663 1252 1727 οὐ
1277 1661 1416 1742 πρήξεις,
1442 1663 1480 1728 σὺ
1503 1665 1530 1729 δ’
1555 1665 1664 1730 ἐτώσια
1690 1664 1782 1732 πάλλ’

600 1767 786 1845 syriscum.
817 1767 881 1849 (’‘E.
907 1792 934 1833 ιι.
958 1774 1005 1832 Ἠ.
1030 1767 1167 1856 sulla?
1191 1768 1302 1834 Nonne
1323 1769 1500 1855 Xenophon
1524 1772 1641 1835 Momm.
1666 1771 1714 1837 Ill
1740 1772 1781 1837 10

598 1876 615 1959 ξ
638 1875 680 1938 15
712 1874 781 1944 πυὺι
811 1878 855 1950 μὴ
885 1879 1059 1946 λυποῦντας
1084 1876 1114 1938 ἐν
1137 1885 1174 1955 πῇ
1199 1876 1290 1958 χρείρ
1314 1877 1477 1958 (θώρακας)
1500 1881 1780 1957 commemoravit,

597 1986 630 2045 et
661 1984 786 2066 saepius
818 1982 859 2045 τίι
889 1978 1063 2045 torcian?
1088 1981 1274 2046 Molestiora
1298 1988 1374 2047 sunt
1397 2004 1477 2068 quoa
1500 1986 1533 2048 in
1558 1987 1647 2050 exitu
1670 1984 1782 2071 legun-

597 2094 667 2151 tur:
694 2087 747 2167 s’et
767 2094 837 2158 ταῖς
862 2087 1044 2167 δυστυχίαις
1069 2096 1138 2159 ταῖς
1162 2090 1320 2154 τούτων.
1345 2089 1489 2169 Quorum
1513 2093 1599 2156 enirn
1622 2090 1783 2157 calamita·

594 2201 645 2258 tes
674 2191 983 2260 commemorantur?
1018 2191 1255 2259 Parentumne?
1295 2197 1338 2260 At
1368 2202 1445 2261 tunc
1476 2198 1639 2282 oportebat
1670 2198 1718 2262 ἐπί
1751 2222 1780 2265 π,

596 2299 780 2382 δυστυχίαις
811 2308 880 2372 ταῖς
914 2301 1060 2378 αὐτῶν,
1092 2306 1129 2364 ut
1160 2303 1271 2366 statim
1295 2307 1368 2367 aute
1392 2304 1501 2384 φίλους
1525 2303 1781 2383 Φεύγονταςτίιν

597 2407 727 2471 αὐτῶν
750 2407 888 2484 ἀπορίαν.
913 2407 954 2471 Et
978 2428 1073 2491 quam
1098 2407 1234 2473 elumbis
1258 2415 1306 2473 est
1330 2430 1366 2474 ea
1390 2413 1547 2495 oppositio
1570 2413 1653 2476 inter
1674 2414 1783 2497 pristi-

597 2534 657 2577 nos
680 2516 796 2578 amicos
819 2517 952 2578 miseros
975 2534 1043 2578 reos
1067 2512 1244 2579 deserentes
1263 2520 1295 2579 et
1314 2519 1461 2582 inimicos
1479 2521 1623 2603 ipsorum
1643 2520 1780 2583 miseriis

595 2619 786 2685 exultantes.
818 2624 861 2685 At
889 2620 1011 2686 dictum
1035 2623 1194 2705 oportuit:
1219 2623 1274 2685 doc
1296 2645 1408 2688 eornm
1432 2623 1613 2691 calamitate
1636 2625 1780 2691 exultan-

594 2736 661 2803 tes;
695 2749 808 2813 nempe
840 2749 914 2792 cum
942 2727 1001 2791 filii
1028 2748 1084 2812 pro
1109 2730 1212 2814 patria
1236 2735 1415 2815 pugnantes
1438 2732 1660 2810 occubuerint,
1684 2734 1780 2798 amici

595 2854 665 2899 reos
697 2833 855 2911 deserant,
889 2855 960 2919 spes
988 2840 1054 2897 erat
1084 2834 1223 2899 inimicis
1254 2835 1339 2900 haud
1363 2836 1498 2901 absurda
1521 2838 1588 2902 iore
1610 2844 1647 2903 nt
1669 2841 1779 2924 inopes

595 2944 629 3004 et
648 2939 787 3004 desertos
807 2961 895 3004 senes
915 2939 1006 3005 facile
1024 2942 1058 3004 in
1078 2941 1196 3006 iudicio
1216 2944 1484 3008 circumvenirent
1502 2950 1534 3007 et
1553 2946 1778 3030 opprimerent.

594 3044 706 3131 Itaque
737 3047 977 3135 corrigendum:
1009 3044 1085 3112 ὅταν
1111 3049 1193 3129 δρῶσι
1218 3049 1287 3121 τοὺς
1311 3050 1529 3130 μὲνπρίτερον
1553 3049 1777 3131 ὄντασφίλους

593 3155 772 3232 φεύγοντας
804 3159 858 3229 τὴν
889 3157 987 3220 αὐτῶν
1019 3157 1159 3234 ἀπορίαν,
1190 3157 1259 3226 τοὺς
1283 3156 1309 3220 δ’
1334 3156 1456 3237 ἐχθροὺς
1480 3157 1569 3236 μέγα
1592 3164 1778 3240 Φρονυῦνταρ

594 3260 644 3323 ἐπί
677 3269 746 3332 ταῖς
773 3260 1018 3339 δυσίυμίαιι
1042 3271 1112 3335 ταῖς
1137 3262 1259 3341 τούτων,
1285 3285 1358 3329 cum
1382 3272 1579 3331 accusatores
1602 3269 1630 3331 si
1653 3269 1708 3352 qui
1730 3267 1778 3332 fu·

592 3370 659 3431 turi
683 3375 758 3433 sunt
781 3370 925 3434 exultent
947 3372 980 3435 in
1004 3370 1062 3434 hac
1085 3372 1262 3435 amicorum
1286 3370 1461 3436 timiditate
1484 3377 1516 3436 et
1539 3371 1677 3457 perfidia.

642 3582 695 3648 Or.
719 3582 884 3668 111510:
916 3582 992 3648 οὕτω
1016 3583 1048 3647 δὲ
1071 3582 1190 3660 σφόδρα
1214 3582 1383 3661 ἠπορούμην
1405 3581 1423 3648 ὅ
1444 3607 1472 3649 τι
1497 3588 1675 3664 χρησαίμην
1693 3624 1768 3637 --

596 3700 635 3770 τῇ
666 3691 773 3755 τούτου
804 3691 1057 3771 παρανομία,
1088 3686 1160 3753 ὥστ’
1191 3687 1272 3763 ἔδοξέ
1305 3713 1355 3765 μοι
1385 3689 1545 3765 ιιριίτισπον
1568 3688 1643 3757 εἶναι
1667 3694 1776 3771 ἄποδα·

595 3804 705 3872 μῦσαι.
740 3798 849 3862 Nimia
872 3801 919 3861 est
943 3817 1005 3861 vox
1030 3797 1207 3875 παρανομία
1231 3796 1268 3861 de
1292 3798 1402 3862 insano
1426 3797 1561 3864 alicuius
1584 3802 1618 3864 in
1641 3822 1777 3885 puerum

594 3925 702 3968 amore
730 3925 831 3988 neque
855 3926 894 3969 ex
919 3904 1161 3968 Atheniensium
1185 3905 1330 3968 moribus
1353 3924 1436 3969 vera.
1469 3904 1576 3970 Sensit
1598 3905 1676 3971 olim
1701 3904 1778 3974 Corr-

594 4014 660 4076 tius
691 4013 830 4095 παροινίρι
861 4012 1044 4076 rescribens.
1076 4010 1263 4095 Simplicius
1288 4016 1319 4075 et
1342 4014 1449 4076 verius
1473 4015 1533 4077 erit
1558 4017 1775 4097 παρανυίρι,

594 4138 690 4202 φονου]
710 4138 819 4182 vocem
840 4119 1017 4182 oratoribus
1036 4139 1162 4202 quoque
1182 4138 1249 4183 esse
1265 4120 1298 4180 in
1318 4138 1380 4181 usu
1399 4117 1599 4203 spondebant
1610 4118 1774 4185 Demosth.

593 4222 667 4286 XIV
700 4222 790 4307 §39,
823 4223 963 4308 Lycurg.
996 4222 1110 4306 5144.
1147 4219 1263 4289 Contra
1292 4227 1376 4287 recte
1404 4225 1558 4308 scriptum
1589 4226 1692 4288 estin
1716 4246 1777 4310 ps.-

592 4328 763 4394 Andocidis
788 4327 840 4393 Or.
868 4328 909 4392 IV
935 4331 952 4413 ἦ
973 4327 1035 4392 33:
1060 4330 1275 4406 ιίναμννσίῆπε
1301 4327 1331 4392 δὲ
1356 4327 1408 4392 καί
1431 4329 1503 4400 τοὺς
1523 4329 1768 4409 τριχίνους--

592 4433 696 4507 οίπινες
728 4434 952 4515 ἐξωστράκισαν
986 4436 1112 4512 Κίμωνα
1137 4434 1187 4500 διίι
1211 4434 1491 4514 παρανομίαν,
1517 4432 1562 4499 ὅτι
1586 4445 1625 4517 τῇ
1650 4437 1775 4519 dictami

593 4552 632 4622 τῇ
657 4543 764 4607 ἑαυτοῦ
788 4542 949 4625 συνῴκησε.

637 4760 689 4825 Or.
713 4759 760 4824 III
783 4761 825 4845 ξς
848 4756 899 4835 17,
928 4757 977 4823 18.
1010 4756 1100 4821 Simo
1129 4777 1204 4822 cum
1235 4762 1267 4821 et
1298 4758 1365 4841 ipso
1389 4756 1590 4823 Theodotum
1613 4759 1771 4844 quandam

590 4868 811 4933 Plataeensem
833 4887 969 4952 puerum
993 4866 1194 4929 meritorium
1218 4862 1375 4947 deperiret
1398 4867 1479 4944 etis
1504 4866 1555 4929 cui
1574 4865 1653 4930 haec
1672 4867 1771 4931 oratio

589 4978 707 5059 scripta
729 4982 792 5051 est,
817 4994 954 5057 cumque
977 4974 1103 5056 saepius
1125 4970 1244 5033 frustra
1266 4969 1342 5034 huic
1366 4973 1486 5055 eripere
1505 4974 1663 5037 amasium
1683 4993 1772 5039 cona·
