5125 6150
654 867 657 871 ·
768 831 790 893 4
1172 836 1349 894 ΝΛΡΔΟΣ
1373 838 1563 895 ΠΙΣΤΙΚΗ.

767 1015 880 1099 ungit,
905 1011 959 1076 sed
982 1017 1088 1096 caput.
1113 1011 1199 1076 lllud
1223 1032 1349 1097 quoqne
1368 1032 1421 1076 me
1441 1014 1583 1077 maximo
1602 1032 1695 1096 opere
1714 1011 1854 1077 advertit
1872 1012 1960 1097 quod

766 1118 855 1183 lesus
889 1118 995 1184 addit:
1033 1115 1106 1182 ίπου
1137 1118 1175 1180 ἂν
1208 1118 1342 1199 κηρυχθῇ
1375 1119 1411 1181 τὸ
1443 1118 1630 1195 εὐαγγέλιον
1660 1122 1750 1182 τοῦτο
1781 1119 1811 1181 ἐν
1834 1117 1893 1197 ίλῳ
1916 1119 1959 1198 τῷ

767 1224 889 1303 κίσμῳ,
922 1225 1135 1296 λαληθήσεται
1168 1224 1220 1287 καί
1253 1219 1267 1285 i
1293 1224 1432 1295 ἐποίησεν
1457 1222 1537 1297 αῦτη
1562 1224 1605 1295 είς
1628 1223 1819 1300 μνημίσυνον
1842 1227 1960 1302 αὐτῆς,

765 1351 841 1395 nam
871 1330 930 1395 hoc
961 1331 1153 1394 vaticinium
1185 1351 1241 1414 per
1270 1329 1472 1394 sacculorum
1496 1328 1666 1394 decursum
1689 1329 1728 1395 ad
1750 1331 1835 1394 hunc
1857 1350 1960 1414 usque

766 1437 853 1501 diem
877 1444 985 1501 ratum
1009 1444 1067 1501 est.

812 1542 903 1621 Quod
932 1542 1083 1607 Menenio
1115 1541 1352 1606 concedendum
1376 1546 1443 1618 est,
1468 1542 1508 1606 ab
1531 1541 1592 1606 hoc
1615 1542 1775 1607 Matthaei
1797 1540 1867 1606 loco
1889 1562 1962 1625 pro-

766 1647 842 1711 fecit
871 1649 900 1710 is
933 1649 985 1711 cui
1008 1645 1066 1711 illa
1089 1645 1241 1710 debemus
1265 1646 1350 1731 apud
1372 1646 1522 1711 Marcum
1543 1646 1630 1711 XIV.
1657 1647 1695 1711 3:
1721 1650 1773 1711 καί
1798 1645 1879 1717 ίντος
1906 1648 1962 1709 αῦ-

766 1758 820 1817 τοῦ
852 1754 882 1814 ἐν
914 1753 1046 1835 Βηθανία
1078 1753 1108 1815 ε“ν
1139 1762 1178 1834 τῇ
1210 1753 1290 1832 οίκίρι
1325 1753 1460 1828 Σίμωνος
1493 1757 1546 1816 τοῦ
1579 1758 1711 1835 λεπροῦ,
1735 1752 1960 1829 κατακειμένου

766 1860 862 1923 αὐτοῦ
895 1852 967 1930 ἦλθε
996 1859 1072 1934 γυνη
1105 1857 1223 1935 έχουσα
1255 1856 1441 1937 άλάβαςρον
1470 1857 1566 1936 μάρου
1589 1858 1695 1936 νάρδου
1718 1866 1883 1930 πισικης
1908 1881 1960 1921 πο-

766 1968 932 2035 λυτελοῦς·
970 1963 1022 2027 καί
1059 1964 1256 2042 συντρίψασα
1290 1965 1341 2026 τὸν
1373 1962 1556 2041 άλάβασρον
1589 1964 1743 2044 κατέχεεν
1774 1967 1870 2030 αῦτοῦ
1901 1972 1958 2038 τοῖς

766 2077 921 2149 κεφαλῆς.
959 2064 1034 2142 ἦσαν
1066 2070 1098 2133 δέ
1129 2092 1209 2140 τινες
1241 2070 1497 2146 άγοονακτοῦντεο
1529 2071 1602 2148 πρὸς
1632 2072 1778 2142 εἀυτοιίι·
1811 2072 1853 2142 ele
1884 2071 1918 2134 τί
1941 2071 1959 2144 ἦ

765 2176 907 2240 άπιίλεια
938 2173 1017 2249 αῦτη
1050 2181 1103 2239 τοῦ
1133 2175 1228 2254 μύρου
1259 2175 1406 2253 γέγονενς
1438 2175 1568 2251 ηδιίναπο
1600 2176 1662 2255 γάρ
1695 2181 1784 2241 τοῦτο
1808 2178 1843 2241 τὸ
1865 2175 1959 2255 μιίρον

766 2284 914 2362 πραίιῑναι
939 2281 1040 2345 έπάνω
1064 2281 1207 2359 δηναρίων
1230 2283 1408 2359 τριακοσίων
1433 2281 1485 2345 καί
1511 2282 1627 2353 δοίηναι
1653 2290 1715 2348 τοῖο
1736 2289 1883 2360 πτωχοῖς.
1905 2280 1958 2346 καὶ

766 2387 977 2467 ένεβριμοῦντο
1010 2390 1091 2467 αὐτῇ
1117 2435 1214 2452 .....
1239 2394 1343 2452 cetera
1368 2407 1447 2471 quae
1471 2388 1633 2451 ferocum
1659 2387 1824 2452 Matthaeo
1848 2408 1960 2452 conve

763 2497 867 2559 niunt.
903 2493 994 2574 Quod
1028 2498 1137 2557 autem
1171 2491 1289 2557 mulier
1322 2491 1491 2558 vasculum
1524 2492 1643 2557 dicitur
1677 2493 1888 2579 confregisse,
1924 2493 1959 2558 id

764 2620 857 2684 saepe
887 2599 970 2664 mihi
999 2601 1202 2663 mirationem
1232 2599 1308 2663 feeit
1331 2620 1433 2683 neque
1455 2619 1592 2683 usquam
1615 2597 1693 2662 alibi
1717 2598 1781 2663 tale
1805 2599 1882 2683 quid
1905 2619 1958 2664 me

762 2703 870 2791 legere
900 2706 1043 2770 memini.
1081 2703 1221 2768 Unicum
1252 2706 1328 2769 novi
1358 2702 1467 2769 locum
1497 2725 1593 2789 quem
1626 2703 1795 2769 admovere
1824 2705 1958 2770 fortasse

763 2820 884 2895 potero.
916 2809 1095 2895 Aeschylus
1127 2813 1183 2893 qui
1216 2814 1285 2873 tam
1315 2815 1383 2873 erat
1412 2814 1507 2874 natus
1538 2808 1578 2873 ad
1601 2809 1771 2875 iocandum
1794 2829 1892 2893 quam
1917 2809 1958 2874 ad

763 2915 946 2981 saltandum
969 2914 1128 2992 camelus,
1153 2915 1271 2979 dixisse
1296 2915 1434 2979 traditur
1457 2916 1487 2978 ἐν
1511 2916 1711 2993 Ὀςολίγοις·

1103 3017 1146 3086 δ’δ’
1170 3020 1232 3089 isla
1255 3018 1287 3092 ῦς
1310 3025 1380 3085 ποτ’
1403 3021 1491 3101 ἄμφ’
1515 3020 1581 3098 έμοδ
1604 3019 1698 3099 βέλος

988 3127 1204 3206 γελωτοποιόν,
1228 3128 1280 3192 τδν
1305 3127 1461 3203 κάκοσμον
1484 3126 1610 3206 οὐράνην

990 3231 1106 3311 ἔρριψεν
1130 3232 1191 3298 οὐδ’
1215 3232 1353 3310 ἥμαρτε·
1378 3233 1446 3311 περὶ
1472 3232 1498 3297 δ’
1522 3234 1584 3313 ἐμοῦ
1609 3232 1691 3315 κάρρι

990 3340 1138 3415 πληγεῖσ’
1162 3338 1355 3416 ἐναυάγησεν
1377 3339 1583 3418 ίςρακουμένη

988 3445 1082 3524 χωρίς
1106 3445 1240 3523 μυρηρῶν
1264 3443 1400 3523 τευχέων
1425 3444 1544 3508 πνέοντ’
1570 3443 1647 3519 έμοί.

677 3608 684 3620 .
761 3549 914 3636 Sophocli
936 3556 1044 3616 tamen
1067 3550 1145 3615 hoec
1166 3553 1311 3635 impense
1329 3548 1486 3635 placuisse
1507 3550 1658 3616 videntur
1676 3552 1784 3633 itaque
1803 3552 1954 3615 imitatus

763 3666 811 3724 est
834 3659 864 3721 ἐν
887 3660 1027 3737 Ἀχαιῶν
1050 3656 1234 3736 συνδείπνῳ·

988 3762 1064 3826 ἁλλ’
1089 3763 1176 3843 apo>
1201 3759 1333 3842 ίυμῷίί)
1356 3762 1411 3834 την
1434 3760 1589 3838 κάκοσμον
1612 3760 1736 3841 οὐράνην

989 3870 1104 3948 έρριψεν
1128 3868 1189 3933 οὐδ’
1214 3867 1351 3946 ι’ίμοορτε·
1375 3869 1442 3946 περί
1466 3869 1492 3933 δ’
1518 3869 1581 3947 ε’μῷ
1605 3868 1685 3951 κάρα

989 3973 1188 4051 κατάγνυται
1213 3973 1248 4039 τδ
1271 3980 1385 4052 τεῦχος
1409 3977 1442 4039 οῦ
1466 3974 1561 4054 μιίρου
1585 3974 1689 4039 πνέον·

989 4080 1213 4158 ἐδειματούμην
1236 4080 1262 4144 δ’
1288 4080 1321 4145 οῦ
1344 4081 1440 4161 Φίλης
1466 4081 1563 4156 δομῆς
1589 4077 1658 4145 ὕπο.

762 4188 851 4253 Adeo
885 4209 999 4252 verum
1034 4193 1082 4252 est
1116 4184 1290 4251 ridiculum
1324 4187 1392 4252 lieri
1427 4190 1455 4252 si
1489 4190 1560 4273 quis
1593 4190 1628 4251 in
1659 4207 1772 4271 campo
1804 4207 1865 4250 non
1898 4207 1957 4252 suo

762 4297 898 4380 spectari
920 4293 1002 4360 velit
1025 4298 1056 4358 et
1080 4315 1344 4378 unumquemque
1367 4294 1517 4358 iubemus
1540 4293 1631 4372 ἔρδειν
1654 4290 1689 4365 ἣν
1711 4293 1801 4366 είδείη
1822 4291 1956 4369 τέχνην·

763 4400 887 4465 facilius
920 4405 1027 4464 tamen
1057 4397 1217 4464 insulsum
1247 4402 1354 4464 iocum
1386 4400 1503 4477 feram,
1536 4402 1564 4463 si
1587 4419 1697 4464 revera
1721 4398 1805 4484 apud
1829 4403 1957 4464 veteres

763 4509 861 4570 moris
885 4506 983 4570 fuerit
1005 4507 1043 4568 de
1064 4527 1163 4568 cancer
1185 4503 1348 4589 ρυοίριούιο
1372 4505 1549 4569 ίόονοοιοιοίν
1570 4527 1623 4568 cur
1646 4505 1675 4567 le
1697 4527 1759 4567 ποο.

807 4610 889 4675 llluc
921 4611 1023 4675 redeo.
1048 4609 1143 4693 Apud
1166 4609 1341 4675 iohannem
1364 4609 1429 4675 XII
1453 4610 1472 4675 3
1497 4613 1685 4676 convivium
1709 4615 1758 4674 est
1778 4609 1956 4674 Bethaniae

763 4718 796 4779 in
820 4715 914 4781 domo
937 4715 1048 4781 Lazari
1071 4721 1103 4780 et
1124 4715 1229 4780 Mania
1252 4716 1363 4780 Lazari
1382 4738 1471 4782 soror
1490 4725 1555 4794 est,
1577 4737 1657 4801 quae
1676 4716 1824 4792 λαβοῦσα
1845 4715 1956 4795 λίτραν

763 4820 868 4897 νάρδον
901 4830 1067 4895 πιςικηο
1101 4822 1273 4897 πολυτίμου
1304 4823 1414 4900 ἤλειφε
1443 4823 1512 4894 τοὺς
1546 4822 1643 4892 πίδας
1676 4826 1729 4886 τοῦ
1763 4821 1862 4896 Ἰησοῦ
1899 4822 1954 4886 καί

763 4923 991 5004 ἐξέμαξετοιίς
1016 4924 1106 5007 ίριξίν
1129 4928 1229 5003 αὐτῆς
1252 4928 1322 5000 τοὺς
1347 4928 1444 5001 πίδαο
1468 4929 1583 4995 αῦτοῦ·
1609 4931 1626 5003 οἱ
1647 4928 1673 4992 δ’
1694 4930 1775 4995 οίκία
1796 4928 1952 5007 έτληροίίη
