5125 6150
1048 849 1091 898 en
1114 850 1347 898 amerornems
1369 848 1506 897 rnnrnu.
1810 834 1875 898 409

682 1015 739 1085 την
770 1018 861 1093 χεῖρ’,
892 1008 962 1077 είτα
986 1011 1042 1077 alii
1065 1017 1319 1098 proposuerunt,
1347 1050 1387 1062 —
1413 1034 1474 1078 non
1499 1014 1684 1098 repugnabo
1709 1014 1875 1097 equidem;

683 1118 911 1204 imperfectum
944 1125 1050 1183 tamen
1081 1121 1216 1183 minime
1249 1117 1421 1184 molestum
1446 1126 1494 1182 eet
1517 1124 1550 1183 et
1572 1117 1725 1204 vulgatae
1748 1118 1878 1183 lectioni

683 1226 792 1309 magis
815 1224 932 1289 simile.

734 1426 787 1491 Vs.
814 1425 889 1492 765.
926 1428 993 1491 Aut
1025 1425 1128 1503 fallor,
1164 1433 1220 1492 aut
1253 1430 1338 1492 inter
1369 1429 1456 1492 virne
1488 1428 1597 1493 doetos
1627 1427 1770 1493 nondum
1801 1431 1878 1493 satie

687 1538 828 1608 constat,
854 1534 994 1617 possitne
1018 1532 1094 1597 ferri
1116 1533 1214 1597 huius
1237 1554 1349 1598 versus
1372 1532 1467 1597 lentio
1492 1533 1626 1598 tradita:

1273 1637 1427 1712 οίναδῆσαι
1451 1638 1606 1715 βούλομαι

869 1742 1048 1820 εὐαγγέλια
1072 1767 1108 1807 σε
1133 1743 1362 1822 κριβανωτῶν
1387 1744 1521 1827 ίρμαίῷ,

686 1867 727 1911 an
759 1849 969 1926 κριβανιτῶν
1001 1851 1044 1913 eit
1074 1848 1287 1914 scribendum.
1324 1848 1524 1933 Quapropter
1555 1848 1615 1913 hao
1646 1848 1684 1912 de
1714 1871 1748 1914 re
1780 1871 1880 1935 pauoa

686 1953 855 2018 observare
876 1952 981 2018 lineat.
1007 1953 1097 2034 Quod
1121 1955 1243 2020 oodioee
1266 1955 1384 2019 habent
1407 1957 1433 2017 si
1458 1956 1638 2040 genuinum
1662 1962 1761 2031 esset,
1785 1975 1803 2019 a
1826 1977 1880 2020 no-

684 2061 844 2124 minativo
868 2059 1055 2138 repedaverit
1075 2068 1158 2126 esset
1177 2060 1374 2135 ducendum,
1394 2060 1574 2124 cuiusmodi
1594 2060 1696 2125 forma
1716 2060 1755 2125 ab
1777 2060 1882 2126 analo

686 2167 760 2249 gine
783 2169 873 2249 parte
896 2164 1050 2230 destituta
1072 2167 1170 2243 foret,
1196 2188 1258 2230 non
1282 2168 1368 2230 enim
1393 2170 1481 2229 extat
1504 2165 1639 2229 verbum
1665 2165 1826 2245 κριβανοῦν
1850 2172 1881 2245 (a

687 2290 764 2335 vooe
796 2270 938 2348 κρίβανον
971 2271 1117 2335 clibanum
1150 2272 1299 2350 ductum)
1338 2292 1439 2355 neque
1471 2275 1600 2337 omnino
1630 2275 1675 2336 ita
1704 2273 1882 2337 formantur

689 2377 795 2440 verba.
820 2375 881 2440 Sed
905 2379 1024 2441 vitium
1043 2381 1168 2462 peperit
1188 2380 1277 2443 νῶτον
1297 2400 1360 2443 vox
1381 2377 1534 2463 vulgata,
1556 2384 1588 2442 et
1607 2378 1740 2442 sortasse
1759 2361 1882 2443 librarii

689 2485 863 2546 memoriae
884 2484 1089 2548 inhaerebant
1108 2505 1219 2548 versus
1239 2486 1436 2548 eomieorum
1458 2481 1560 2568 qualis
1576 2485 1608 2546 in
1624 2483 1881 2549 Acharneneibue

690 2593 739 2652 est
762 2587 885 2653 fabula:

871 2693 937 2770 ἐμοὶ
962 2698 1153 2766 πλακοῦντος
1177 2692 1374 2773 τυρόνωτον
1397 2694 1447 2766 tte
1471 2694 1591 2759 κύκλον.

690 2797 771 2863 Vera
790 2800 927 2863 nominis
947 2798 1049 2863 forma
1066 2803 1136 2885 ipso
1157 2799 1214 2864 illo
1234 2802 1488 2865 nebarnensium
1501 2798 1569 2864 loon
1582 2804 1670 2864 extat
1683 2807 1745 2880 (rs.
1763 2800 1880 2879 llam:

869 2905 921 2967 καὶ
946 2913 1001 2979 τῆς
1027 2906 1101 2981 ἐμῆς
1126 2905 1196 2978 τοὺς
1222 2907 1443 2983 κριβανίτας
1467 2903 1595 2985 ἔκφερε,

688 3008 816 3073 aliunde
835 3015 943 3074 autem
962 3007 1046 3090 οίρτοι
1066 3011 1242 3092 κριβανίται
1262 3014 1339 3077 eatis
1360 3018 1435 3076 eunt
1454 3013 1538 3089 noti,
1558 3011 1733 3098 eodemque
1745 3015 1881 3077 termino

687 3118 828 3200 insignia
852 3123 928 3181 sunt
950 3116 1174 3201 paniculerum
1198 3120 1328 3183 nomina
1351 3120 1384 3181 in
1405 3123 1472 3182 arte
1492 3120 1625 3203 pistoria
1645 3117 1724 3182 olim
1744 3120 1879 3182 usitata:

688 3222 826 3298 ίτνίτης,
852 3222 1036 3302 ἐσχαρίτης,
1060 3221 1227 3299 σποδίτης,
1253 3223 1478 3302 αὐτοτυρίτης,
1503 3223 1650 3303 ζυμίτης,
1674 3221 1848 3304 χονδρίτης.

732 3326 870 3391 Minime
893 3330 996 3412 igitur
1019 3328 1115 3393 dubia
1139 3334 1187 3392 est
1210 3350 1269 3393 res.
1295 3327 1357 3393 Sed
1380 3328 1632 3393 behemensium
1654 3331 1765 3393 versus
1785 3350 1881 3413 quem

688 3432 783 3497 modo
814 3431 910 3496 attuli
940 3440 1048 3518 aperto
1078 3437 1157 3498 vitio
1188 3433 1328 3511 laborat,
1361 3434 1445 3518 quod
1470 3433 1629 3518 quomodo
1654 3433 1880 3519 corrigendum

687 3540 730 3601 eit
754 3537 930 3602 dubitatur.
956 3537 1041 3605 Cum
1065 3539 1285 3604 Acharnensee
1310 3539 1444 3604 edebam
1468 3539 1652 3603 dubitanter
1675 3543 1845 3625 proposui:

873 3643 907 3706 ἐκ
931 3650 986 3716 τῆς
1012 3644 1158 3717 σιτίης
1183 3644 1252 3714 τοὺς
1278 3643 1461 3721 κριβανίτας
1486 3642 1607 3724 ἔκφερε,

690 3748 777 3834 quod
792 3748 869 3813 lieet
889 3749 1051 3814 meliorem
1072 3751 1221 3835 praebeat
1236 3771 1366 3814 sensum
1378 3771 1475 3834 quam
1489 3748 1634 3836 vulgata,
1649 3771 1762 3815 vereor
1775 3756 1881 3813 tamen

688 3861 725 3917 ut
753 3853 787 3918 id
816 3859 924 3938 ipsum
956 3857 999 3919 eit
1029 3856 1113 3940 quod
1145 3856 1273 3920 dederat
1298 3858 1449 3919 eominus.
1475 3853 1511 3918 Id
1535 3853 1727 3920 eliciendum
1753 3854 1883 3918 ridetur

688 3980 727 4023 ex
761 3960 951 4044 Antiphanie
982 3962 1162 4047 fragmento
1193 3959 1340 4043 quodam,
1365 3961 1421 4024 ubi
1445 3961 1624 4037 κριβανίτας
1649 3958 1757 4039 οίρτους
1785 3959 1881 4025 homo

688 4063 823 4150 gulosus
855 4065 960 4130 verbis
991 4065 1189 4131 cothurnatis
1220 4064 1359 4130 celebrat
1389 4063 1641 4142 λευκοσωμάτους
1662 4066 1669 4149 Ι
1689 4064 1773 4129 ίτνὸν
1805 4089 1877 4129 κατ-

688 4170 820 4249 έχοντας
848 4173 878 4235 ἐν
906 4180 1035 4244 πυκναῖς
1060 4169 1198 4245 διεξόδοις
1220 4174 1226 4253 Ι
1323 4173 1442 4250 μορφὴν
1462 4170 1615 4248 κριβοίνοις
1633 4170 1875 4256 determinabat

688 4322 742 4345 ...
766 4270 815 4348 οὓς
848 4276 1000 4352 δημόταις
1027 4279 1033 4363 Ι
1062 4277 1199 4354 Θεαρίων
1230 4280 1346 4361 (pistor
1378 4274 1616 4353 celeberrimus)
1640 4274 1751 4366 ἔδειξεν
1766 4273 1801 4356 ¹).
1833 4275 1882 4339 En

687 4382 882 4447 vocabulum
903 4384 986 4467 quod
1006 4383 1254 4468 quaerebamus,
1280 4381 1404 4454 ίτνίς.
1435 4381 1531 4466 Apud
1554 4379 1800 4465 Aristophanem
1824 4380 1881 4445 l.l.

688 4486 833 4573 legatur:

870 4592 1042 4658 ἐκτοῦδ’
1068 4595 1183 4657 ίτνοῖι
1208 4592 1277 4664 τοὺς
1303 4590 1485 4673 κριβανίτας
1509 4590 1629 4671 ἔκφερε.

1654 4681 1702 4736 τῆς
1719 4678 1822 4739 καμίνου

692 4748 842 4813 Ετιοιιιτιι
866 4752 995 4835 peperit
1018 4752 1051 4813 ni
1076 4748 1170 4813 failor
1191 4749 1352 4835 glossema
1375 4750 1643 4833 superscriptum:
1739 4748 1835 4813 ίτνοῦ.

725 4963 749 5022 l)
769 4962 899 5026 Antiphon.
916 4963 946 5009 ir.
965 4961 1021 5013 lto.

1701 5055 1736 5103 28
