<?xml version="1.0" encoding="UTF-8"?>
<!DOCTYPE html PUBLIC "-//W3C//DTD XHTML 1.0 Transitional//EN"
    "http://www.w3.org/TR/xhtml1/DTD/xhtml1-transitional.dtd">
<html xmlns="http://www.w3.org/1999/xhtml" xml:lang="en" lang="en">
 <head>
  <title>
</title>
<meta http-equiv="Content-Type" content="text/html;charset=utf-8" />
  <meta name='ocr-system' content='tesseract 3.04.00' />
  <meta name='ocr-capabilities' content='ocr_page ocr_carea ocr_par ocr_line ocrx_word'/>
</head>
<body>
  <div class='ocr_page' id='page_1' title='image "./mnemosyne04verdgoog_0013.png"; bbox 0 0 5125 6150; ppageno 0'>
   <div class='ocr_carea' id='block_1_1' title="bbox 783 721 1455 787">
    <p class='ocr_par' dir='ltr' id='par_1_1' title="bbox 783 721 1455 787">
     <span class='ocr_line' id='line_1_1' title="bbox 783 721 1455 787; baseline -0.006 0"><span class='ocrx_word' id='word_1_1' title='bbox 783 721 803 787; x_wconf 87' lang='grc'><strong>6</strong></span> <span class='ocrx_word' id='word_1_2' title='bbox 1290 736 1455 785; x_wconf 84' lang='lat' dir='ltr'><strong>noounos.</strong></span> 
     </span>
    </p>
   </div>
   <div class='ocr_carea' id='block_1_2' title="bbox 781 898 1963 1089">
    <p class='ocr_par' dir='ltr' id='par_1_2' title="bbox 781 898 1963 1089">
     <span class='ocr_line' id='line_1_2' title="bbox 781 898 1963 989; baseline -0.003 -20"><span class='ocrx_word' id='word_1_3' title='bbox 781 907 929 970; x_wconf 80' lang='lat' dir='ltr'><strong>nativum</strong></span> <span class='ocrx_word' id='word_1_4' title='bbox 953 902 1114 989; x_wconf 79' lang='lat' dir='ltr'>eleganter</span> <span class='ocrx_word' id='word_1_5' title='bbox 1137 904 1357 987; x_wconf 79' lang='lat' dir='ltr'><strong>praemittere,</strong></span> <span class='ocrx_word' id='word_1_6' title='bbox 1379 901 1416 966; x_wconf 81' lang='lat' dir='ltr'><strong>of.</strong></span> <span class='ocrx_word' id='word_1_7' title='bbox 1437 899 1530 966; x_wconf 92' lang='lat' dir='ltr'><strong>Deor.</strong></span> <span class='ocrx_word' id='word_1_8' title='bbox 1551 898 1633 965; x_wconf 87' lang='lat' dir='ltr'><strong>Dial.</strong></span> <span class='ocrx_word' id='word_1_9' title='bbox 1653 899 1726 964; x_wconf 86' lang='lat' dir='ltr'><strong>XX.</strong></span> <span class='ocrx_word' id='word_1_10' title='bbox 1749 899 1784 964; x_wconf 92' lang='lat' dir='ltr'><strong>l:</strong></span> <span class='ocrx_word' id='word_1_11' title='bbox 1805 906 1861 972; x_wconf 78' lang='grc' dir='ltr'><strong>τῆς</strong></span> <span class='ocrx_word' id='word_1_12' title='bbox 1876 899 1963 973; x_wconf 75' lang='grc' dir='ltr'><em>Ἴδης</em></span> 
     </span>
     <span class='ocr_line' id='line_1_3' title="bbox 782 1006 1060 1089; baseline -0.007 -16"><span class='ocrx_word' id='word_1_13' title='bbox 782 1012 810 1074; x_wconf 84' lang='grc' dir='ltr'><strong>ὀν</strong></span> <span class='ocrx_word' id='word_1_14' title='bbox 834 1011 876 1088; x_wconf 78' lang='grc' dir='ltr'><strong>τῷ</strong></span> <span class='ocrx_word' id='word_1_15' title='bbox 901 1006 1060 1089; x_wconf 79' lang='grc' dir='ltr'><em>Γαργοίρῳ.</em></span> 
     </span>
    </p>
   </div>
   <div class='ocr_carea' id='block_1_3' title="bbox 781 1221 2030 1525">
    <p class='ocr_par' dir='ltr' id='par_1_3' title="bbox 781 1221 2030 1525">
     <span class='ocr_line' id='line_1_4' title="bbox 826 1221 1964 1313; baseline -0.001 -22"><span class='ocrx_word' id='word_1_16' title='bbox 826 1226 923 1313; x_wconf 60' lang='lat'><strong>529:</strong></span> <span class='ocrx_word' id='word_1_17' title='bbox 956 1229 995 1298; x_wconf 78' lang='grc' dir='ltr'><strong>ὥς</strong></span> <span class='ocrx_word' id='word_1_18' title='bbox 1028 1225 1066 1290; x_wconf 74' lang='grc' dir='ltr'><strong>δὲ</strong></span> <span class='ocrx_word' id='word_1_19' title='bbox 1097 1233 1207 1296; x_wconf 78' lang='grc' dir='ltr'><em>λεῖος</em></span> <span class='ocrx_word' id='word_1_20' title='bbox 1231 1221 1333 1289; x_wconf 77' lang='grc' dir='ltr'><em>εἶκαὶ</em></span> <span class='ocrx_word' id='word_1_21' title='bbox 1357 1224 1526 1303; x_wconf 87' lang='grc' dir='ltr'><em>ὀλνοόηρός,</em></span> <span class='ocrx_word' id='word_1_22' title='bbox 1549 1221 1570 1288; x_wconf 84' lang='grc' dir='ltr'><em>ὧ</em></span> <span class='ocrx_word' id='word_1_23' title='bbox 1595 1229 1725 1290; x_wconf 81' lang='grc' dir='ltr'><em>Πλοῦτε.</em></span> <span class='ocrx_word' id='word_1_24' title='bbox 1750 1224 1853 1290; x_wconf 77' lang='lat' dir='ltr'><strong>Teneo</strong></span> <span class='ocrx_word' id='word_1_25' title='bbox 1878 1224 1964 1309; x_wconf 89' lang='lat' dir='ltr'><strong>quod</strong></span> 
     </span>
     <span class='ocr_line' id='line_1_5' title="bbox 781 1316 2030 1416; baseline -0.004 -16"><span class='ocrx_word' id='word_1_26' title='bbox 781 1332 860 1400; x_wconf 90' lang='lat' dir='ltr'><strong>olim</strong></span> <span class='ocrx_word' id='word_1_27' title='bbox 883 1350 1095 1398; x_wconf 81' lang='lat' dir='ltr'><strong>correxeram:</strong></span> <span class='ocrx_word' id='word_1_28' title='bbox 1120 1332 1159 1402; x_wconf 80' lang='grc' dir='ltr'><strong>ὡς</strong></span> <span class='ocrx_word' id='word_1_29' title='bbox 1182 1330 1317 1401; x_wconf 79' lang='grc' dir='ltr'><em>δόλνος</em></span> <span class='ocrx_word' id='word_1_30' title='bbox 1340 1325 1384 1407; x_wconf 81' lang='grc' dir='ltr'><strong>εί,</strong></span> <span class='ocrx_word' id='word_1_31' title='bbox 1409 1331 1448 1394; x_wconf 89' lang='lat' dir='ltr'><strong>cs.</strong></span> <span class='ocrx_word' id='word_1_32' title='bbox 1472 1330 1574 1395; x_wconf 85' lang='lat' dir='ltr'><strong>Mehl.</strong></span> <span class='ocrx_word' id='word_1_33' title='bbox 1599 1331 1701 1396; x_wconf 79' lang='lat' dir='ltr'><strong>Praei.</strong></span> <span class='ocrx_word' id='word_1_34' title='bbox 1726 1353 1757 1416; x_wconf 89' lang='lat' dir='ltr'><strong>p.</strong></span> <span class='ocrx_word' id='word_1_35' title='bbox 1779 1349 1843 1395; x_wconf 75' lang='lat' dir='ltr'><strong>avr.</strong></span> <span class='ocrx_word' id='word_1_36' title='bbox 1868 1328 1965 1397; x_wconf 82' lang='lat' dir='ltr'><strong>Certe</strong></span> <span class='ocrx_word' id='word_1_37' title='bbox 2027 1316 2030 1321; x_wconf 41' lang='lat'><em>¹</em></span> 
     </span>
     <span class='ocr_line' id='line_1_6' title="bbox 782 1432 1939 1525; baseline -0.003 -22"><span class='ocrx_word' id='word_1_38' title='bbox 782 1437 937 1525; x_wconf 87' lang='lat' dir='ltr'><strong>particula</strong></span> <span class='ocrx_word' id='word_1_39' title='bbox 961 1437 994 1503; x_wconf 76' lang='grc' dir='ltr'><strong>δέ</strong></span> <span class='ocrx_word' id='word_1_40' title='bbox 1018 1436 1101 1501; x_wconf 85' lang='lat' dir='ltr'><strong>male</strong></span> <span class='ocrx_word' id='word_1_41' title='bbox 1124 1436 1275 1513; x_wconf 88' lang='lat' dir='ltr'><strong>abundat,</strong></span> <span class='ocrx_word' id='word_1_42' title='bbox 1301 1437 1339 1499; x_wconf 85' lang='lat' dir='ltr'><strong>cf.</strong></span> <span class='ocrx_word' id='word_1_43' title='bbox 1363 1435 1556 1501; x_wconf 88' lang='lat' dir='ltr'><strong>Hermotim.</strong></span> <span class='ocrx_word' id='word_1_44' title='bbox 1578 1435 1638 1500; x_wconf 80' lang='lat'><strong>59:</strong></span> <span class='ocrx_word' id='word_1_45' title='bbox 1662 1439 1702 1507; x_wconf 77' lang='grc' dir='ltr'><strong>ὡς</strong></span> <span class='ocrx_word' id='word_1_46' title='bbox 1725 1436 1877 1516; x_wconf 84' lang='grc' dir='ltr'><em>ὀλντόηρός</em></span> <span class='ocrx_word' id='word_1_47' title='bbox 1901 1432 1939 1501; x_wconf 82' lang='grc' dir='ltr'><strong>εί.</strong></span> 
     </span>
    </p>
   </div>
   <div class='ocr_carea' id='block_1_4' title="bbox 782 1640 1969 2457">
    <p class='ocr_par' dir='ltr' id='par_1_4' title="bbox 782 1640 1969 2457">
     <span class='ocr_line' id='line_1_7' title="bbox 828 1640 1966 1727; baseline -0.002 -21"><span class='ocrx_word' id='word_1_48' title='bbox 828 1643 916 1727; x_wconf 75' lang='lat' dir='ltr'><strong>§lu</strong></span> <span class='ocrx_word' id='word_1_49' title='bbox 950 1641 1103 1707; x_wconf 81' lang='lat' dir='ltr'><strong>Mercurii</strong></span> <span class='ocrx_word' id='word_1_50' title='bbox 1134 1640 1230 1705; x_wconf 87' lang='lat' dir='ltr'><strong>verba</strong></span> <span class='ocrx_word' id='word_1_51' title='bbox 1254 1647 1347 1704; x_wconf 86' lang='lat' dir='ltr'><strong>sunt:</strong></span> <span class='ocrx_word' id='word_1_52' title='bbox 1372 1641 1432 1718; x_wconf 77' lang='grc' dir='ltr'><strong>ἐγὼ</strong></span> <span class='ocrx_word' id='word_1_53' title='bbox 1458 1640 1488 1705; x_wconf 76' lang='lat' dir='ltr'><strong>tt</strong></span> <span class='ocrx_word' id='word_1_54' title='bbox 1513 1641 1585 1719; x_wconf 72' lang='grc' dir='ltr'><em>ὑπὲρ</em></span> <span class='ocrx_word' id='word_1_55' title='bbox 1609 1643 1662 1716; x_wconf 74' lang='grc' dir='ltr'><strong>την</strong></span> <span class='ocrx_word' id='word_1_56' title='bbox 1688 1641 1834 1715; x_wconf 85' lang='grc' dir='ltr'><em>Λίτνην</em></span> <span class='ocrx_word' id='word_1_57' title='bbox 1858 1641 1889 1712; x_wconf 74' lang='grc' dir='ltr'><strong>ἐς</strong></span> <span class='ocrx_word' id='word_1_58' title='bbox 1912 1641 1966 1704; x_wconf 90' lang='grc' dir='ltr'><strong>τόν</strong></span> 
     </span>
     <span class='ocr_line' id='line_1_8' title="bbox 782 1743 1967 1834; baseline -0.003 -21"><span class='ocrx_word' id='word_1_59' title='bbox 782 1749 902 1827; x_wconf 84' lang='grc' dir='ltr'><em>οὐρανόν</em></span> <span class='ocrx_word' id='word_1_60' title='bbox 920 1747 1152 1825; x_wconf 70' lang='grc' dir='ltr'><em>ἀναπτήσομαι.</em></span> <span class='ocrx_word' id='word_1_61' title='bbox 1173 1748 1262 1811; x_wconf 87' lang='lat' dir='ltr'><strong>Itane</strong></span> <span class='ocrx_word' id='word_1_62' title='bbox 1282 1768 1320 1810; x_wconf 85' lang='lat' dir='ltr'><strong>ex</strong></span> <span class='ocrx_word' id='word_1_63' title='bbox 1340 1747 1446 1811; x_wconf 86' lang='lat' dir='ltr'><strong>Attica</strong></span> <span class='ocrx_word' id='word_1_64' title='bbox 1465 1767 1561 1831; x_wconf 86' lang='lat' dir='ltr'><strong>supra</strong></span> <span class='ocrx_word' id='word_1_65' title='bbox 1574 1750 1709 1812; x_wconf 81' lang='lat' dir='ltr'><strong>Aetnam</strong></span> <span class='ocrx_word' id='word_1_66' title='bbox 1721 1751 1755 1812; x_wconf 90' lang='lat' dir='ltr'><strong>in</strong></span> <span class='ocrx_word' id='word_1_67' title='bbox 1767 1743 1967 1834; x_wconf 82' lang='lat' dir='ltr'><strong>Olympum?</strong></span> 
     </span>
     <span class='ocr_line' id='line_1_9' title="bbox 783 1851 1967 1939; baseline -0.002 -20"><span class='ocrx_word' id='word_1_68' title='bbox 783 1854 917 1920; x_wconf 81' lang='lat' dir='ltr'><strong>Malim:</strong></span> <span class='ocrx_word' id='word_1_69' title='bbox 942 1854 1014 1932; x_wconf 72' lang='grc' dir='ltr'><strong>ὑπὲρ</strong></span> <span class='ocrx_word' id='word_1_70' title='bbox 1038 1854 1092 1927; x_wconf 74' lang='grc' dir='ltr'><strong>την</strong></span> <span class='ocrx_word' id='word_1_71' title='bbox 1113 1854 1317 1925; x_wconf 71' lang='grc' dir='ltr'><em>Ἀττικήν.</em></span> <span class='ocrx_word' id='word_1_72' title='bbox 1344 1851 1405 1932; x_wconf 82' lang='lat' dir='ltr'><strong>Qui</strong></span> <span class='ocrx_word' id='word_1_73' title='bbox 1428 1851 1535 1917; x_wconf 93' lang='lat' dir='ltr'><strong>locum</strong></span> <span class='ocrx_word' id='word_1_74' title='bbox 1559 1856 1715 1939; x_wconf 88' lang='lat' dir='ltr'><strong>corrupit,</strong></span> <span class='ocrx_word' id='word_1_75' title='bbox 1738 1855 1967 1939; x_wconf 86' lang='lat' dir='ltr'><strong>intempestive</strong></span> 
     </span>
     <span class='ocr_line' id='line_1_10' title="bbox 783 1956 1965 2044; baseline -0.001 -19"><span class='ocrx_word' id='word_1_76' title='bbox 783 1982 907 2026; x_wconf 93' lang='lat' dir='ltr'><strong>memor</strong></span> <span class='ocrx_word' id='word_1_77' title='bbox 931 1961 993 2024; x_wconf 85' lang='lat' dir='ltr'><strong>fuit</strong></span> <span class='ocrx_word' id='word_1_78' title='bbox 1015 1981 1124 2025; x_wconf 91' lang='lat' dir='ltr'><strong>eorum</strong></span> <span class='ocrx_word' id='word_1_79' title='bbox 1149 1979 1228 2044; x_wconf 88' lang='lat' dir='ltr'><strong>quae</strong></span> <span class='ocrx_word' id='word_1_80' title='bbox 1248 1956 1403 2044; x_wconf 81' lang='lat' dir='ltr'><strong>leguntur</strong></span> <span class='ocrx_word' id='word_1_81' title='bbox 1422 1958 1512 2042; x_wconf 80' lang='lat' dir='ltr'><strong>§l9:</strong></span> <span class='ocrx_word' id='word_1_82' title='bbox 1533 1959 1571 2023; x_wconf 82' lang='grc' dir='ltr'><strong>σὺ</strong></span> <span class='ocrx_word' id='word_1_83' title='bbox 1591 1958 1622 2023; x_wconf 78' lang='grc' dir='ltr'><strong>δὲ</strong></span> <span class='ocrx_word' id='word_1_84' title='bbox 1641 1959 1792 2037; x_wconf 77' lang='grc' dir='ltr'><em>μέμνησο,</em></span> <span class='ocrx_word' id='word_1_85' title='bbox 1813 1956 1833 2023; x_wconf 81' lang='grc' dir='ltr'><strong><em>ὦ</em></strong></span> <span class='ocrx_word' id='word_1_86' title='bbox 1854 1964 1965 2039; x_wconf 75' lang='grc' dir='ltr'><em>Ἑρμῆ,</em></span> 
     </span>
     <span class='ocr_line' id='line_1_11' title="bbox 783 2063 1968 2143; baseline -0.001 -13"><span class='ocrx_word' id='word_1_87' title='bbox 783 2068 910 2131; x_wconf 76' lang='grc' dir='ltr'><em>ἐπανιὼν</em></span> <span class='ocrx_word' id='word_1_88' title='bbox 941 2065 1013 2143; x_wconf 88' lang='grc' dir='ltr'><strong>τρός</strong></span> <span class='ocrx_word' id='word_1_89' title='bbox 1044 2069 1126 2141; x_wconf 71' lang='grc' dir='ltr'><strong>ἡμᾶς</strong></span> <span class='ocrx_word' id='word_1_90' title='bbox 1151 2063 1240 2143; x_wconf 77' lang='grc' dir='ltr'><em>οίγενν</em></span> <span class='ocrx_word' id='word_1_91' title='bbox 1263 2065 1332 2136; x_wconf 86' lang='grc' dir='ltr'><em>τοὺς</em></span> <span class='ocrx_word' id='word_1_92' title='bbox 1358 2063 1531 2136; x_wconf 72' lang='grc' dir='ltr'><strong>Κύκλωπας</strong></span> <span class='ocrx_word' id='word_1_93' title='bbox 1556 2065 1588 2129; x_wconf 84' lang='grc' dir='ltr'><strong>ἐκ</strong></span> <span class='ocrx_word' id='word_1_94' title='bbox 1611 2071 1667 2137; x_wconf 71' lang='grc' dir='ltr'><strong>τῆς</strong></span> <span class='ocrx_word' id='word_1_95' title='bbox 1693 2064 1814 2138; x_wconf 73' lang='grc' dir='ltr'><em>Αἴτνης.</em></span> <span class='ocrx_word' id='word_1_96' title='bbox 1846 2063 1968 2132; x_wconf 80' lang='lat' dir='ltr'><strong>Contra</strong></span> 
     </span>
     <span class='ocr_line' id='line_1_12' title="bbox 783 2169 1969 2257; baseline 0 -22"><span class='ocrx_word' id='word_1_97' title='bbox 783 2170 851 2257; x_wconf 79' lang='lat'><strong>§6:</strong></span> <span class='ocrx_word' id='word_1_98' title='bbox 877 2174 910 2235; x_wconf 79' lang='grc' dir='ltr'><strong>ἐκ</strong></span> <span class='ocrx_word' id='word_1_99' title='bbox 934 2179 990 2246; x_wconf 72' lang='grc' dir='ltr'><strong>τῆς</strong></span> <span class='ocrx_word' id='word_1_100' title='bbox 1015 2171 1140 2245; x_wconf 88' lang='grc' dir='ltr'><em>Οίτης</em></span> <span class='ocrx_word' id='word_1_101' title='bbox 1165 2169 1371 2246; x_wconf 67' lang='grc' dir='ltr'><strong>ἐναυσάμενος</strong></span> <span class='ocrx_word' id='word_1_102' title='bbox 1394 2170 1538 2247; x_wconf 82' lang='grc' dir='ltr'><em>μεγοίλην</em></span> <span class='ocrx_word' id='word_1_103' title='bbox 1562 2172 1693 2244; x_wconf 78' lang='grc' dir='ltr'><em>τοννίοας</em></span> <span class='ocrx_word' id='word_1_104' title='bbox 1716 2172 1845 2250; x_wconf 85' lang='grc' dir='ltr'><em>Φλόγα,</em></span> <span class='ocrx_word' id='word_1_105' title='bbox 1865 2174 1969 2236; x_wconf 90' lang='lat' dir='ltr'><strong>miror</strong></span> 
     </span>
     <span class='ocr_line' id='line_1_13' title="bbox 785 2275 1967 2364; baseline -0.003 -22"><span class='ocrx_word' id='word_1_106' title='bbox 785 2276 868 2364; x_wconf 90' lang='lat' dir='ltr'><strong>quod</strong></span> <span class='ocrx_word' id='word_1_107' title='bbox 900 2276 1094 2341; x_wconf 84' lang='lat' dir='ltr'><strong>Fritzschius</strong></span> <span class='ocrx_word' id='word_1_108' title='bbox 1125 2279 1233 2341; x_wconf 90' lang='lat' dir='ltr'><strong>reiecit</strong></span> <span class='ocrx_word' id='word_1_109' title='bbox 1263 2275 1442 2363; x_wconf 83' lang='lat' dir='ltr'><strong>elegantem</strong></span> <span class='ocrx_word' id='word_1_110' title='bbox 1466 2275 1559 2340; x_wconf 87' lang='lat' dir='ltr'><strong>Fabri</strong></span> <span class='ocrx_word' id='word_1_111' title='bbox 1583 2280 1825 2342; x_wconf 80' lang='lat' dir='ltr'><strong>correctionem:</strong></span> <span class='ocrx_word' id='word_1_112' title='bbox 1851 2277 1886 2339; x_wconf 73' lang='grc' dir='ltr'><strong>ἐκ</strong></span> <span class='ocrx_word' id='word_1_113' title='bbox 1908 2284 1967 2350; x_wconf 76' lang='grc' dir='ltr'><strong>τῆς</strong></span> 
     </span>
     <span class='ocr_line' id='line_1_14' title="bbox 786 2381 943 2457; baseline 0 -9"><span class='ocrx_word' id='word_1_114' title='bbox 786 2381 943 2457; x_wconf 85' lang='grc' dir='ltr'><em>Λίτνης.</em></span> 
     </span>
    </p>
   </div>
   <div class='ocr_carea' id='block_1_5' title="bbox 786 2581 1971 3513">
    <p class='ocr_par' dir='ltr' id='par_1_5' title="bbox 786 2581 1971 3513">
     <span class='ocr_line' id='line_1_15' title="bbox 830 2581 1968 2672; baseline 0 -21"><span class='ocrx_word' id='word_1_115' title='bbox 830 2586 927 2672; x_wconf 77' lang='lat'><strong>§56:</strong></span> <span class='ocrx_word' id='word_1_116' title='bbox 962 2581 1047 2650; x_wconf 80' lang='grc' dir='ltr'><em>οίοόα</em></span> <span class='ocrx_word' id='word_1_117' title='bbox 1081 2586 1143 2664; x_wconf 85' lang='grc' dir='ltr'><strong>γόορ</strong></span> <span class='ocrx_word' id='word_1_118' title='bbox 1174 2585 1213 2655; x_wconf 79' lang='grc' dir='ltr'><strong>τίς</strong></span> <span class='ocrx_word' id='word_1_119' title='bbox 1244 2582 1334 2662; x_wconf 83' lang='grc' dir='ltr'><em>μοόζοο</em></span> <span class='ocrx_word' id='word_1_120' title='bbox 1366 2583 1422 2658; x_wconf 70' lang='grc' dir='ltr'><strong>μὲν</strong></span> <span class='ocrx_word' id='word_1_121' title='bbox 1452 2584 1518 2659; x_wconf 77' lang='grc' dir='ltr'><em>ἐμοί</em></span> <span class='ocrx_word' id='word_1_122' title='bbox 1550 2584 1667 2650; x_wconf 75' lang='grc' dir='ltr'><em>δεῖπνον</em></span> <span class='ocrx_word' id='word_1_123' title='bbox 1697 2585 1809 2662; x_wconf 86' lang='grc' dir='ltr'><em>ίκανόν,</em></span> <span class='ocrx_word' id='word_1_124' title='bbox 1838 2584 1910 2665; x_wconf 83' lang='grc' dir='ltr'><em>ὀψον</em></span> <span class='ocrx_word' id='word_1_125' title='bbox 1936 2586 1968 2651; x_wconf 68' lang='grc' dir='ltr'><strong>δὲ</strong></span> 
     </span>
     <span class='ocr_line' id='line_1_16' title="bbox 788 2689 1967 2771; baseline -0.001 -12"><span class='ocrx_word' id='word_1_126' title='bbox 788 2692 884 2769; x_wconf 74' lang='grc' dir='ltr'><em>η’ὀοςον</em></span> <span class='ocrx_word' id='word_1_127' title='bbox 921 2694 1011 2769; x_wconf 85' lang='grc' dir='ltr'><em>ὀιίμον</em></span> <span class='ocrx_word' id='word_1_128' title='bbox 1043 2693 1059 2767; x_wconf 72' lang='grc' dir='ltr'><strong><em>ἢ</em></strong></span> <span class='ocrx_word' id='word_1_129' title='bbox 1091 2690 1244 2770; x_wconf 75' lang='grc' dir='ltr'><em>κοίρόοοαον</em></span> <span class='ocrx_word' id='word_1_130' title='bbox 1277 2690 1294 2765; x_wconf 73' lang='grc' dir='ltr'>ἢ</span> <span class='ocrx_word' id='word_1_131' title='bbox 1327 2690 1429 2756; x_wconf 83' lang='grc' dir='ltr'><em>είτοτε</em></span> <span class='ocrx_word' id='word_1_132' title='bbox 1459 2689 1609 2771; x_wconf 72' lang='grc' dir='ltr'><em>τρυφῴην,</em></span> <span class='ocrx_word' id='word_1_133' title='bbox 1641 2691 1744 2770; x_wconf 93' lang='grc' dir='ltr'><em>ὀλίγον</em></span> <span class='ocrx_word' id='word_1_134' title='bbox 1767 2694 1824 2757; x_wconf 81' lang='grc' dir='ltr'><strong>τῶν</strong></span> <span class='ocrx_word' id='word_1_135' title='bbox 1848 2692 1967 2759; x_wconf 78' lang='grc' dir='ltr'><em>οἱλῶν.</em></span> 
     </span>
     <span class='ocr_line' id='line_1_17' title="bbox 786 2796 1968 2885; baseline -0.002 -20"><span class='ocrx_word' id='word_1_136' title='bbox 786 2802 829 2865; x_wconf 84' lang='lat' dir='ltr'><strong>At</strong></span> <span class='ocrx_word' id='word_1_137' title='bbox 861 2798 908 2865; x_wconf 86' lang='lat' dir='ltr'><strong>sal</strong></span> <span class='ocrx_word' id='word_1_138' title='bbox 937 2801 1072 2862; x_wconf 90' lang='lat' dir='ltr'><strong>minimo</strong></span> <span class='ocrx_word' id='word_1_139' title='bbox 1102 2800 1204 2882; x_wconf 92' lang='lat' dir='ltr'><strong>pretio</strong></span> <span class='ocrx_word' id='word_1_140' title='bbox 1239 2803 1368 2882; x_wconf 89' lang='lat' dir='ltr'><strong>prostat.</strong></span> <span class='ocrx_word' id='word_1_141' title='bbox 1397 2796 1492 2861; x_wconf 93' lang='lat' dir='ltr'><strong>Hom.</strong></span> <span class='ocrx_word' id='word_1_142' title='bbox 1521 2797 1633 2885; x_wconf 83' lang='lat' dir='ltr'><strong>Odyss.</strong></span> <span class='ocrx_word' id='word_1_143' title='bbox 1662 2823 1676 2875; x_wconf 84' lang='grc' dir='ltr'><em>ρ</em></span> <span class='ocrx_word' id='word_1_144' title='bbox 1701 2797 1783 2862; x_wconf 81' lang='lat'><strong>455:</strong></span> <span class='ocrx_word' id='word_1_145' title='bbox 1809 2799 1841 2863; x_wconf 81' lang='grc' dir='ltr'><strong>οὐ</strong></span> <span class='ocrx_word' id='word_1_146' title='bbox 1864 2797 1902 2863; x_wconf 83' lang='grc' dir='ltr'><strong>σύ</strong></span> <span class='ocrx_word' id='word_1_147' title='bbox 1926 2798 1968 2876; x_wconf 84' lang='grc' dir='ltr'><strong>γί</strong></span> 
     </span>
     <span class='ocr_line' id='line_1_18' title="bbox 786 2900 1966 2985; baseline 0 -15"><span class='ocrx_word' id='word_1_148' title='bbox 786 2909 814 2970; x_wconf 82' lang='grc' dir='ltr'><strong>κ’</strong></span> <span class='ocrx_word' id='word_1_149' title='bbox 847 2906 881 2983; x_wconf 82' lang='grc' dir='ltr'><strong>ἐξ</strong></span> <span class='ocrx_word' id='word_1_150' title='bbox 912 2906 989 2969; x_wconf 83' lang='grc' dir='ltr'><em>οίκου</em></span> <span class='ocrx_word' id='word_1_151' title='bbox 1020 2905 1062 2983; x_wconf 80' lang='grc' dir='ltr'><strong>τῷ</strong></span> <span class='ocrx_word' id='word_1_152' title='bbox 1095 2904 1227 2985; x_wconf 79' lang='grc' dir='ltr'><em>ίτνςοίτη</em></span> <span class='ocrx_word' id='word_1_153' title='bbox 1258 2904 1319 2968; x_wconf 80' lang='grc' dir='ltr'><em>οὐδ’</em></span> <span class='ocrx_word' id='word_1_154' title='bbox 1349 2900 1415 2966; x_wconf 83' lang='grc' dir='ltr'><em>ὀίλα</em></span> <span class='ocrx_word' id='word_1_155' title='bbox 1447 2903 1537 2977; x_wconf 77' lang='grc' dir='ltr'><em>δοίης.</em></span> <span class='ocrx_word' id='word_1_156' title='bbox 1577 2904 1757 2969; x_wconf 83' lang='lat' dir='ltr'><strong>Secundum</strong></span> <span class='ocrx_word' id='word_1_157' title='bbox 1792 2904 1966 2970; x_wconf 80' lang='lat' dir='ltr'><strong>Horatium</strong></span> 
     </span>
     <span class='ocr_line' id='line_1_19' title="bbox 786 3008 1968 3095; baseline -0.003 -18"><span class='ocrx_word' id='word_1_158' title='bbox 786 3033 859 3078; x_wconf 89' lang='lat' dir='ltr'><strong>cum</strong></span> <span class='ocrx_word' id='word_1_159' title='bbox 884 3009 949 3076; x_wconf 90' lang='lat' dir='ltr'><strong>sale</strong></span> <span class='ocrx_word' id='word_1_160' title='bbox 972 3012 1061 3095; x_wconf 87' lang='lat' dir='ltr'><strong>panis</strong></span> <span class='ocrx_word' id='word_1_161' title='bbox 1083 3008 1253 3073; x_wconf 88' lang='lat' dir='ltr'><strong>latrantem</strong></span> <span class='ocrx_word' id='word_1_162' title='bbox 1278 3008 1480 3073; x_wconf 89' lang='lat' dir='ltr'><strong>stomachum</strong></span> <span class='ocrx_word' id='word_1_163' title='bbox 1503 3009 1581 3074; x_wconf 88' lang='lat' dir='ltr'><strong>bene</strong></span> <span class='ocrx_word' id='word_1_164' title='bbox 1604 3009 1709 3074; x_wconf 89' lang='lat' dir='ltr'><strong>leniet.</strong></span> <span class='ocrx_word' id='word_1_165' title='bbox 1743 3010 1968 3076; x_wconf 76' lang='grc' dir='ltr'><em>Κννδυνεύουτον</em></span> 
     </span>
     <span class='ocr_line' id='line_1_20' title="bbox 786 3111 1970 3196; baseline -0.002 -12"><span class='ocrx_word' id='word_1_166' title='bbox 786 3121 809 3184; x_wconf 88' lang='grc' dir='ltr'><strong>οί</strong></span> <span class='ocrx_word' id='word_1_167' title='bbox 832 3115 908 3189; x_wconf 74' lang='grc' dir='ltr'><em>ἅλες</em></span> <span class='ocrx_word' id='word_1_168' title='bbox 928 3123 985 3180; x_wconf 87' lang='grc' dir='ltr'><strong>τῶν</strong></span> <span class='ocrx_word' id='word_1_169' title='bbox 1005 3116 1108 3181; x_wconf 75' lang='grc' dir='ltr'><em>ἄλλων</em></span> <span class='ocrx_word' id='word_1_170' title='bbox 1128 3114 1208 3196; x_wconf 79' lang='grc' dir='ltr'><em>ὄψων</em></span> <span class='ocrx_word' id='word_1_171' title='bbox 1228 3114 1301 3193; x_wconf 79' lang='grc' dir='ltr'><em>ὄψον</em></span> <span class='ocrx_word' id='word_1_172' title='bbox 1321 3111 1397 3180; x_wconf 80' lang='grc' dir='ltr'><em>εἶναι</em></span> <span class='ocrx_word' id='word_1_173' title='bbox 1417 3117 1468 3179; x_wconf 81' lang='grc' dir='ltr'><strong>καί</strong></span> <span class='ocrx_word' id='word_1_174' title='bbox 1490 3115 1628 3193; x_wconf 73' lang='grc' dir='ltr'><em>ἥδυσμα,</em></span> <span class='ocrx_word' id='word_1_175' title='bbox 1650 3125 1685 3181; x_wconf 90' lang='lat' dir='ltr'><strong>ut</strong></span> <span class='ocrx_word' id='word_1_176' title='bbox 1708 3118 1819 3182; x_wconf 83' lang='lat' dir='ltr'><strong>scribit</strong></span> <span class='ocrx_word' id='word_1_177' title='bbox 1841 3116 1970 3182; x_wconf 83' lang='lat' dir='ltr'><strong>Plutar-</strong></span> 
     </span>
     <span class='ocr_line' id='line_1_21' title="bbox 786 3221 1970 3310; baseline -0.001 -20"><span class='ocrx_word' id='word_1_178' title='bbox 786 3226 863 3290; x_wconf 90' lang='lat' dir='ltr'><strong>chus</strong></span> <span class='ocrx_word' id='word_1_179' title='bbox 895 3223 1021 3304; x_wconf 82' lang='lat' dir='ltr'><strong>Quaest.</strong></span> <span class='ocrx_word' id='word_1_180' title='bbox 1053 3221 1186 3290; x_wconf 82' lang='lat' dir='ltr'><strong>(lonviv.</strong></span> <span class='ocrx_word' id='word_1_181' title='bbox 1211 3245 1241 3308; x_wconf 87' lang='lat' dir='ltr'><strong>p.</strong></span> <span class='ocrx_word' id='word_1_182' title='bbox 1268 3221 1332 3286; x_wconf 84' lang='grc'><strong>685</strong></span> <span class='ocrx_word' id='word_1_183' title='bbox 1345 3223 1383 3286; x_wconf 86' lang='grc' dir='ltr'><strong>Α.</strong></span> <span class='ocrx_word' id='word_1_184' title='bbox 1413 3222 1520 3287; x_wconf 80' lang='lat' dir='ltr'><strong>Etiam</strong></span> <span class='ocrx_word' id='word_1_185' title='bbox 1544 3225 1578 3286; x_wconf 91' lang='lat' dir='ltr'><strong>in</strong></span> <span class='ocrx_word' id='word_1_186' title='bbox 1603 3226 1691 3287; x_wconf 89' lang='lat' dir='ltr'><strong>tenui</strong></span> <span class='ocrx_word' id='word_1_187' title='bbox 1716 3226 1805 3290; x_wconf 88' lang='lat' dir='ltr'><strong>victu</strong></span> <span class='ocrx_word' id='word_1_188' title='bbox 1825 3222 1872 3288; x_wconf 86' lang='lat' dir='ltr'><strong>sal</strong></span> <span class='ocrx_word' id='word_1_189' title='bbox 1894 3245 1970 3310; x_wconf 84' lang='lat' dir='ltr'><strong>sup</strong></span> 
     </span>
     <span class='ocr_line' id='line_1_22' title="bbox 786 3328 1970 3417; baseline 0.001 -22"><span class='ocrx_word' id='word_1_190' title='bbox 786 3333 883 3417; x_wconf 89' lang='lat' dir='ltr'><strong>petit,</strong></span> <span class='ocrx_word' id='word_1_191' title='bbox 911 3329 982 3405; x_wconf 85' lang='lat' dir='ltr'><strong>sed,</strong></span> <span class='ocrx_word' id='word_1_192' title='bbox 1009 3332 1058 3393; x_wconf 93' lang='lat' dir='ltr'><strong>uti</strong></span> <span class='ocrx_word' id='word_1_193' title='bbox 1084 3349 1221 3414; x_wconf 90' lang='lat' dir='ltr'><strong>aequum</strong></span> <span class='ocrx_word' id='word_1_194' title='bbox 1249 3335 1314 3406; x_wconf 87' lang='lat' dir='ltr'><strong>est,</strong></span> <span class='ocrx_word' id='word_1_195' title='bbox 1343 3349 1434 3413; x_wconf 89' lang='lat' dir='ltr'><strong>parce</strong></span> <span class='ocrx_word' id='word_1_196' title='bbox 1459 3333 1593 3394; x_wconf 92' lang='lat' dir='ltr'><strong>utuntur</strong></span> <span class='ocrx_word' id='word_1_197' title='bbox 1614 3350 1733 3394; x_wconf 75' lang='lat' dir='ltr'><strong>omnes,</strong></span> <span class='ocrx_word' id='word_1_198' title='bbox 1766 3329 1847 3394; x_wconf 76' lang='lat' dir='ltr'><strong>Sunt</strong></span> <span class='ocrx_word' id='word_1_199' title='bbox 1871 3328 1970 3417; x_wconf 81' lang='lat' dir='ltr'><strong>longe</strong></span> 
     </span>
     <span class='ocr_line' id='line_1_23' title="bbox 787 3431 1971 3513; baseline 0 -12"><span class='ocrx_word' id='word_1_200' title='bbox 787 3437 890 3501; x_wconf 81' lang='lat' dir='ltr'><strong>dissiti</strong></span> <span class='ocrx_word' id='word_1_201' title='bbox 921 3433 1071 3499; x_wconf 82' lang='lat' dir='ltr'><strong>mortales</strong></span> <span class='ocrx_word' id='word_1_202' title='bbox 1103 3431 1129 3498; x_wconf 83' lang='lat' dir='ltr'><strong>oi</strong></span> <span class='ocrx_word' id='word_1_203' title='bbox 1162 3437 1194 3499; x_wconf 84' lang='grc' dir='ltr'><strong>οὐ</strong></span> <span class='ocrx_word' id='word_1_204' title='bbox 1221 3433 1306 3499; x_wconf 84' lang='grc' dir='ltr'><em>’ίοοοον</em></span> <span class='ocrx_word' id='word_1_205' title='bbox 1329 3436 1490 3499; x_wconf 85' lang='grc' dir='ltr'><em>ὀοίλαοοαν</em></span> <span class='ocrx_word' id='word_1_206' title='bbox 1515 3435 1615 3513; x_wconf 81' lang='grc' dir='ltr'><em>οόνίρες</em></span> <span class='ocrx_word' id='word_1_207' title='bbox 1641 3435 1706 3500; x_wconf 72' lang='grc' dir='ltr'><em>οὐδὲ</em></span> <span class='ocrx_word' id='word_1_208' title='bbox 1732 3437 1756 3499; x_wconf 80' lang='grc' dir='ltr'><strong>ὀ’</strong></span> <span class='ocrx_word' id='word_1_209' title='bbox 1780 3433 1889 3501; x_wconf 80' lang='grc' dir='ltr'><em>ἅλεσσι</em></span> <span class='ocrx_word' id='word_1_210' title='bbox 1914 3459 1971 3513; x_wconf 83' lang='grc' dir='ltr'><strong>με·</strong></span> 
     </span>
    </p>
   </div>
   <div class='ocr_carea' id='block_1_6' title="bbox 676 3535 1972 3635">
    <p class='ocr_par' dir='ltr' id='par_1_6' title="bbox 676 3535 1972 3635">
     <span class='ocr_line' id='line_1_24' title="bbox 676 3535 1972 3635; baseline 0.002 -31"><span class='ocrx_word' id='word_1_211' title='bbox 676 3627 679 3635; x_wconf 32' lang='grc' dir='ltr'>Ι</span> <span class='ocrx_word' id='word_1_212' title='bbox 787 3540 937 3619; x_wconf 81' lang='grc' dir='ltr'><em>μνγμένον</em></span> <span class='ocrx_word' id='word_1_213' title='bbox 968 3535 1052 3619; x_wconf 78' lang='grc' dir='ltr'><em>είδαρ</em></span> <span class='ocrx_word' id='word_1_214' title='bbox 1084 3537 1189 3604; x_wconf 75' lang='grc' dir='ltr'><em>ἔδοντο.</em></span> <span class='ocrx_word' id='word_1_215' title='bbox 1221 3539 1332 3624; x_wconf 87' lang='lat' dir='ltr'><strong>Itaque</strong></span> <span class='ocrx_word' id='word_1_216' title='bbox 1360 3542 1387 3603; x_wconf 90' lang='lat' dir='ltr'><strong>si</strong></span> <span class='ocrx_word' id='word_1_217' title='bbox 1417 3539 1605 3627; x_wconf 82' lang='lat' dir='ltr'><strong>Thrasycles</strong></span> <span class='ocrx_word' id='word_1_218' title='bbox 1635 3540 1754 3605; x_wconf 93' lang='lat' dir='ltr'><strong>ille-</strong></span> <span class='ocrx_word' id='word_1_219' title='bbox 1780 3544 1871 3606; x_wconf 89' lang='lat' dir='ltr'><strong>cuius</strong></span> <span class='ocrx_word' id='word_1_220' title='bbox 1894 3555 1972 3606; x_wconf 88' lang='lat' dir='ltr'><strong>sunt</strong></span> 
     </span>
    </p>
   </div>
   <div class='ocr_carea' id='block_1_7' title="bbox 788 3645 1976 4795">
    <p class='ocr_par' dir='ltr' id='par_1_7' title="bbox 788 3645 1976 4795">
     <span class='ocr_line' id='line_1_25' title="bbox 788 3645 1972 3732; baseline 0.001 -21"><span class='ocrx_word' id='word_1_221' title='bbox 788 3647 872 3732; x_wconf 88' lang='lat' dir='ltr'><strong>apud</strong></span> <span class='ocrx_word' id='word_1_222' title='bbox 902 3646 1079 3710; x_wconf 84' lang='lat' dir='ltr'><strong>Lucienum</strong></span> <span class='ocrx_word' id='word_1_223' title='bbox 1110 3647 1205 3711; x_wconf 85' lang='lat' dir='ltr'><strong>verba</strong></span> <span class='ocrx_word' id='word_1_224' title='bbox 1239 3646 1277 3710; x_wconf 89' lang='lat' dir='ltr'><strong>ad</strong></span> <span class='ocrx_word' id='word_1_225' title='bbox 1309 3645 1475 3711; x_wconf 78' lang='lat' dir='ltr'><strong>Timonem</strong></span> <span class='ocrx_word' id='word_1_226' title='bbox 1500 3684 1541 3695; x_wconf 88' lang='lat'>—</span> <span class='ocrx_word' id='word_1_227' title='bbox 1566 3646 1666 3712; x_wconf 86' lang='lat' dir='ltr'><strong>salem</strong></span> <span class='ocrx_word' id='word_1_228' title='bbox 1689 3647 1727 3711; x_wconf 91' lang='lat' dir='ltr'><strong>ad</strong></span> <span class='ocrx_word' id='word_1_229' title='bbox 1752 3667 1894 3712; x_wconf 90' lang='lat' dir='ltr'><strong>mensam</strong></span> <span class='ocrx_word' id='word_1_230' title='bbox 1918 3647 1972 3712; x_wconf 91' lang='lat' dir='ltr'><strong>ad·</strong></span> 
     </span>
     <span class='ocr_line' id='line_1_26' title="bbox 788 3751 1972 3838; baseline 0.003 -22"><span class='ocrx_word' id='word_1_231' title='bbox 788 3753 893 3828; x_wconf 85' lang='lat' dir='ltr'><strong>hibet,</strong></span> <span class='ocrx_word' id='word_1_232' title='bbox 918 3752 1058 3816; x_wconf 89' lang='lat' dir='ltr'><strong>nondum</strong></span> <span class='ocrx_word' id='word_1_233' title='bbox 1082 3757 1204 3835; x_wconf 74' lang='grc' dir='ltr'><em>τρυφᾷ,</em></span> <span class='ocrx_word' id='word_1_234' title='bbox 1229 3751 1283 3815; x_wconf 90' lang='lat' dir='ltr'><strong>sed</strong></span> <span class='ocrx_word' id='word_1_235' title='bbox 1302 3751 1378 3816; x_wconf 84' lang='lat' dir='ltr'><strong>facit</strong></span> <span class='ocrx_word' id='word_1_236' title='bbox 1401 3752 1482 3837; x_wconf 92' lang='lat' dir='ltr'><strong>quod</strong></span> <span class='ocrx_word' id='word_1_237' title='bbox 1503 3774 1612 3817; x_wconf 89' lang='lat' dir='ltr'><strong>omnes</strong></span> <span class='ocrx_word' id='word_1_238' title='bbox 1631 3753 1747 3817; x_wconf 86' lang='lat' dir='ltr'><strong>divites</strong></span> <span class='ocrx_word' id='word_1_239' title='bbox 1766 3758 1797 3818; x_wconf 95' lang='lat' dir='ltr'><strong>et</strong></span> <span class='ocrx_word' id='word_1_240' title='bbox 1816 3773 1972 3838; x_wconf 88' lang='lat' dir='ltr'><strong>pauperes</strong></span> 
     </span>
     <span class='ocr_line' id='line_1_27' title="bbox 788 3858 1971 3944; baseline -0.001 -20"><span class='ocrx_word' id='word_1_241' title='bbox 788 3879 913 3943; x_wconf 91' lang='lat' dir='ltr'><strong>semper</strong></span> <span class='ocrx_word' id='word_1_242' title='bbox 943 3858 1064 3923; x_wconf 85' lang='lat' dir='ltr'><strong>faciunt</strong></span> <span class='ocrx_word' id='word_1_243' title='bbox 1095 3865 1127 3923; x_wconf 89' lang='lat' dir='ltr'><strong>et</strong></span> <span class='ocrx_word' id='word_1_244' title='bbox 1156 3879 1250 3922; x_wconf 92' lang='lat' dir='ltr'><strong>nemo</strong></span> <span class='ocrx_word' id='word_1_245' title='bbox 1282 3880 1409 3944; x_wconf 87' lang='lat' dir='ltr'><strong>prorsus</strong></span> <span class='ocrx_word' id='word_1_246' title='bbox 1432 3865 1496 3936; x_wconf 87' lang='lat' dir='ltr'><strong>est,</strong></span> <span class='ocrx_word' id='word_1_247' title='bbox 1521 3861 1572 3923; x_wconf 90' lang='lat' dir='ltr'><strong>cui</strong></span> <span class='ocrx_word' id='word_1_248' title='bbox 1595 3880 1657 3924; x_wconf 91' lang='lat' dir='ltr'><strong>non</strong></span> <span class='ocrx_word' id='word_1_249' title='bbox 1680 3860 1782 3936; x_wconf 89' lang='grc' dir='ltr'><em>ὀλίγον</em></span> <span class='ocrx_word' id='word_1_250' title='bbox 1806 3866 1863 3923; x_wconf 83' lang='grc' dir='ltr'><strong>τῶν</strong></span> <span class='ocrx_word' id='word_1_251' title='bbox 1886 3859 1971 3923; x_wconf 80' lang='grc' dir='ltr'><em>οἱλῶν</em></span> 
     </span>
     <span class='ocr_line' id='line_1_28' title="bbox 789 3964 1973 4051; baseline 0.001 -21"><span class='ocrx_word' id='word_1_252' title='bbox 789 3968 867 4030; x_wconf 88' lang='lat' dir='ltr'><strong>satis</strong></span> <span class='ocrx_word' id='word_1_253' title='bbox 898 3967 956 4040; x_wconf 77' lang='lat' dir='ltr'><strong>sit:</strong></span> <span class='ocrx_word' id='word_1_254' title='bbox 989 3985 1063 4029; x_wconf 93' lang='lat' dir='ltr'><strong>nam</strong></span> <span class='ocrx_word' id='word_1_255' title='bbox 1094 3964 1245 4030; x_wconf 86' lang='lat' dir='ltr'><strong>diuturno</strong></span> <span class='ocrx_word' id='word_1_256' title='bbox 1273 3971 1431 4050; x_wconf 89' lang='lat' dir='ltr'><strong>tempore,</strong></span> <span class='ocrx_word' id='word_1_257' title='bbox 1455 3967 1575 4050; x_wconf 84' lang='lat' dir='ltr'><strong>opinor,</strong></span> <span class='ocrx_word' id='word_1_258' title='bbox 1600 3986 1679 4051; x_wconf 93' lang='lat' dir='ltr'><strong>opus</strong></span> <span class='ocrx_word' id='word_1_259' title='bbox 1703 3971 1751 4030; x_wconf 89' lang='lat' dir='ltr'><strong>est</strong></span> <span class='ocrx_word' id='word_1_260' title='bbox 1774 3973 1811 4029; x_wconf 93' lang='lat' dir='ltr'><strong>ut</strong></span> <span class='ocrx_word' id='word_1_261' title='bbox 1833 3964 1883 4029; x_wconf 80' lang='grc' dir='ltr'><strong>τὸν</strong></span> <span class='ocrx_word' id='word_1_262' title='bbox 1907 3967 1973 4045; x_wconf 83' lang='grc' dir='ltr'><em>ὀρυ-</em></span> 
     </span>
     <span class='ocr_line' id='line_1_29' title="bbox 790 4070 1974 4158; baseline 0.002 -22"><span class='ocrx_word' id='word_1_263' title='bbox 790 4071 933 4149; x_wconf 80' lang='grc' dir='ltr'><em>λοοίροενον</em></span> <span class='ocrx_word' id='word_1_264' title='bbox 956 4078 1014 4134; x_wconf 81' lang='grc' dir='ltr'><strong>τῶν</strong></span> <span class='ocrx_word' id='word_1_265' title='bbox 1033 4070 1114 4135; x_wconf 79' lang='grc' dir='ltr'><em>οἱλῶν</em></span> <span class='ocrx_word' id='word_1_266' title='bbox 1135 4071 1276 4146; x_wconf 79' lang='grc' dir='ltr'><em>μέδιμνον</em></span> <span class='ocrx_word' id='word_1_267' title='bbox 1296 4071 1451 4135; x_wconf 89' lang='lat' dir='ltr'><strong>comedas.</strong></span> <span class='ocrx_word' id='word_1_268' title='bbox 1475 4071 1641 4136; x_wconf 87' lang='lat' dir='ltr'><strong>Praeterea</strong></span> <span class='ocrx_word' id='word_1_269' title='bbox 1661 4073 1718 4136; x_wconf 88' lang='lat' dir='ltr'><strong>hoc</strong></span> <span class='ocrx_word' id='word_1_270' title='bbox 1737 4077 1820 4137; x_wconf 88' lang='lat' dir='ltr'><strong>certe</strong></span> <span class='ocrx_word' id='word_1_271' title='bbox 1839 4079 1974 4158; x_wconf 87' lang='lat' dir='ltr'><strong>apparet</strong></span> 
     </span>
     <span class='ocr_line' id='line_1_30' title="bbox 790 4176 1973 4261; baseline 0.001 -17"><span class='ocrx_word' id='word_1_272' title='bbox 790 4200 828 4244; x_wconf 79' lang='lat' dir='ltr'><strong>er</strong></span> <span class='ocrx_word' id='word_1_273' title='bbox 853 4180 949 4243; x_wconf 83' lang='lat' dir='ltr'><strong>Arist.</strong></span> <span class='ocrx_word' id='word_1_274' title='bbox 974 4176 1057 4242; x_wconf 82' lang='lat' dir='ltr'><strong>Eccl.</strong></span> <span class='ocrx_word' id='word_1_275' title='bbox 1084 4176 1149 4241; x_wconf 89' lang='grc'><strong>813</strong></span> <span class='ocrx_word' id='word_1_276' title='bbox 1174 4180 1294 4242; x_wconf 86' lang='lat' dir='ltr'><strong>cavisse</strong></span> <span class='ocrx_word' id='word_1_277' title='bbox 1317 4176 1484 4261; x_wconf 87' lang='lat' dir='ltr'><strong>aliquando</strong></span> <span class='ocrx_word' id='word_1_278' title='bbox 1509 4179 1716 4243; x_wconf 85' lang='lat' dir='ltr'><strong>Athenienses</strong></span> <span class='ocrx_word' id='word_1_279' title='bbox 1740 4200 1777 4243; x_wconf 89' lang='lat' dir='ltr'><strong>ne</strong></span> <span class='ocrx_word' id='word_1_280' title='bbox 1801 4179 1848 4244; x_wconf 87' lang='lat' dir='ltr'><strong>sal</strong></span> <span class='ocrx_word' id='word_1_281' title='bbox 1866 4183 1973 4246; x_wconf 87' lang='lat' dir='ltr'><strong>carius</strong></span> 
     </span>
     <span class='ocr_line' id='line_1_31' title="bbox 790 4282 1974 4370; baseline 0.003 -22"><span class='ocrx_word' id='word_1_282' title='bbox 790 4287 929 4348; x_wconf 87' lang='lat' dir='ltr'><strong>veniret:</strong></span> <span class='ocrx_word' id='word_1_283' title='bbox 955 4285 1013 4349; x_wconf 92' lang='lat' dir='ltr'><strong>hoc</strong></span> <span class='ocrx_word' id='word_1_284' title='bbox 1037 4286 1122 4348; x_wconf 90' lang='lat' dir='ltr'><strong>enim</strong></span> <span class='ocrx_word' id='word_1_285' title='bbox 1146 4282 1345 4347; x_wconf 88' lang='lat' dir='ltr'><strong>condimento</strong></span> <span class='ocrx_word' id='word_1_286' title='bbox 1370 4304 1477 4348; x_wconf 89' lang='lat' dir='ltr'><strong>omnes</strong></span> <span class='ocrx_word' id='word_1_287' title='bbox 1501 4284 1641 4370; x_wconf 90' lang='lat' dir='ltr'><strong>quotidie</strong></span> <span class='ocrx_word' id='word_1_288' title='bbox 1665 4285 1859 4350; x_wconf 75' lang='lat' dir='ltr'><strong>fruebantur.</strong></span> <span class='ocrx_word' id='word_1_289' title='bbox 1887 4286 1974 4352; x_wconf 90' lang='lat' dir='ltr'><strong>ltem</strong></span> 
     </span>
     <span class='ocr_line' id='line_1_32' title="bbox 792 4389 1973 4474; baseline 0.004 -22"><span class='ocrx_word' id='word_1_290' title='bbox 792 4389 950 4454; x_wconf 87' lang='lat' dir='ltr'><strong>Romanos</strong></span> <span class='ocrx_word' id='word_1_291' title='bbox 986 4412 1112 4454; x_wconf 90' lang='lat' dir='ltr'><strong>summa</strong></span> <span class='ocrx_word' id='word_1_292' title='bbox 1146 4411 1204 4474; x_wconf 90' lang='lat' dir='ltr'><strong>ope</strong></span> <span class='ocrx_word' id='word_1_293' title='bbox 1240 4389 1299 4453; x_wconf 91' lang='lat' dir='ltr'><strong>hoc</strong></span> <span class='ocrx_word' id='word_1_294' title='bbox 1330 4392 1448 4454; x_wconf 86' lang='lat' dir='ltr'><strong>cavisse</strong></span> <span class='ocrx_word' id='word_1_295' title='bbox 1479 4390 1625 4454; x_wconf 87' lang='lat' dir='ltr'><strong>videmus</strong></span> <span class='ocrx_word' id='word_1_296' title='bbox 1656 4389 1727 4454; x_wconf 81' lang='lat' dir='ltr'><strong>biv.</strong></span> <span class='ocrx_word' id='word_1_297' title='bbox 1760 4391 1800 4456; x_wconf 92' lang='lat' dir='ltr'><strong>ll.</strong></span> <span class='ocrx_word' id='word_1_298' title='bbox 1825 4391 1854 4457; x_wconf 90' lang='lat'><strong>9.</strong></span> <span class='ocrx_word' id='word_1_299' title='bbox 1887 4391 1973 4471; x_wconf 78' lang='lat' dir='ltr'><strong>Quid</strong></span> 
     </span>
     <span class='ocr_line' id='line_1_33' title="bbox 791 4493 1973 4582; baseline 0.003 -22"><span class='ocrx_word' id='word_1_300' title='bbox 791 4501 900 4560; x_wconf 90' lang='lat' dir='ltr'><strong>autem</strong></span> <span class='ocrx_word' id='word_1_301' title='bbox 930 4493 1137 4582; x_wconf 78' lang='lat' dir='ltr'><strong>Thrasyclesl</strong></span> <span class='ocrx_word' id='word_1_302' title='bbox 1165 4495 1204 4560; x_wconf 84' lang='lat' dir='ltr'><strong>El</strong></span> <span class='ocrx_word' id='word_1_303' title='bbox 1227 4518 1301 4558; x_wconf 83' lang='grc' dir='ltr'><em>τοτε</em></span> <span class='ocrx_word' id='word_1_304' title='bbox 1325 4493 1464 4576; x_wconf 80' lang='grc' dir='ltr'><em>τρυφῴη,</em></span> <span class='ocrx_word' id='word_1_305' title='bbox 1490 4497 1528 4560; x_wconf 90' lang='lat' dir='ltr'><strong>ad</strong></span> <span class='ocrx_word' id='word_1_306' title='bbox 1551 4517 1694 4561; x_wconf 89' lang='lat' dir='ltr'><strong>mensam</strong></span> <span class='ocrx_word' id='word_1_307' title='bbox 1717 4496 1886 4562; x_wconf 84' lang='lat' dir='ltr'><strong>adhibebat</strong></span> <span class='ocrx_word' id='word_1_308' title='bbox 1908 4521 1973 4565; x_wconf 91' lang='lat' dir='ltr'><strong>non</strong></span> 
     </span>
     <span class='ocr_line' id='line_1_34' title="bbox 791 4601 1974 4689; baseline 0.003 -23"><span class='ocrx_word' id='word_1_309' title='bbox 791 4601 894 4678; x_wconf 92' lang='grc' dir='ltr'><em>ὀλίγον</em></span> <span class='ocrx_word' id='word_1_310' title='bbox 924 4607 981 4664; x_wconf 83' lang='grc' dir='ltr'><strong>τῶν</strong></span> <span class='ocrx_word' id='word_1_311' title='bbox 1012 4602 1103 4680; x_wconf 79' lang='grc' dir='ltr'><em>οὶλῶν,</em></span> <span class='ocrx_word' id='word_1_312' title='bbox 1136 4602 1189 4668; x_wconf 93' lang='lat' dir='ltr'><strong>sed</strong></span> <span class='ocrx_word' id='word_1_313' title='bbox 1213 4602 1318 4677; x_wconf 91' lang='grc' dir='ltr'><em>ὀλίγον</em></span> <span class='ocrx_word' id='word_1_314' title='bbox 1341 4608 1398 4667; x_wconf 79' lang='grc' dir='ltr'><strong>τῶν</strong></span> <span class='ocrx_word' id='word_1_315' title='bbox 1424 4603 1560 4666; x_wconf 81' lang='grc' dir='ltr'><em>ἐλαῶν.</em></span> <span class='ocrx_word' id='word_1_316' title='bbox 1585 4602 1692 4667; x_wconf 82' lang='lat' dir='ltr'><strong>Etiam</strong></span> <span class='ocrx_word' id='word_1_317' title='bbox 1717 4602 1837 4678; x_wconf 85' lang='lat' dir='ltr'><strong>olivae,</strong></span> <span class='ocrx_word' id='word_1_318' title='bbox 1862 4626 1974 4689; x_wconf 82' lang='lat' dir='ltr'><strong>quam-</strong></span> 
     </span>
     <span class='ocr_line' id='line_1_35' title="bbox 792 4707 1976 4795; baseline 0.004 -23"><span class='ocrx_word' id='word_1_319' title='bbox 792 4727 888 4792; x_wconf 87' lang='lat' dir='ltr'><strong>quam</strong></span> <span class='ocrx_word' id='word_1_320' title='bbox 923 4707 985 4772; x_wconf 88' lang='lat' dir='ltr'><strong>sale</strong></span> <span class='ocrx_word' id='word_1_321' title='bbox 1019 4710 1085 4773; x_wconf 91' lang='lat' dir='ltr'><strong>sine</strong></span> <span class='ocrx_word' id='word_1_322' title='bbox 1120 4708 1215 4773; x_wconf 91' lang='lat' dir='ltr'><strong>dubio</strong></span> <span class='ocrx_word' id='word_1_323' title='bbox 1246 4710 1395 4785; x_wconf 89' lang='lat' dir='ltr'><strong>cariores,</strong></span> <span class='ocrx_word' id='word_1_324' title='bbox 1428 4711 1544 4795; x_wconf 77' lang='lat' dir='ltr'><strong>exigno</strong></span> <span class='ocrx_word' id='word_1_325' title='bbox 1575 4715 1681 4772; x_wconf 86' lang='lat' dir='ltr'><strong>tamen</strong></span> <span class='ocrx_word' id='word_1_326' title='bbox 1713 4712 1813 4794; x_wconf 90' lang='lat' dir='ltr'><strong>pretio</strong></span> <span class='ocrx_word' id='word_1_327' title='bbox 1836 4711 1976 4777; x_wconf 85' lang='lat' dir='ltr'><strong>Athenis</strong></span> 
     </span>
    </p>
   </div>
   <div class='ocr_carea' id='block_1_8' title="bbox 792 4813 1972 4904">
    <p class='ocr_par' dir='ltr' id='par_1_8' title="bbox 792 4813 1972 4904">
     <span class='ocr_line' id='line_1_36' title="bbox 792 4813 1972 4904; baseline 0.005 -28"><span class='ocrx_word' id='word_1_328' title='bbox 792 4814 985 4899; x_wconf 86' lang='lat' dir='ltr'><strong>prostabant.</strong></span> <span class='ocrx_word' id='word_1_329' title='bbox 1018 4814 1231 4879; x_wconf 89' lang='lat' dir='ltr'><strong>Notissimum</strong></span> <span class='ocrx_word' id='word_1_330' title='bbox 1261 4820 1309 4878; x_wconf 86' lang='lat' dir='ltr'><strong>est</strong></span> <span class='ocrx_word' id='word_1_331' title='bbox 1340 4815 1424 4898; x_wconf 93' lang='lat' dir='ltr'><strong>quod</strong></span> <span class='ocrx_word' id='word_1_332' title='bbox 1455 4813 1647 4879; x_wconf 88' lang='lat' dir='ltr'><strong>Plutarchus</strong></span> <span class='ocrx_word' id='word_1_333' title='bbox 1675 4815 1775 4879; x_wconf 89' lang='lat' dir='ltr'><strong>tradit</strong></span> <span class='ocrx_word' id='word_1_334' title='bbox 1798 4816 1913 4881; x_wconf 87' lang='lat' dir='ltr'><strong>Moral.</strong></span> <span class='ocrx_word' id='word_1_335' title='bbox 1939 4840 1972 4904; x_wconf 91' lang='lat' dir='ltr'><strong>p.</strong></span> 
     </span>
    </p>
   </div>
   <div class='ocr_carea' id='block_1_9' title="bbox 0 0 2587 6148">
    <p class='ocr_par' dir='ltr' id='par_1_9' title="bbox 0 0 2587 6148">
     <span class='ocr_line' id='line_1_37' title="bbox 0 0 2587 6148; baseline 0 0"><span class='ocrx_word' id='word_1_336' title='bbox 0 0 2587 6148; x_wconf 95' lang='lat' dir='ltr'><strong> </strong></span> 
     </span>
    </p>
   </div>
  </div>
 </body>
</html>
