5125 6150
687 803 730 870 76
1072 821 1115 867 so
1139 820 1369 868 nmeroemors
1392 819 1483 869 sves.

684 985 775 1050 urhis
809 991 899 1070 perte
930 986 1041 1049 situm.
1078 984 1165 1064 Quae
1197 984 1336 1050 scribens
1365 987 1506 1050 oomious
1537 984 1672 1050 Hesiodi
1701 987 1816 1072 opinor
1843 987 1875 1050 in

684 1098 793 1158 mente
815 1091 952 1157 habebat
974 1109 1121 1156 vorsum:

867 1200 942 1275 ήώς,
968 1195 986 1271 ή
1009 1221 1044 1260 πε
1067 1205 1205 1274 Φοινεῒσοι
1229 1201 1328 1268 trotio
1353 1195 1488 1274 ἐπέβησε
1512 1196 1655 1262 κελεύθου

865 1306 1033 1378 ἀνθρώπους
1049 1301 1082 1383 1).

684 1410 731 1475 De
763 1430 892 1474 summe
921 1412 1026 1495 igitur
1056 1411 1103 1473 rei
1134 1407 1303 1494 Bleydeeio
1338 1406 1430 1492 plene
1465 1410 1637 1485 essenti0r;
1672 1411 1737 1473 nisi
1771 1414 1878 1474 temen

683 1516 788 1593 fallor,
811 1518 915 1600 ipsam
940 1517 1054 1580 comici
1073 1535 1206 1578 manum
1224 1513 1280 1579 ille
1299 1536 1362 1578 non
1383 1516 1537 1580 restituit.
1559 1514 1677 1580 Lenior
1696 1522 1783 1579 oerto
1802 1515 1877 1580 hese

682 1622 812 1687 videtur
834 1623 1003 1686 eorrectio:

865 1725 1170 1800 ὑποδησάμενοι
1196 1724 1233 1788 δή
1257 1721 1444 1803 βαδίζουσιν.

682 1832 763 1897 Vitii
787 1834 946 1918 originem
971 1854 987 1897 e
1010 1831 1304 1918 dittographemete
1327 1829 1598 1912 (ὑποδησάμενοι)
1622 1838 1740 1916 repeto.

729 2049 781 2115 Vs.
805 2049 870 2114 546
883 2073 930 2135 sq.
952 2048 1077 2116 Chorus
1096 2049 1285 2134 indignatus
1297 2056 1468 2114 atavorum
1480 2069 1613 2113 snorum
1625 2047 1876 2135 negligentiam,

685 2160 740 2242 qni
771 2155 885 2220 mnndi
916 2157 1061 2241 regimen
1092 2158 1172 2239 ipsis
1200 2155 1345 2219 debitum
1369 2176 1386 2219 e
1410 2155 1558 2218 menibus
1581 2156 1646 2218 suis
1670 2153 1771 2219 dilabi
1795 2157 1878 2240 pessi

686 2262 824 2339 fuerint,
849 2269 882 2325 at
906 2268 939 2324 θοι
962 2262 1023 2324 iam
1046 2261 1208 2342 sospitator
1231 2261 1315 2323 nobie
1338 2262 1426 2336 odeo,
1448 2259 1488 2324 ad
1511 2259 1711 2325 Pisetnerum
1735 2262 1801 2325 eit:

1274 2366 1400 2437 οὶνοιθεὶς
1422 2365 1486 2443 γὰρ
1511 2367 1572 2443 ἐγώ
1596 2388 1641 2429 σοι

958 2468 1001 2535 ποθ
1024 2495 1059 2535 πε
1083 2468 1206 2535 νεθσπιιι
1230 2471 1281 2534 κιο)
1309 2471 1442 2545 iunonis
1467 2471 1577 2545 σθκήσυ
1607 2509 1649 2519 -

687 2580 733 2642 sio
756 2584 841 2642 certe
864 2579 968 2642 estin
991 2576 1171 2652 codicibus,
1196 2578 1354 2640 sententie
1378 2582 1411 2640 et
1429 2578 1572 2640 numeris
1589 2578 1711 2640 invitis.
1736 2576 1781 2641 lot
1799 2576 1878 2643 levis

688 2683 820 2766 quidem
843 2688 892 2746 est
914 2684 1077 2765 quaestio,
1102 2683 1185 2745 sitne
1207 2680 1367 2765 particule
1386 2705 1421 2745 σε
1440 2680 1589 2757 delenda,
1610 2702 1650 2746 en
1668 2681 1745 2746 ferri
1763 2684 1878 2766 possit,

688 2787 772 2874 quod
804 2787 951 2852 censebat
983 2786 1134 2862 Diodori,
1168 2787 1290 2850 νεθποισ
1321 2786 1375 2852 vel
1399 2789 1503 2852 νθππισ
1528 2808 1586 2871 pro
1610 2786 1781 2873 trisyllebo
1805 2790 1879 2852 acci·

686 2896 788 2979 piens·
825 2890 965 2958 Gravius
996 2899 1043 2957 est
1074 2894 1193 2956 vitium
1225 2892 1310 2975 qnod
1340 2891 1478 2957 feliciter
1507 2894 1691 2978 procuravit
1723 2891 1876 2978 Bleydes‚

686 2997 734 3077 ἄρ’
758 3019 815 3083 pro
838 2998 900 3077 γὰρ
925 2997 1121 3062 restituendo
1129 3018 1137 3074 3
1162 3018 1238 3061 nom
1262 2999 1308 3061 sio
1333 2997 1464 3061 domum
1488 3018 1563 3061 oum
1588 2999 1784 3083 praegressis
1807 3005 1877 3084 epte

685 3107 834 3169 iunctum
866 3109 916 3168 est
950 3105 1009 3170 hoo
1043 3105 1261 3168 snunoietum.
1297 3102 1409 3167 Manet
1439 3104 1614 3168 absurdum
1644 3102 1727 3167 illud
1759 3104 1876 3178 οἰκήσει.

686 3209 854 3294 Proposita
888 3215 964 3273 sunt
997 3209 1157 3273 οἰκεπεθοο
1189 3216 1221 3273 et
1253 3210 1331 3273 οἰκιῶ
1357 3208 1392 3281 δή
1416 3208 1468 3274 vel
1492 3233 1544 3285 σε,
1577 3246 1611 3257 -
1636 3211 1758 3274 maiore
1783 3212 1878 3274 metri

686 3335 784 3400 qnam
815 3316 991 3379 sententias
1015 3313 1243 3379 emolumento.
1267 3313 1520 3400 Bloydssianum
1543 3321 1653 3379 antem
1676 3315 1810 3378 ἀναθεῖν·
1834 3312 1878 3391 ἄρ’

765 3422 819 3484 οὐκ
850 3422 962 3493 θκνήσυ
988 3427 1102 3505 aptum
1125 3420 1256 3506 quidem
1280 3441 1409 3485 sensum
1433 3420 1579 3505 praebet,
1604 3426 1636 3485 et
1659 3425 1773 3505 gratus
1798 3420 1879 3485 illud

690 3525 786 3602 „oin”
818 3525 857 3589 eb
889 3546 926 3589 eo
949 3527 1085 3609 aooipi03
1110 3546 1224 3610 parum
1249 3531 1356 3590 tamen
1379 3524 1484 3611 plsoet
1507 3524 1624 3589 elisum
1648 3526 1825 3604 ιὶνοιθεῒνοιι,
1850 3532 1879 3590 et

687 3634 827 3716 praestet
859 3649 1000 3695 servasse
1028 3632 1236 3715 perticipium
1266 3630 1407 3707 ἀναθείς,
1440 3630 1524 3716 quod
1556 3652 1612 3715 per
1642 3651 1675 3694 se
1698 3637 1878 3716 spectatum

684 3733 811 3799 nullam
835 3742 944 3799 movet
967 3738 1200 3821 suspicionem,
1225 3739 1356 3822 egregie
1380 3740 1488 3802 autem
1511 3736 1691 3801 defenditur
1710 3737 1879 3802 simillimo

687 3839 832 3905 Nubinm
864 3860 976 3904 versu:
1012 3841 1104 3905 ποιυπθ
1208 3840 1332 3906 πέπονθ’
1364 3842 1425 3919 ἐγὼ
1453 3846 1459 3924 Ι
1488 3843 1558 3918 ὑμῖν
1589 3841 1713 3913 avator
1746 3839 1877 3907 ἅπαντα

685 3946 778 4021 ria&
802 3944 984 4023 πρθνμιιπσ
998 3944 1034 4025 ²).

731 4051 817 4115 Mihi
840 4072 953 4116 verum
976 4050 1122 4117 videtur:

1304 4157 1428 4229 οξνιιθεὶς
1451 4155 1498 4234 ἄρ’
1522 4158 1582 4235 ἐγώ
1606 4180 1651 4221 σοι

957 4262 1001 4325 rai
1024 4260 1145 4325 νεθππιιο
1169 4262 1220 4326 nai
1246 4262 1380 4337 ἐμαυτὸν
1404 4264 1472 4328 οὐκ
1494 4262 1637 4337 οθνήσυ.

686 4367 760 4430 Non
784 4365 931 4429 remittam
953 4367 1006 4446 (ab
1029 4388 1123 4451 opere
1145 4370 1295 4453 incepto).
1321 4367 1422 4452 Saepe
1441 4368 1577 4432 verbum
1597 4366 1713 4432 ἆνιθνσι
1734 4369 1879 4435 absolute

687 4476 733 4537 sio
757 4471 939 4536 adhibitum
963 4474 1137 4551 invenitur,
1161 4494 1187 4539 e.
1200 4494 1234 4560 g.
1258 4474 1342 4559 opud
1366 4480 1528 4538 nostrum:
1552 4475 1605 4538 οὖν
1630 4474 1730 4546 θνήοω
1754 4477 1823 4551 πρὶν
1843 4476 1880 4540 ἂν

687 4586 810 4655 σχοῖνος
841 4577 976 4642 σύποῒσιν
1008 4579 1204 4656 streame
1219 4576 1254 4658 3),
1286 4578 1339 4643 vel
1370 4579 1456 4664 apud
1478 4578 1648 4643 Platonem
1672 4580 1711 4644 de
1734 4578 1880 4647 Socrate:

689 4682 792 4755 ἐπειδή
816 4685 848 4747 σθ
873 4680 1040 4763 προυχώρει
1066 4684 1169 4763 αὐτῷ,
1193 4685 1248 4749 οὐκ
1270 4684 1368 4762 ἄνθει,
1392 4686 1468 4749 ἀλλ’
1491 4684 1626 4759 εἱστήκει
1653 4681 1799 4766 ζνπῶνθ).

723 4925 746 4985 1)
765 4923 821 4973 Hes.
841 4925 914 4988 Oper.
934 4926 989 4975 ⁵81.
1066 4926 1092 4986 θ)
1110 4925 1174 4975 Nnb.
1193 4926 1266 4975 1458.
1341 4927 1366 4987 8)
1383 4924 1444 4976 th.
1461 4926 1518 4977 280.
1590 4927 1616 4986 4)
1635 4924 1699 4975 Plo.
1716 4926 1791 4976 Cone.
1808 4927 1879 4978 2200.
