5125 6150
785 768 828 835 14
1287 785 1455 835 nuomnus.

783 958 891 1016 tamen
925 970 1037 1035 sequar
1071 950 1221 1026 eundem,
1256 972 1332 1016 cum
1366 951 1528 1016 contendit
1559 955 1716 1036 expuncta
1745 954 1967 1017 coniunctione

785 1060 838 1122 καί
867 1059 951 1142 ipsas
973 1054 1097 1122 Sirenes
1120 1054 1271 1122 luscinias
1295 1058 1393 1122 fuisse
1418 1058 1535 1133 diotas;
1563 1056 1647 1141 quod
1669 1059 1755 1123 enim
1777 1078 1815 1123 eo
1837 1060 1968 1123 nomine

784 1162 983 1249 appellantur
1005 1162 1089 1247 apud
1113 1162 1373 1249 Lycophronem,
1397 1163 1430 1227 id
1454 1162 1535 1227 nihil
1558 1162 1598 1227 nd
1622 1184 1690 1229 rem
1714 1168 1747 1229 et
1768 1166 1877 1250 inepta
1898 1184 1969 1250 pro-

784 1269 955 1355 pemodum
987 1271 1143 1354 appositio
1172 1277 1235 1333 est:
1272 1268 1332 1340 ricc
1365 1278 1512 1347 Σειρῆνας
1543 1270 1596 1333 καί
1628 1268 1771 1344 ἀηδόνας.
1805 1268 1868 1335 Sed
1897 1290 1967 1334 rem

784 1376 869 1462 apud
899 1378 1042 1441 animum
1071 1382 1167 1440 tuum
1197 1380 1319 1460 reputo.
1352 1374 1478 1441 Sirenes
1507 1378 1645 1440 retinent
1664 1384 1776 1441 centus
1799 1374 1968 1441 dulcedine

783 1485 1110 1569 praeternavigantes3
1143 1480 1229 1545 lotus
1260 1481 1335 1546 facit
1366 1488 1403 1545 ut
1433 1480 1531 1545 iidem
1566 1484 1685 1567 patriae
1720 1480 1969 1547 obliviscantur:

784 1594 871 1654 estne
899 1587 983 1673 apud
1013 1586 1190 1651 Homerum
1222 1589 1355 1650 tertium
1387 1585 1572 1672 exemplum
1596 1590 1642 1653 rei
1664 1592 1732 1652 tam
1755 1586 1891 1653 firmiter
1914 1586 1967 1653 ad·

783 1694 941 1759 haerentis
965 1699 1003 1757 ut
1024 1691 1120 1757 avelli
1143 1690 1299 1776 nequeat?
1321 1692 1396 1757 Est:
1421 1713 1534 1778 nempe
1557 1691 1670 1779 Odyss.
1697 1692 1806 1759 ⁶432:

963 1800 1002 1870 ὣς
1027 1798 1053 1862 δ’
1077 1795 1127 1863 ὅτε
1153 1797 1343 1869 πουλύποδος
1368 1798 1513 1877 όαλιόμης
1539 1796 1742 1877 ἐξελκομένοιο

964 1906 1035 1983 πρὸς
1059 1904 1292 1985 κοτυληδονόφιν
1317 1906 1439 1969 πυκιναὶ
1465 1905 1603 1984 λοίίγγες
1626 1906 1762 1987 ἔχονται.

784 2012 895 2097 ltaque
914 2011 1138 2097 corrigendum
1159 2020 1223 2076 est:
1237 2011 1289 2075 καί
1303 2014 1360 2083 τὰς
1380 2012 1656 2085 κοτυληδόνας
1668 2018 1969 2091 (κοτυΛΗΔΟΝΑΣ

787 2124 1074 2197 -ΛΗΔΟΝΑΣ).
1107 2116 1189 2197 Quid
1222 2119 1353 2197 ἀρχαῖον
1383 2121 1425 2181 sit
1449 2116 1714 2183 Hemsterbusins
1738 2118 1846 2195 docet,
1870 2137 1970 2203 quem

785 2231 944 2310 praeterea
977 2224 1118 2288 conferre
1153 2227 1270 2309 poteris
1305 2224 1344 2288 ad
1380 2222 1461 2288 Dial.
1495 2223 1611 2289 Marin.
1644 2226 1675 2288 4.
1690 2223 1720 2300 3,
1755 2224 1811 2288 ubi
1844 2224 1971 2288 codices

784 2332 917 2402 κοτύλας
949 2331 1081 2405 habent,
1114 2328 1253 2396 Cobetus
1285 2338 1394 2395 autem
1428 2330 1631 2404 κοτυληδόνας
1662 2331 1820 2415 reposuit,
1844 2328 1883 2393 de
1905 2349 1972 2414 qua

784 2440 975 2503 correctione
998 2435 1191 2501 Fritzscbius
1213 2435 1299 2500 hand
1318 2439 1385 2501 sine
1404 2456 1498 2501 causa
1517 2437 1655 2522 ambigit
1674 2435 1751 2520 quid
1770 2438 1970 2520 pronunciet.

830 2650 905 2737 δότ
937 2652 1006 2724 τοὺς
1039 2649 1148 2729 λόγους
1180 2649 1230 2721 οὓς
1262 2649 1333 2714 τότε
1367 2651 1498 2726 ἥκουσα,
1531 2649 1779 2728 συναγείρων
1809 2650 1862 2713 καί
1893 2648 1969 2727 πρὸς

786 2760 920 2835 ἐμαυτὸν
950 2758 1163 2821 οὶυατυλίττων
1192 2758 1225 2820 οὐ
1257 2756 1368 2835 μικροὶν
1398 2753 1460 2833 ἔχω
1485 2756 1692 2834 παραμυθίαν.
1716 2754 1779 2820 Hic
1801 2755 1969 2820 sciendum

784 2872 832 2931 est
862 2868 895 2929 in
924 2865 1046 2950 optimo
1070 2862 1175 2928 codice
1200 2872 1224 2926 Φ
1250 2861 1317 2949 legi
1340 2863 1515 2941 συνεγείρων
1540 2883 1638 2947 eaque
1661 2862 1806 2927 lectionis
1829 2863 1969 2927 varietas

784 2993 881 3037 manu
912 2971 1000 3035 ducit
1031 2970 1069 3035 ad
1101 2971 1300 3043 συνείρων.
1325 2970 1445 3046 Λόγους
1465 2967 1550 3046 εἴρειν
1575 2976 1606 3033 et
1630 2971 1768 3047 surripere
1791 2967 1877 3032 idem
1900 2966 1968 3032 fers

784 3088 831 3144 est
854 3078 937 3164 quod
957 3078 1077 3156 λέγειν·
1098 3078 1235 3142 ostendit
1253 3079 1312 3141 hcc
1332 3074 1470 3143 Oobetus
1490 3074 1528 3140 ad
1547 3073 1780 3140 Philostratum
1798 3078 1833 3139 in
1852 3076 1966 3138 Mrem.

786 3185 872 3250 1859
901 3207 930 3270 p.
958 3184 1031 3248 122.
1062 3182 1206 3248 Pollucet
1231 3191 1338 3248 tamen
1362 3184 1479 3268 ubique
1504 3185 1668 3267 primitiva
1691 3180 1826 3245 rcectcodi
1848 3179 1970 3266 signifi-

784 3295 874 3358 catio.
906 3291 1005 3356 Affert
1036 3289 1174 3357 Oobetus
1206 3289 1430 3355 Demosthenis
1460 3288 1565 3353 locum
1597 3310 1635 3353 ex
1666 3287 1753 3352 Orat.
1783 3287 1820 3352 de
1845 3285 1970 3354 Oorona

785 3419 815 3483 p.
848 3395 980 3461 328.12
1016 3397 1266 3478 πεφωνασκηκὼς
1302 3395 1354 3459 καί
1390 3396 1571 3473 συνειλοχὼς
1607 3395 1733 3474 ρἰίματα
1768 3392 1821 3457 καί
1854 3394 1967 3470 λόγους

785 3503 907 3581 συνείρει
939 3504 1062 3573 τούτους
1091 3507 1199 3580 σαφῶς
1232 3501 1283 3565 καί
1315 3501 1455 3578 οίπνευςί,
1487 3501 1542 3584 qui
1576 3497 1663 3565 loeus
1697 3499 1809 3564 itidem
1841 3498 1969 3564 Polluci

785 3608 1009 3675 obversabatur
1032 3607 1074 3674 IV
1095 3606 1156 3673 27:
1176 3608 1268 3684 λόγον
1292 3607 1531 3686 διαπεράνασθαι
1542 3654 1550 3683 ,
1570 3601 1665 3684 είραι,
1686 3613 1817 3685 συνεῖραι
1836 3607 1968 3675 ιίτνευςί

784 3712 951 3794 περιόδους,
982 3715 1128 3778 οὶντίόετα
1160 3714 1224 3776 κτὲ.
1257 3711 1306 3776 lta
1333 3712 1492 3777 Lucienus
1517 3732 1641 3796 quoque
1664 3711 1824 3797 loquitur;
1847 3713 1969 3778 Pisest.

785 3819 846 3885 22:
878 3819 1024 3899 ξυνείρετε
1054 3821 1107 3893 την
1139 3819 1327 3896 κατηγορίαν
1355 3819 1405 3882 καί
1430 3817 1623 3899 διελέγχετε.
1648 3817 1773 3884 Timon.
1799 3817 1835 3884 9:
1860 3819 1969 3899 λήρους

784 3927 913 4004 ροεγοίλη
943 3934 980 4005 τῇ
1012 3932 1097 4004 φωνῇ
1129 3923 1326 4002 ξυνειρόντων.
1360 3924 1522 3988 Prometb.
1554 3946 1579 3987 s.
1612 3921 1742 3990 (leucas.
1769 3924 1806 3988 5:
1839 3923 1876 3989 σὺ
1908 3927 1969 4001 μὲν

784 4031 851 4111 περί
883 4037 936 4103 τῆς
966 4038 1081 4103 κλοπῆς
1114 4029 1166 4103 ἤδη
1192 4031 1316 4106 σύνειρε.
1340 4030 1451 4106 Latet,
1477 4031 1539 4093 nisi
1561 4028 1664 4105 fallor,
1689 4030 1841 4094 mendum
1864 4029 1968 4096 Vitar.

784 4143 877 4204 Auci.
898 4136 958 4202 23:
979 4137 1211 4216 λεπτογράφοις
1228 4136 1365 4214 βιβλίοις
1384 4136 1605 4214 παραθήγοντα
1625 4138 1679 4209 την
1698 4135 1766 4213 όφιν
1784 4137 1834 4200 καί
1848 4134 1969 4215 σχόλια

785 4247 1076 4323 συναγείροντα
1108 4243 1158 4306 καί
1193 4249 1391 4318 σολοικισμῶν
1414 4242 1675 4318 ἐμπιμπλάμενον
1699 4242 1750 4304 καί
1776 4241 1896 4307 οίτόπων
1922 4245 1972 4322 ῥη-

785 4349 902 4425 αοίτων,
931 4350 1015 4415 malo
1046 4351 1131 4414 enim
1161 4350 1397 4427 συνείροντα
1429 4349 1573 4412 scribere.
1604 4347 1767 4432 Imprimis
1790 4350 1968 4433 perfectum

784 4457 949 4539 passivum
979 4455 1200 4519 calamitosum
1232 4459 1279 4518 est
1309 4453 1460 4538 milleque
1482 4453 1585 4517 modis
1608 4457 1838 4540 corrumpitur;
1863 4454 1970 4521 veluti

784 4563 818 4624 in
841 4559 952 4624 Toxer.
978 4558 1020 4622 43
1043 4567 1126 4626 recte
1149 4560 1286 4646 legitur:
1313 4559 1362 4624 διὰ
1387 4567 1444 4624 τῶν
1469 4558 1591 4623 ὀδόντων
1616 4559 1737 4636 μεταξὺ
1762 4560 1872 4640 διείρων
1894 4563 1968 4635 τοὺς

785 4666 971 4743 δακτύλους,
1003 4665 1056 4729 ssd
1087 4666 1181 4750 533:
1216 4667 1355 4744 οἱπυπρίει
1389 4669 1443 4740 την
1467 4663 1575 4729 ἅλυσιν
1600 4663 1618 4746 ᾖ
1641 4666 1771 4731 ἐδέδεντο
1795 4666 1880 4743 ἑξῆς,
1905 4671 1968 4732 τῶν

786 4777 889 4836 κλοιῶν
914 4772 957 4842 εἷς
981 4772 1075 4845 αὐτην
1100 4771 1369 4850 διειρομένων,
1394 4793 1522 4858 prorsus
1543 4776 1757 4837 necessarium
1780 4780 1828 4838 est
1851 4773 1971 4855 διειρ-

784 4876 919 4956 ροίνων.
947 4877 1040 4961 Apud
1059 4880 1269 4943 Ammonium
1290 4882 1324 4942 in
1343 4900 1419 4944 voce
1438 4885 1565 4942 λαλεῖν·
1586 4879 1620 4942 τί
1640 4881 1695 4953 μὲν
1714 4879 1852 4956 διεξιέναι
1873 4878 1971 4958 λόγον
