5125 6150
674 901 676 906 ,
793 830 836 896 66
1221 845 1263 892 us
1287 844 1546 891 neeessariam

790 1013 853 1092 Qui
884 1011 1046 1076 thalamus
1077 1012 1140 1094 ipsi
1171 1008 1285 1074 nucleo
1316 1010 1424 1094 mythi
1448 1012 1596 1093 proprius
1618 1009 1698 1085 suit,
1722 1016 1885 1074 certamen
1907 1031 1984 1076 vero

789 1118 909 1183 lasonis
933 1138 1006 1181 oum
1031 1116 1162 1180 dracone
1187 1117 1372 1179 recentioris
1396 1122 1445 1178 est
1467 1117 1599 1190 aetatis;
1622 1114 1708 1199 quod
1731 1118 1831 1179 etiam
1853 1121 1985 1200 apparet

790 1245 829 1288 ex
863 1226 905 1286 iis
940 1243 1020 1306 quae
1051 1219 1089 1285 de
1121 1220 1343 1304 Naupacticis,
1374 1222 1515 1284 carmine
1547 1222 1636 1304 spico
1666 1223 1771 1305 ignoti
1801 1222 1984 1305 scriptoris,

790 1331 881 1394 nobis
911 1331 1122 1392 innotuerunt
1152 1326 1205 1403 (cf.
1230 1326 1268 1390 fr.
1295 1326 1326 1402 7,
1351 1326 1383 1402 8,
1409 1325 1429 1389 9
1453 1324 1596 1405 Kinkel).
1629 1325 1692 1390 Hic
1717 1325 1812 1390 modo
1835 1325 1985 1391 afferat-ur

790 1436 829 1498 fr.
854 1433 893 1498 9:
919 1434 1163 1511 συυεκφέρυυσυυ
1185 1432 1283 1505 adrias
1306 1438 1363 1510 (sc.
1388 1431 1516 1510 Medea)
1538 1431 1573 1494 τί
1594 1433 1678 1503 κῶας
1698 1433 1784 1495 κατὰ
1804 1434 1859 1504 σὺν
1877 1434 1984 1510 Φυγίςυ

790 1542 876 1605 nard
900 1544 952 1602 τὸν
976 1539 1073 1602 αὐτοῦ
1097 1533 1174 1602 oinos
1198 1539 1337 1614 κείμευσυ
1359 1542 1413 1601 τοῦ
1439 1538 1565 1611 Λίυἰσου.

835 1646 904 1710 Iam
936 1644 1103 1709 videamus
1134 1664 1191 1708 cur
1213 1651 1245 1707 et
1268 1642 1395 1728 quando
1418 1644 1536 1708 Aeetae
1559 1645 1707 1728 regiain
1728 1640 1863 1709 Colchos
1886 1643 1985 1709 fuerit

791 1757 1016 1835 transportata.

971 1857 1016 1927 εἰς
1040 1860 1149 1932 Cedere,
1173 1851 1243 1918 ἓνίοι
1267 1858 1374 1917 υσυσίυ
1398 1852 1535 1933 ἔσχατος
1559 1854 1666 1930 δρόμος

789 1965 972 2028 cecinerunt
989 1959 1161 2046 aliquando
1180 1967 1296 2025 nautae
1317 1959 1456 2037 Milesii,
1478 1961 1596 2045 quibus
1615 1959 1730 2024 Phasis
1742 1957 1845 2024 Thule
1858 1958 1983 2024 Ultima

790 2069 872 2145 fuit,
903 2087 1001 2152 quam
1031 2070 1087 2152 qui
1117 2065 1263 2150 petebat,
1287 2065 1383 2130 finem
1408 2074 1465 2138 τῆς
1490 2066 1666 2139 οἰκουμένης
1689 2071 1722 2130 et
1745 2064 1852 2129 locum
1874 2068 1982 2150 ipsum

789 2195 853 2259 quo
876 2172 933 2238 Sol
956 2193 1053 2257 equos
1076 2172 1231 2257 iungebat
1251 2171 1339 2236 adire
1357 2171 1543 2236 habebatur.
1568 2171 1622 2237 Sic
1640 2171 1824 2235 iudicabant
1844 2170 1983 2248 Milesii,

789 2283 834 2344 sic
865 2277 1034 2345 Corinthii.
1066 2277 1129 2342 Sed
1151 2298 1233 2362 quae
1256 2284 1391 2354 nautae,
1415 2277 1561 2343 homines
1585 2276 1729 2362 religiosi
1753 2278 1985 2362 superstitioni·

789 2386 913 2470 busque
947 2383 1048 2448 dediti
1082 2392 1153 2468 post
1188 2383 1330 2447 reditum
1361 2383 1549 2460 narrabant,
1580 2403 1617 2446 ea
1647 2387 1757 2466 poetae
1787 2382 1984 2447 carminibus

789 2494 856 2555 suis
887 2490 1102 2565 celebrabant3
1134 2510 1209 2553 nam
1232 2492 1289 2574 qui
1313 2492 1438 2574 primus
1462 2496 1620 2574 quantum
1644 2491 1764 2553 scimus
1786 2490 1820 2550 in
1841 2491 1985 2554 carmine

790 2598 890 2661 Aeam
913 2599 947 2659 iu
971 2593 1106 2661 Colchos
1130 2594 1316 2672 transtulit,
1340 2596 1404 2659 fuit
1426 2603 1520 2680 poeta
1543 2593 1729 2660 Corinthius
1752 2592 1910 2657 Eumelus
1931 2593 1985 2671 (fr.

790 2703 811 2767 2
834 2701 980 2779 Kinlrel).
1010 2701 1100 2766 Vixit
1129 2701 1182 2766 hio
1212 2701 1319 2767 medio
1349 2701 1473 2766 saeculo
1498 2708 1629 2778 octavo,
1653 2722 1716 2785 quo
1740 2706 1886 2784 tempore
1911 2700 1986 2775 „die

789 2808 933 2873 Milesier
955 2829 995 2872 an
1019 2809 1105 2872 ihrer
1128 2807 1315 2892 pontischen
1338 2806 1598 2871 Haudelsstrasse
1621 2806 1812 2870 Falrtoreieu
1831 2804 1986 2891 augelegt

788 2914 909 2989 haben,
941 2913 991 2977 die
1022 2912 1104 2977 daun
1134 2916 1168 2976 in
1200 2913 1287 2999 fulge
1316 2912 1371 2977 des
1394 2913 1594 2977 Einbruohes
1618 2912 1674 2976 der
1695 2911 1895 2976 Kimmerier
1916 2912 1986 2975 auf·

788 3020 932 3108 gegeben
955 3018 1108 3084 wurden''
1132 3018 1261 3093 (Busolt
1284 3019 1300 3084 1
1323 3019 1414 3101 466).
1440 3018 1654 3084 Observemus
1678 3026 1710 3083 et
1732 3018 1829 3083 haec:

834 3126 1009 3203 Pindarus,
1046 3132 1083 3189 ut
1114 3126 1258 3190 vidimus
1289 3147 1402 3211 supra,
1439 3124 1574 3192 Colchos
1605 3128 1734 3189 vocavit
1765 3124 1983 3201 κελοίνοσσος,

787 3232 870 3319 quod
902 3255 1017 3297 nomen
1045 3231 1225 3316 explicatur
1248 3231 1404 3297 Herodoti
1427 3232 1497 3296 loco
1520 3230 1565 3308 (II
1591 3230 1680 3308 103),
1704 3231 1760 3294 ubi
1784 3227 1911 3295 Colchis
1938 3234 1984 3295 at·

787 3341 943 3404 tribuitur
967 3341 1056 3423 origo
1079 3340 1232 3423 aegyptia
1239 3360 1247 3416 ;
1273 3343 1378 3414 erant,
1404 3340 1431 3401 si
1454 3358 1531 3401 eum
1553 3336 1661 3413 audis,
1686 3334 1841 3420 reliquiae
1865 3338 1984 3399 exerci-

788 3452 841 3509 tus
861 3442 1063 3519 Sesostridis,
1083 3442 1303 3527 depinguntur
1322 3443 1525 3521 μελάγχροες
1541 3444 1594 3505 nl
1615 3440 1775 3519 σιίλίτρι
1784 3463 1867 3519 χες.
1889 3439 1981 3504 Idem

789 3548 970 3614 Herodotus
991 3547 1074 3628 (Vll,
1101 3546 1159 3626 70)
1183 3549 1281 3612 verba
1304 3547 1422 3612 faciens
1445 3547 1485 3613 de
1508 3547 1750 3612 Αἰθιόπεσσι
1774 3555 1838 3618 σοῖς
1865 3548 1900 3611 ἐκ
1924 3555 1981 3619 τῆς

791 3655 911 3729 Λιβύης
937 3661 1083 3718 annotat:
1112 3653 1337 3718 οὐλότατον
1361 3658 1506 3734 σρίχυμσι
1533 3652 1638 3734 ἔχουσι
1663 3655 1786 3717 ociores
1809 3653 1981 3728 σίυἰροίσυυ.

788 3760 900 3844 Itaque
935 3766 1116 3823 statuamus
1149 3758 1243 3837 licet,
1279 3762 1379 3824 etiam
1409 3762 1522 3845 primis
1553 3760 1814 3845 navigatoribus,
1850 3762 1906 3843 qui
1941 3758 1980 3823 ad

788 3864 960 3929 Phasidem
991 3864 1201 3949 appulerunt,
1234 3866 1408 3949 Aethiopas
1438 3873 1470 3930 et
1501 3863 1636 3931 Colchos
1660 3887 1744 3930 nexu
1767 3863 1907 3949 quodam
1931 3886 1982 3930 co

789 3972 917 4035 haerere
941 3973 1026 4034 usos
1049 3991 1135 4047 esee,
1167 3991 1269 4054 neque
1293 3971 1348 4035 abs
1371 3993 1404 4035 re
1428 3974 1490 4035 erit
1512 3970 1695 4047 adnotasse,
1720 3970 1921 4035 Herodotum
1946 3974 1981 4034 in

788 4077 935 4163 catalogo
958 4076 1149 4161 populorum
1169 4077 1275 4141 Persis
1295 4079 1539 4142 tributariorum
1560 4075 1697 4143 Colchos
1717 4080 1888 4142 inseruisse
1898 4079 1985 4141 inter

789 4184 963 4268 Aethiopas
987 4191 1019 4247 et
1043 4184 1163 4247 Arabas
1186 4181 1247 4258 (Ill
1271 4181 1338 4261 97).
1370 4183 1466 4248 Hunc
1490 4206 1609 4249 nexum
1633 4184 1755 4268 aliquid
1780 4182 1919 4248 valuisse
1944 4183 1984 4249 ad

788 4289 949 4354 fabulosos
979 4290 1170 4374 Aethiopas,
1202 4290 1358 4367 ἐσχάτους
1390 4289 1500 4365 ἀνδρῶν
1532 4293 1591 4354 sub
1624 4289 1691 4355 sole
1723 4293 1843 4354 oriente
1867 4296 1902 4368 (a
1924 4291 1984 4364 24>

789 4400 952 4473 viventes,
983 4416 1057 4459 cum
1089 4392 1216 4460 Colchis
1246 4395 1509 4472 commutandos,
1542 4417 1663 4461 necnon
1695 4396 1735 4460 ad
1770 4396 1888 4460 Aeetae
1924 4397 1986 4461 Ae·

788 4502 937 4586 thiopum
969 4504 1054 4586 regis
1088 4500 1195 4565 sedem
1226 4500 1265 4565 ad
1296 4502 1469 4566 Phasidem
1499 4502 1770 4578 transferendam,
1802 4502 1983 4567 verisimile

787 4613 845 4670 est.
882 4604 965 4671 Cum
997 4627 1072 4670 vero
1108 4605 1263 4693 Scythae,
1297 4606 1451 4683 Thraces,
1491 4604 1687 4673 Colchorum
1719 4605 1844 4671 accolae
1876 4612 1984 4672 esseut

789 4711 964 4789 εὐθύτριχες
997 4712 1109 4790 (Arist.
1143 4711 1180 4775 de
1210 4733 1282 4798 gen.
1315 4732 1365 4776 an.
1390 4710 1429 4788 V,
1454 4710 1498 4791 3),
1531 4715 1653 4775 mirum
1677 4733 1739 4776 uon
1763 4717 1812 4775 est
1833 4715 1982 4795 ipsorum

788 4815 980 4883 Colchorum
1003 4815 1159 4893 colorem,
1185 4818 1339 4894 formam,
1363 4819 1511 4883 habitum
1535 4839 1702 4902 procerum
1726 4814 1857 4883 Graecis
1881 4817 1984 4881 admi·

787 4924 943 4986 rationem
988 4926 1145 4999 movisse;
1190 4922 1268 4988 haec
1310 4928 1420 4988 autem
1454 4922 1624 4989 admiratio
1658 4923 1788 4988 videtur
1820 4925 1984 5009 peperisse
