5125 6150
621 866 624 871 ⁴
694 833 758 901 168
1195 851 1368 902 sonamus.

739 1019 914 1084 Promittere
944 1016 1122 1104 significare
1151 1040 1213 1083 non
1243 1040 1334 1104 posse
1365 1021 1579 1085 certissimum
1609 1029 1674 1100 est,
1699 1024 1878 1091 sedetiam

692 1128 746 1193 hic
767 1128 909 1190 madore
931 1124 1140 1212 significabit,
1165 1127 1193 1190 si
1214 1147 1342 1191 mecum
1360 1124 1522 1192 lenissime
1543 1150 1671 1194 versum
1690 1139 1879 1216 sequentem

692 1237 736 1299 sic
759 1233 938 1298 refinxeris:

826 1341 870 1414 μὴ
894 1339 960 1418 πρὶν
984 1338 1204 1415 πημαίνειν
1227 1339 1295 1418 πρὶν
1319 1337 1472 1414 δωδεκάτη
1497 1340 1578 1420 uita
1601 1341 1668 1418 ἦάι.

690 1444 819 1512 Scilicet
852 1444 1010 1522 Achilles,
1046 1466 1120 1510 cum
1155 1445 1322 1509 Priamum
1357 1466 1430 1509 oum
1465 1445 1523 1510 filii
1558 1447 1709 1513 cadavere
1740 1448 1878 1515 domum

690 1555 886 1630 remitteret,
916 1552 980 1616 ouis
1009 1552 1215 1617 mandaverat
1238 1558 1397 1637 utusque
1420 1551 1458 1616 ad
1480 1551 1701 1619 duodecimam
1725 1575 1877 1620 auroram

691 1659 731 1724 ab
755 1660 842 1724 omni
864 1657 1042 1725 hostilitate
1065 1659 1268 1724 abstinerent.

735 1879 796 1945 His
816 1878 1101 1957 adnotatiunculis,
1122 1879 1236 1963 quibus
1255 1880 1440 1943 continuavi
1459 1881 1576 1963 scripta
1593 1881 1626 1943 in
1645 1879 1876 1967 Mnemosynen

689 1984 754 2052 vol.
786 1981 878 2050 XXV
908 2007 939 2070 p.
964 1983 1073 2049 8-17
1106 1992 1137 2050 et
1168 1982 1357 2062 417-426,
1390 2005 1464 2048 cum
1491 1987 1570 2069 ipsis
1592 1987 1787 2051 carminibus
1808 1987 1877 2053 Ho-

689 2095 817 2158 mericis
847 2092 994 2177 prodesse
1024 2091 1134 2157 studui
1164 2080 1235 2156 tum
1267 2112 1379 2156 eorum
1402 2093 1513 2156 tertiae
1537 2112 1616 2175 quae
1639 2092 1749 2177 procul
1774 2093 1874 2160 dubio

688 2198 857 2284 aliquando
890 2201 924 2262 in
958 2197 1064 2262 lucem
1099 2197 1237 2282 prodibit
1271 2198 1403 2262 editioni
1439 2196 1595 2261 Leidensi.
1632 2197 1727 2263 Iuvat
1761 2207 1873 2265 autem

686 2304 857 2373 lectoribus
879 2308 913 2370 in
935 2307 1123 2369 memoriam
1146 2325 1293 2370 revocare
1316 2324 1412 2368 aures
1435 2302 1594 2368 editorum
1618 2304 1731 2382 verba,
1756 2307 1874 2390 quibus

688 2414 820 2478 huiusce
837 2413 1026 2476 recensionis
1049 2410 1282 2482 Praefationem
1306 2412 1528 2475 terminarunt.
1553 2409 1665 2488 „Nihil
1689 2448 1731 2458 —
1756 2411 1874 2477 utilius

689 2525 759 2598 „est
788 2518 827 2583 ad
857 2538 985 2582 sensum
1008 2515 1135 2601 pulchri
1157 2516 1352 2593 acuendum,
1376 2514 1457 2580 nihil
1479 2519 1585 2602 magis
1609 2516 1808 2583 conducibile
1833 2519 1873 2584 ad

688 2627 873 2705 „iuniorum
901 2626 1086 2708 praesertim
1112 2622 1287 2708 effingenda
1305 2626 1434 2708 ingenia
1453 2622 1700 2707 facultatemque
1726 2628 1873 2691 criticam

689 2729 974 2811 „confirmandam,
1008 2750 1105 2814 quam
1137 2728 1199 2793 tale
1229 2729 1375 2793 studium
1404 2731 1582 2794 carminum
1605 2729 1872 2810 Homericorum‚

688 2859 772 2923 „quo
803 2834 931 2923 singula
961 2835 1058 2900 verba
1081 2834 1271 2920 singulaque
1295 2838 1460 2900 enunciata
1485 2835 1593 2900 sedulo
1618 2840 1817 2920 pensitentur
1841 2847 1873 2903 et

687 2945 749 3025 „ad
772 2942 861 3029 leges
884 2944 1064 3028 exigantur,
1088 2961 1168 3025 quae
1190 2963 1252 3006 non
1276 2963 1332 3026 pro
1355 2943 1540 3006 recentioris
1564 2945 1743 3027 cuiuspiam
1768 2945 1871 3029 philo

689 3051 776 3138 „logi
806 3050 936 3115 arbitrio
967 3051 1101 3134 scriptae
1131 3053 1206 3112 sunt
1237 3047 1292 3114 sed
1323 3047 1501 3114 multorum
1533 3047 1699 3135 diligentia
1729 3071 1769 3115 ex
1791 3053 1873 3137 ipsis

690 3156 902 3237 „carminibus
926 3158 1022 3240 epicis
1046 3153 1187 3219 erutae.'’

1023 3267 1081 3325 τῶν
1104 3259 1130 3323 δ’
1154 3261 1207 3325 οὐκ
1231 3260 1434 3338 ἐπιλήσομαι,
1457 3260 1537 3342 ὄφρα
1561 3263 1589 3325 κ’
1614 3261 1674 3338 ἐγώ
1699 3285 1739 3338 γε

890 3366 1003 3445 ζῳοῖσιν
1025 3367 1124 3442 μετέω
1149 3368 1202 3430 καί
1226 3390 1277 3442 μοι
1301 3369 1383 3444 Φίλα
1407 3367 1532 3443 γούνατ’
1555 3367 1642 3447 ὀρώρῃ

570 3484 572 3488 ‘
688 3479 721 3541 et
749 3478 783 3539 in
814 3474 953 3539 Homero
984 3495 1040 3559 pro
1071 3472 1160 3536 virili
1183 3478 1271 3557 parte
1295 3476 1361 3538 sive
1386 3472 1569 3558 temptando
1594 3476 1678 3551 sive,
1703 3476 1760 3539 ubi
1784 3476 1873 3543 dabi-

687 3588 750 3659 tur,
775 3580 967 3646 emendando
990 3600 1132 3665 pergam.

1134 4087 1176 4132 AD
1200 4084 1422 4133 Pnursecfluu.

732 4255 808 4341 Lyc.
841 4251 882 4318 21
915 4251 1033 4333 (Sint).
1063 4250 1293 4336 Spartanorum
1324 4250 1460 4313 virtutes
1483 4249 1533 4313 his
1556 4248 1700 4313 versibus
1723 4248 1871 4320 laudavit

685 4361 880 4447 Terpander:

865 4462 920 4530 ct·
945 4464 1053 4546 αἰχμά
1077 4486 1111 4525 rs
1135 4461 1203 4526 oica
1226 4460 1334 4526 θάλλει
1358 4460 1408 4525 καὶ
1434 4465 1536 4536 μοῦσαι
1560 4460 1667 4539 λίγεια

866 4571 917 4634 καὶ
942 4569 1011 4634 δίκα
1037 4568 1214 4647 εὐρυάγυια.

687 4677 769 4743 Urbs
791 4677 959 4757 εὐρυάγυια
984 4675 1061 4761 quid
1083 4678 1126 4739 sit
1148 4676 1314 4750 novimus;
1340 4671 1475 4735 icetittoe
1497 4693 1571 4737 vero
1592 4674 1678 4736 viam
1698 4676 1754 4758 qui
1773 4675 1869 4741 totam

687 4782 826 4868 appellat
856 4782 932 4867 quid
964 4780 1047 4846 dicat
1076 4781 1185 4845 nescit.
1215 4776 1350 4861 Scripsit
1371 4774 1565 4862 Terpander:
1591 4777 1660 4842 δίκα
1684 4780 1868 4857 sconowa.

686 4885 783 4952 Recta
806 4884 949 4953 ambulat
972 4888 1025 4950 via
1047 4887 1180 4950 iustitia.
1667 4883 1697 4949 J.
1721 4884 1750 4950 J.
1776 4885 1820 4953 H.

1168 5035 1360 5048 ψ
