5125 6150
1143 807 1288 853 munuae
1314 807 1427 855 suaso.
1837 792 1880 857 63

734 973 898 1039 Ultimum
929 974 1026 1035 etiam
1054 974 1153 1034 restat
1175 976 1423 1055 argumentum,
1448 991 1511 1055 quo
1534 970 1751 1037 demonstrare
1775 993 1883 1058 possu-

687 1101 764 1145 mus
786 1078 863 1142 ονοννΙ
888 1078 999 1141 Phrixi
1024 1075 1215 1140 sacrificium
1240 1076 1339 1139 fuisse
1363 1075 1568 1141 destinatum.
1602 1076 1680 1156 Quis
1704 1081 1792 1143 enim
1815 1084 1883 1143 erat

685 1186 830 1249 Phrixus
853 1181 930 1247 ills?
961 1180 1012 1246 vel
1035 1184 1162 1266 potius,
1188 1183 1259 1264 quis
1283 1181 1347 1245 fuit
1370 1188 1542 1264 antequam
1566 1182 1770 1248 Athamantis
1794 1183 1880 1248 filius

686 1292 794 1356 factus
818 1286 887 1354 estl

733 1396 784 1460 Ex
820 1396 960 1459 Homero
995 1393 1146 1457 novimus
1181 1392 1423 1455 substantivum
1456 1392 1510 1465 οίρν
1545 1398 1644 1469 φοῑνον
1679 1398 1712 1459 et
1745 1394 1880 1458 verbum

687 1504 808 1582 φρίσσω
825 1499 858 1581 ¹).
896 1500 954 1563 Est
988 1497 1064 1576 φρίξ
1094 1499 1192 1561 maris
1223 1499 1357 1581 agitati,
1392 1503 1486 1562 vento
1519 1501 1662 1583 crispati,
1699 1500 1881 1584 superficies

686 1627 815 1691 aspera;
851 1605 990 1683 φρίοοονν
1026 1609 1075 1667 est
1109 1625 1245 1683 asperum
1280 1624 1352 1678 esec,
1387 1603 1517 1666 horrere.
1553 1603 1648 1687 Apud
1683 1605 1877 1669 Pausaniam

685 1721 797 1776 autem
833 1715 1123 1775 commemorantur
1153 1710 1241 1772 naias
1273 1706 1369 1782 Φρίξον
1401 1706 1499 1786 (VIII,
1526 1706 1567 1772 47
1592 1709 1610 1792 ξ
1632 1708 1665 1787 3)
1696 1718 1728 1773 et
1758 1710 1877 1775 flumen

687 1816 793 1892 Φρίξος
815 1816 869 1895 (ΙΙ,
891 1815 933 1879 36
954 1814 1032 1897 §6);
1056 1813 1142 1897 apud
1160 1812 1350 1877 Strabonem
1370 1834 1546 1898 cognomen
1568 1811 1690 1900 Oymae
1708 1821 1741 1879 st
1751 1815 1881 1883 Larisae

687 1922 848 1986 Ptriconis
879 1921 981 1997 (XIII,
1007 1919 1089 1996 6213
1122 1920 1162 1982 cf.
1192 1917 1312 1993 Herod,
1337 1916 1352 1980 I
1379 1917 1457 1997 149)
1465 1939 1473 1995 ;
1508 1939 1587 2003 quae
1618 1922 1749 1985 nomina
1772 1925 1880 1988 omnia

684 2051 797 2112 aequor
826 2026 880 2092 vel
895 2029 1010 2108 flumen
1034 2032 1203 2088 οονονιοίνον
1227 2023 1378 2088 indicant.
1405 2022 1509 2100 Φρίξος
1535 2027 1640 2109 igitur
1664 2026 1728 2089 fuit
1752 2030 1880 2112 proprie

685 2134 701 2197 ὅ
727 2132 834 2202 uteros
858 2130 964 2209 Φνοξίο
988 2133 1009 2194 i.
1028 2151 1053 2194 e.
1080 2150 1166 2193 mare
1190 2128 1374 2204 horridum,
1399 2127 1581 2212 superficies
1604 2133 1695 2214 ponti
1719 2151 1830 2216 aspera
1842 2133 1879 2211 ²),

686 2246 798 2323 postea
821 2237 898 2302 deus
921 2238 1082 2312 marinus,
1108 2233 1220 2298 deinde
1244 2232 1330 2297 filius
1353 2234 1559 2298 Athamantis
1581 2238 1668 2320 regis
1689 2235 1879 2323 Minyarum

686 2342 799 2428 populi
829 2343 961 2406 nautici.
994 2338 1138 2406 Ooufsrri
1161 2346 1265 2424 potest
1289 2342 1428 2408 Γλαῦκον
1452 2339 1466 2402 ί
1491 2338 1634 2417 ndentes,
1659 2344 1715 2425 qui
1737 2345 1881 2427 primum

685 2451 826 2533 piscator
849 2446 960 2512 deinde
983 2449 1017 2510 in
1042 2446 1138 2510 deum
1162 2447 1325 2509 marirmm
1349 2444 1447 2509 fuisse
1471 2451 1617 2510 mutatus
1641 2446 1776 2511 dicitur:

916 2553 1036 2630 Νηρέως
1061 2551 1219 2629 προφήτης
1244 2553 1383 2621 Γλαῦκος
1407 2551 1544 2629 ἀψευδὴς
1570 2551 1632 2621 θείς

686 2658 777 2731 (Eur.
811 2656 863 2722 Or.
890 2655 979 2737 364).
1012 2656 1074 2721 Sed
1104 2664 1137 2720 et
1160 2656 1231 2732 hic,
1252 2661 1290 2719 ut
1313 2676 1409 2740 supra
1432 2656 1470 2720 de
1494 2655 1592 2721 Inone
1617 2656 1776 2735 vidimus,
1801 2658 1878 2724 ordo

685 2783 796 2826 rerum
828 2783 998 2826 conversus
1020 2767 1079 2825 est.
1104 2761 1181 2825 Fuit
1205 2762 1299 2825 initio
1324 2764 1450 2836 γλονκὶρ
1474 2762 1620 2824 edeam
1646 2769 1687 2842 (Π
1709 2761 1777 2841 34),
1802 2768 1878 2829 tunc

687 2888 777 2931 mare
799 2871 821 2931 i.
835 2890 867 2932 u.
892 2867 980 2943 (Hes.
1005 2865 1125 2952 Theog.
1150 2865 1240 2944 440),
1265 2866 1378 2930 deinde
1402 2865 1479 2931 deus
1500 2870 1660 2944 marinus,
1680 2875 1879 2952 postremum

688 2978 803 3048 nauta,
828 2974 978 3057 piscator.

733 3078 843 3162 Neque
873 3079 1022 3142 abhorret
1052 3098 1070 3141 a
1100 3078 1276 3161 priscorum
1310 3076 1348 3140 de
1380 3077 1474 3141 rebus
1504 3076 1624 3142 divinis
1655 3080 1876 3162 opinionibus,

684 3183 770 3267 quod
799 3183 940 3247 Phrixus
978 3184 1061 3246 mari
1091 3184 1111 3244 i.
1137 3202 1164 3246 e.
1197 3202 1285 3245 mare
1317 3182 1446 3246 sibimet
1476 3184 1540 3266 ipsi
1572 3182 1779 3249 immolatum
1809 3206 1879 3251 esse

683 3296 841 3352 narratur.
874 3286 1088 3351 Recordemur
1114 3286 1209 3351 modo
1237 3286 1373 3371 Dionysi
1401 3287 1614 3365 tauriformis,
1647 3290 1700 3353 cui
1731 3295 1878 3367 taurum,

686 3393 807 3457 Dianae
842 3391 1042 3478 hyoosurae,
1085 3392 1183 3470 δίρμοι
1218 3391 1339 3472 ἕλοίφον
1374 3391 1618 3472 ἀμπεχομένης,
1662 3396 1715 3458 cui
1748 3415 1878 3460 cervam

687 3505 827 3562 mactare
862 3497 973 3563 solitos
1007 3497 1103 3561 fuisse
1137 3502 1304 3580 antiquos;
1340 3518 1402 3581 quo
1432 3497 1471 3562 de
1501 3500 1568 3562 ritu
1598 3498 1668 3562 fuse
1699 3498 1879 3584 disputavit

688 3603 831 3670 Ooohius
853 3606 887 3667 in
909 3603 1019 3667 Journ.
1041 3603 1078 3668 of
1095 3601 1182 3667 Hell.
1207 3600 1300 3667 stud.
1327 3602 1413 3667 1894
1434 3625 1465 3687 p.
1489 3601 1564 3680 116,
1587 3602 1738 3669 Fraserus
1758 3608 1878 3690 passim

684 3712 721 3774 in
744 3708 827 3774 libro
850 3708 916 3773 'Phe
939 3708 1056 3795 golden
1080 3708 1205 3794 Bough.

733 3813 855 3892 Quibus
874 3816 1037 3899 perpensis
1055 3812 1295 3899 intellegimus,
1316 3816 1371 3898 qui
1391 3814 1512 3877 factum
1532 3816 1574 3877 sit
1592 3819 1630 3879 ut
1646 3814 1760 3880 Phrixi
1772 3814 1879 3881 cultus

686 3926 756 3984 tam
782 3918 847 3984 late
873 3923 916 3984 sit
942 3919 1141 4005 divulgatus.
1170 3920 1296 3984 Nautae
1322 3918 1356 3983 id
1380 3919 1566 3998 effecerunt,
1593 3923 1650 4005 qui
1673 3921 1822 3987 Phrixeis
1844 3925 1879 3986 in

688 4116 884 4125 ...---

720 4241 748 4302 1)
766 4240 854 4295 cleo,
872 4245 894 4286 H
904 4239 948 4290 dl:
967 4237 1004 4294 c‘ln
1022 4235 1049 4287 δὶ
1067 4236 1181 4300 Ζεφύροιο
1199 4235 1311 4301 ἐχρίοντο
1328 4240 1417 4288 πόντον
1434 4237 1477 4288 ’tae
1494 4237 1559 4305 φρίξ.

720 4323 748 4385 a)
766 4323 871 4385 Longam
889 4336 938 4369 esse
955 4321 1058 4369 radicem
1075 4326 1144 4382 φρνκ,
1162 4320 1233 4370 breve
1250 4320 1332 4369 haberi
1351 4321 1437 4370 esocis
1450 4320 1552 4385 Φρίξον,
1568 4336 1615 4370 uon
1630 4336 1668 4370 me
1681 4321 1751 4385 fugit.
1771 4320 1877 4370 Observa

685 4410 767 4455 autem
791 4405 882 4468 Hymu.
908 4403 1007 4468 Orphic.
1031 4403 1098 4462 28,8
1120 4402 1236 4467 nymphas
1260 4402 1364 4452 marinae
1381 4403 1497 4469 appellari
1515 4402 1626 4465 φρῖκίονς,
1644 4402 1705 4452 hauc
1722 4417 1778 4451 vero
1796 4417 1877 4451 vocem

684 4504 699 4536 a
723 4486 815 4535 usiadis
836 4486 933 4535 nomine
955 4483 1046 4550 Φρίξα,
1069 4501 1083 4533 e
1106 4484 1211 4533 huminis
1228 4484 1271 4533 illo
1288 4481 1376 4549 Φρίξος
1392 4484 1485 4548 seiungi
1503 4500 1550 4534 non
1568 4500 1642 4549 posse.
1661 4483 1778 4533 Fluminis
1796 4486 1876 4533 autam

683 4585 772 4618 nomen
790 4584 816 4617 ac
834 4568 917 4616 Phrixi
934 4567 1011 4616 nostri
1028 4582 1076 4615 ease
1093 4566 1169 4624 idem,
1188 4582 1235 4616 uon
1253 4567 1322 4615 facile
1338 4567 1392 4630 quis
1410 4566 1510 4630 negarit.

718 4650 870 4699 Adiectirum
892 4650 975 4713 Φροξίν
997 4648 1085 4697 aeolice
1107 4648 1292 4713 pronunciatum
1315 4648 1340 4696 in
1357 4647 1447 4711 syllaba
1463 4647 1544 4712 priore
1561 4648 1671 4699 habuisse
1688 4651 1811 4698 accentum
1828 4663 1876 4698 nou

683 4732 814 4789 miramon
838 4732 877 4779 sed
899 4732 954 4780 acui
976 4731 1039 4787 iota,
1063 4745 1109 4778 nou
1132 4730 1298 4788 circumflecti,
1317 4729 1342 4778 id
1358 4729 1445 4778 iustam
1463 4733 1542 4779 movet
1560 4731 1721 4780 mirationem.
1738 4730 1809 4795 Quod
1827 4745 1875 4794 quo

682 4815 737 4863 iure
754 4816 795 4862 fiet
812 4813 866 4876 quis
882 4813 982 4862 dixerit!
1008 4812 1101 4874 Operae
1118 4811 1222 4876 pretium
1239 4811 1335 4860 ridetur
1352 4810 1397 4859 hac
1414 4810 1440 4859 in
1457 4825 1483 4858 re
1500 4809 1607 4860 laudasse
1624 4811 1702 4876 Etym.
1724 4813 1818 4876 Magn,
1835 4811 1877 4861 ubi

683 4896 786 4959 legitur:
805 4894 877 4957 Φρΐξ,
894 4893 908 4948 ἡ
927 4892 1057 4948 deserenti
1076 4891 1121 4947 τὴν
1138 4892 1245 4954 delun.
