5125 6150
696 818 762 894 294
1132 835 1174 881 ur
1197 835 1307 881 uranu
1330 834 1442 882 uacua

874 1004 997 1067 tristior
1020 1007 1052 1065 et
1073 1000 1214 1066 lacrimis
1233 1000 1342 1065 oculos
1365 999 1483 1065 suffusa
1505 1003 1661 1080 nitentes,

692 1109 896 1194 plaudimus,
928 1109 1126 1192 delectatque
1158 1116 1250 1192 poeta
1279 1112 1310 1171 et
1335 1107 1522 1192 persuadet,
1547 1109 1601 1173 sed
1626 1107 1664 1173 de
1688 1106 1810 1195 Cybele
1834 1108 1895 1173 du·

694 1216 845 1280 bitamus.

666 1371 671 1382 ,
737 1321 798 1386 Sed
819 1322 904 1387 dieat
923 1320 1040 1406 aliquis
1057 1320 1233 1385 absurdum
1246 1340 1313 1385 esse
1326 1321 1353 1383 si
1367 1325 1477 1404 poetae
1489 1320 1627 1385 Romani
1638 1321 1895 1408 theologumcna

691 1427 731 1493 ad
743 1434 866 1492 nostras
878 1430 1016 1492 rationes
1028 1429 1211 1492 examinare
1224 1425 1372 1491 velimus.
1392 1424 1575 1491 Audiamus
1587 1430 1697 1512 itaque
1708 1432 1894 1493 accuratius

692 1557 770 1599 num
802 1535 863 1598 sibi
893 1541 1016 1599 constet
1047 1532 1210 1619 Vergilius
1237 1536 1271 1596 iu
1301 1535 1380 1617 ipsis
1403 1534 1498 1598 rebus
1522 1533 1714 1598 enarrandis.
1738 1533 1776 1598 Id
1800 1538 1892 1600 enim

691 1646 729 1705 ut
752 1647 857 1717 curat,
881 1642 951 1705 iuro
975 1645 1083 1717 nostro
1106 1637 1321 1723 postulamus.
1348 1636 1469 1723 Cybele
1496 1676 1538 1686 —
1563 1641 1610 1704 ita
1634 1641 1698 1704 iere
1717 1647 1828 1705 narrat
1848 1677 1892 1690 -

692 1768 755 1832 quo
778 1754 921 1831 tempore
944 1749 976 1809 in
997 1745 1053 1809 lde
1074 1744 1258 1809 aedificabat
1278 1743 1413 1808 classem
1433 1744 1564 1820 Aeneas,
1585 1743 1696 1810 Iovem
1716 1746 1841 1811 adierat
1861 1752 1895 1811 et

692 1854 732 1918 ab
755 1874 792 1916 eo
814 1855 974 1937 petiverat
996 1857 1035 1915 ut
1057 1871 1171 1927 naves,
1196 1871 1234 1914 ex
1258 1850 1424 1915 arboribus
1448 1851 1509 1914 sibi
1532 1853 1630 1915 sacris
1654 1851 1755 1917 factae
1777 1851 1894 1928 „nullo

691 1960 821 2023 turbine
852 1960 940 2023 venti
971 1957 1207 2022 vincerentur”.
1241 1957 1285 2020 At
1308 1955 1454 2041 Iuppiter
1477 1957 1613 2021 navibus
1636 1956 1767 2023 mortali
1789 1979 1894 2023 manu

691 2065 784 2128 factis
815 2062 1032 2127 immortalem
1062 2068 1183 2127 sortem
1214 2083 1247 2126 se
1274 2062 1349 2127 dare
1371 2082 1464 2145 posse
1487 2068 1586 2148 negat
1609 2101 1651 2111 —
1674 2085 1805 2142 moneo,
1831 2068 1895 2130 im-

693 2169 925 2235 mortalitatem
948 2190 1010 2233 non
1036 2171 1166 2253 petiisse
1188 2165 1346 2232 Matreml
1374 2204 1412 2218 ·-
1438 2174 1534 2253 atque
1559 2168 1636 2234 talia
1660 2168 1748 2233 addit
1771 2172 1894 2255 quibus

692 2281 805 2362 poetae
824 2275 962 2341 Romani
980 2277 1088 2358 potius
1108 2294 1204 2358 quam
1224 2295 1317 2339 suam
1336 2277 1529 2338 sententiam
1549 2273 1678 2339 reddere
1698 2295 1774 2339 eum
1786 2274 1893 2346 dicas:

692 2401 808 2467 parum
838 2385 905 2445 iore
935 2379 1041 2443 laudis
1071 2378 1160 2443 heroi
1191 2381 1219 2442 si
1248 2381 1277 2442 is
1308 2399 1388 2443 nave
1420 2383 1532 2444 vectus
1554 2379 1735 2444 immortali
1760 2393 1893 2457 „certus

691 2490 812 2553 incerta
842 2485 984 2571 pericula
1013 2482 1166 2549 lustret‘'l
1200 2483 1291 2564 Quod
1319 2484 1384 2549 fata
1408 2487 1514 2550 sinant
1537 2485 1571 2550 id
1595 2507 1628 2550 se
1652 2486 1818 2552 facturum
1844 2511 1895 2555 oo

694 2596 791 2659 miter
812 2592 985 2678 pollicetur
1008 2597 1064 2670 (ea.
1090 2588 1164 2669 98):

1009 2699 1065 2762 ubi
1088 2697 1255 2762 defunctae
1279 2696 1376 2761 finem
1400 2702 1575 2783 portusque
1601 2699 1755 2763 tenebunt

875 2804 1031 2868 Ausonios
1054 2802 1149 2880 olim,
1175 2822 1382 2887 quaecunque
1405 2806 1543 2868 evaserit
1565 2804 1661 2868 undis

873 2909 1134 2993 Dardaniumque
1158 2907 1272 2972 ducem
1296 2909 1470 2973 Laurentia
1494 2912 1618 2974 vexerit
1641 2931 1727 2987 arva,

874 3014 1044 3081 mortalem
1067 3017 1201 3100 eripiam
1224 3014 1361 3081 formam
1385 3017 1560 3102 magnique
1584 3016 1698 3082 iubebo

875 3124 1019 3207 aequoris
1043 3142 1110 3186 esee
1134 3121 1217 3185 deas.

692 3230 742 3295 lta
765 3229 910 3314 Iuppiter
932 3227 1093 3293 auxilium
1117 3230 1277 3311 promittit
1300 3229 1409 3292 iurans
1434 3250 1512 3314 „per
1535 3231 1605 3315 pice
1628 3236 1786 3296 torrentes
1811 3240 1893 3298 atra-

694 3356 755 3421 que
786 3337 940 3420 voragiue
970 3334 1089 3417 ripas”.
1114 3331 1399 3398 verumenimvero
1430 3336 1496 3398 iam
1527 3333 1583 3398 diu
1616 3342 1749 3420 „portus
1780 3343 1893 3403 tenent

694 3440 870 3505 Ausonias”
906 3460 1003 3504 naves
1034 3438 1200 3516 Troianae,
1236 3439 1373 3503 necdum
1404 3443 1600 3523 promissum
1632 3440 1749 3505 solvit!
1786 3442 1890 3522 Quin,

693 3568 767 3612 cum
792 3566 958 3610 summum
983 3545 1070 3609 adest
1090 3543 1286 3630 periculum,
1308 3566 1382 3609 cum
1403 3546 1485 3610 faces
1504 3546 1639 3611 afferunt
1659 3546 1792 3624 Rutuli,
1814 3571 1889 3614 oum

693 3652 824 3716 damma
859 3651 898 3716 ad
933 3650 1059 3715 caelum
1089 3651 1245 3728 escendit,
1281 3671 1441 3735 nusquam
1473 3650 1652 3717 Saturnius.
1688 3652 1764 3719 Sola
1800 3656 1891 3720 adest

657 3744 659 3747 ’
694 3755 833 3844 Cybele,
865 3777 945 3841 quae
976 3777 1033 3821 nec
1061 3756 1146 3821 Iovis
1177 3759 1328 3843 promissi
1357 3759 1554 3822 mentionem
1578 3759 1670 3834 facit,
1695 3780 1754 3824 nec
1777 3758 1890 3827 Iovem

693 3863 864 3948 implorat,
896 3862 951 3926 sed
981 3883 1038 3946 pro
1069 3883 1127 3926 sua
1158 3863 1268 3928 divina
1300 3865 1484 3948 invictaque
1514 3870 1672 3948 potestate
1702 3874 1890 3951 —quanto

694 3966 841 4055 dignius!
868 4005 910 4017 —
935 3971 981 4033 ita
1004 3970 1207 4053 pronuntiat:

743 4074 807 4139 114
875 4074 923 4139 Ne
948 4072 1105 4158 trepidate
1129 4094 1232 4150 meaa,
1257 4072 1388 4151 Teucri,
1413 4073 1578 4140 defendere
1601 4096 1698 4141 naves

875 4201 955 4245 neve
979 4186 1101 4245 armate
1123 4200 1254 4258 manus;
1281 4183 1383 4245 maria
1406 4186 1479 4245 ante
1502 4202 1633 4246 exurere
1658 4181 1766 4248 Turno

877 4307 974 4372 quam
997 4310 1099 4351 sacrm
1122 4287 1251 4351 dabitur
1267 4287 1373 4369 pium.
1399 4286 1461 4352 Vos
1482 4290 1528 4354 ite
1551 4287 1692 4366 solutae,

829 4421 832 4430 ·
876 4397 922 4459 ite
945 4393 1020 4458 deae
1042 4392 1164 4479 pelagi;
1195 4393 1338 4457 Genetrix
1360 4393 1448 4458 iudet.

693 4501 782 4567 Haec
813 4500 924 4565 decent
953 4500 1008 4572 aba
1041 4499 1217 4563 sacrarat.
1249 4497 1336 4563 Talis
1364 4498 1481 4564 Matris
1504 4520 1641 4586 magnae
1664 4507 1713 4566 est
1735 4507 1886 4586 potestas.

692 4608 758 4672 Nec
792 4609 897 4693 igitur
931 4606 1057 4670 mireris
1092 4605 1175 4688 quod
1209 4608 1297 4689 ipsae
1331 4605 1483 4670 Nereides
1517 4627 1625 4671 reeens
1656 4614 1780 4673 creatae
1812 4631 1887 4675 cum

694 4710 806 4777 deinde
828 4712 883 4793 (X.
909 4711 988 4791 220)
1017 4710 1210 4777 miraculum
1233 4733 1295 4796 quo
1318 4712 1456 4777 formam
1479 4713 1699 4779 immortalem
1723 4715 1887 4782 induerint

693 4816 817 4881 Aeneae
848 4823 1023 4903 exponant,
1056 4819 1146 4882 unica
1178 4814 1315 4904 Cybeles
1346 4820 1379 4882 in
1411 4839 1446 4884 eo
1478 4825 1671 4904 potestatem
1701 4829 1885 4907 agnoscant.

694 4918 838 5000 Quocum
868 4925 1016 4990 convenit
1047 4922 1198 5003 Ovidius,
1229 4945 1313 4989 nuuc
1344 4946 1470 5010 quoque
1502 4928 1692 4992 narrationis
1724 4927 1886 4994 fabulosae
