5125 6150
1222 862 1343 910 ursus.
1736 831 1741 840 ’
1811 844 1874 909 381

685 1027 762 1090 haec
786 1026 852 1091 sola
875 1026 1021 1111 exempla
1045 1029 1119 1090 sint.
1144 1027 1185 1090 Et
1206 1031 1362 1091 miremur
1381 1034 1527 1092 nostrum
1548 1034 1721 1104 oratorem,
1743 1030 1877 1092 minime

684 1130 896 1197 Demostheni
926 1140 958 1197 et
989 1131 1120 1196 Isocrati
1152 1132 1441 1217 aequiparandum,
1473 1131 1635 1217 copulasse
1659 1136 1688 1196 ἐν
1713 1130 1799 1213 σόλῳ
1823 1136 1875 1196 καὶ

687 1237 809 1316 κινδύνῳ
818 1237 836 1300 ‚7
860 1237 882 1317 1)

732 1438 872 1504 Tandem
897 1440 950 1504 Or.
976 1439 1019 1504 VI
1043 1440 1117 1524 §53
1142 1462 1359 1506 commemoro
1384 1441 1552 1527 pulchram
1576 1440 1691 1505 Blassii
1714 1445 1877 1508 correctio·

687 1567 760 1610 nem
802 1553 885 1609 ποῖον
919 1546 1022 1624 Φόλον,
1058 1554 1141 1611 ποῖον
1175 1554 1333 1625 συγγενῆ,
1369 1556 1452 1613 ποῖον
1487 1550 1663 1622 δημότην
1699 1570 1756 1632 pro
1787 1547 1874 1613 codd.

686 1651 822 1715 lectione
846 1651 1001 1726 δικαστήν.
1027 1650 1110 1718 Oum
1136 1653 1317 1718 emendatio
1342 1653 1427 1738 apud
1450 1653 1700 1719 Herwerdenum
1725 1675 1787 1718 nou
1810 1675 1877 1738 per·

684 1760 803 1841 scripta
823 1760 879 1835 sit,
900 1765 1027 1822 nostros
1046 1759 1191 1823 homines
1214 1781 1285 1824 eam
1304 1759 1436 1824 latuisse
1456 1762 1607 1844 suspicor.
1632 1759 1716 1823 Mihi
1735 1759 1875 1843 quidem,

684 1862 808 1926 collatis
838 1865 1001 1947 imprimis
1034 1862 1102 1927 Orr.
1128 1864 1208 1927 XXI
1232 1866 1249 1948 ᾖ
1271 1864 1302 1942 6,
1336 1864 1461 1929 XXVII
1484 1868 1502 1950 ἓ
1525 1865 1576 1943 12,
1612 1872 1646 1928 ut
1676 1863 1876 1929 Thelheimio

687 1969 816 2033 evidens
841 1968 978 2033 ridetur.

731 2172 784 2236 Or.
806 2171 949 2255 V11§l:
975 2169 1069 2244 οὕτως
1092 2173 1323 2250 ἀπροσδοκήτως
1349 2175 1465 2245 αἰτίαις
1491 2173 1541 2237 καὶ
1566 2181 1700 2251 πονηροῖς
1724 2174 1876 2255 σνκοφοόν-

684 2302 754 2350 ταις
776 2279 1014 2356 περιπέπτωκα,
1036 2275 1118 2355 ὥστ’,
1140 2277 1178 2342 εἴ
1199 2303 1276 2350 πως
1297 2273 1357 2343 old
1365 2303 1380 2342 ν
1400 2303 1459 2358 τε,
1481 2278 1564 2343 δοκεῖ
1579 2303 1631 2356 μοι
1651 2278 1711 2343 δεῖν
1732 2280 1783 2344 καὶ
1805 2281 1872 2350 τοὺς

685 2386 736 2458 μη
768 2384 996 2460 γεγονότας
1029 2383 1083 2457 ἤδη
1115 2383 1241 2449 δεδιέναι
1265 2385 1331 2464 περὶ
1357 2392 1414 2449 τῶν
1436 2386 1612 2462 μελλόντων
1637 2382 1768 2450 έσεσόοιι.
1793 2386 1876 2449 Pace

686 2489 893 2553 Herwerdeni
925 2489 1127 2574 aliorumque
1158 2490 1308 2555 traditam
1333 2498 1494 2576 utcunque
1518 2490 1690 2555 lectionem
1714 2493 1876 2555 tuentium

685 2595 807 2659 dictum
833 2601 916 2671 esto,
941 2616 1011 2659 eam
1036 2596 1118 2659 mibi
1141 2617 1203 2660 non
1228 2597 1323 2661 modo
1349 2597 1526 2682 „frigidum
1550 2596 1723 2661 admodum
1746 2594 1874 2661 iocum''

684 2701 805 2778 videri,
826 2721 905 2785 quae
929 2699 1119 2766 Franckenii
1142 2705 1300 2767 sententia
1323 2709 1390 2766 eret
1414 2701 1463 2781 (O.
1489 2703 1525 2766 L.
1550 2725 1580 2788 p.
1607 2702 1674 2783 53),
1699 2702 1752 2767 sed
1777 2706 1874 2768 etlam

685 2806 838 2870 malesani
870 2810 1007 2871 auctoris
1037 2828 1113 2872 esse.
1146 2805 1208 2886 Qui
1238 2809 1327 2870 noti
1357 2830 1431 2871 non
1452 2815 1558 2885 ιωιιό,
1582 2808 1620 2872 de
1640 2811 1680 2872 iis
1703 2808 1876 2893 praedicari

683 2933 723 2976 ne
754 2932 772 2975 a
803 2912 981 2976 iocantibus
1013 2913 1147 2996 quidem·
1175 2913 1228 2977 vel
1259 2914 1530 2999 exaggerantibus
1559 2913 1734 2999 quidquam
1760 2921 1874 2999 potest.

684 3017 764 3089 Τοὺς
800 3018 893 3095 μηδὲν
928 3021 1021 3082 κακόν
1056 3020 1282 3098 πεποιηκότας,
1316 3020 1399 3105 quod
1430 3018 1571 3087 Oobetus
1602 3021 1781 3106 reponebat,
1812 3041 1875 3086 nou

683 3132 811 3190 tautum
843 3124 920 3189 adeo
951 3146 969 3188 a
997 3123 1113 3189 codicis
1138 3124 1273 3191 lectione
1298 3125 1409 3203 distat,
1435 3132 1472 3190 ut
1496 3127 1666 3191 rescribere
1688 3128 1747 3192 hoc
1770 3130 1875 3213 magis

683 3235 725 3295 sit
745 3251 841 3315 quam
865 3230 1048 3308 emendare,
1070 3231 1125 3295 sed
1148 3233 1194 3295 ita
1217 3234 1424 3317 exaggeratio
1449 3253 1573 3316 quoque
1598 3231 1699 3308 de'e'st,
1724 3254 1804 3316 quae
1825 3254 1875 3297 ex-

683 3341 846 3421 spectatur
877 3342 949 3421 post
973 3335 1001 3399 el
1022 3361 1085 3409 πως
1111 3331 1169 3401 οἷόν
1193 3361 1238 3401 τε.
1265 3337 1336 3402 Νοτι
1360 3338 1445 3403 male
1468 3337 1687 3423 Vollgraffius:
1711 3340 1781 3412 τοὺς
1805 3338 1874 3418 ἄρτι

684 3464 802 3520 γεγον,
837 3440 891 3506 sed
922 3447 955 3504 et
985 3444 1134 3527 argutius
1166 3449 1214 3506 est
1245 3449 1277 3506 et
1307 3445 1445 3526 pressius
1477 3441 1516 3505 ad
1547 3441 1671 3506 litteras
1695 3442 1779 3527 quod
1803 3450 1875 3528 post

684 3547 852 3612 Reiskium
871 3569 938 3611 sero
951 3547 1034 3612 vidi:
1055 3547 1125 3619 τοὺς
1138 3551 1295 3625 μη<πω>
1310 3546 1493 3626 γεγονόταςι
1514 3545 1712 3613 Contulerim
1726 3551 1872 3616 Aeschin.

683 3653 736 3717 Or.
758 3652 772 3715 l
792 3651 899 3736 plat,
921 3654 975 3716 ubi
996 3656 1080 3717 inter
1100 3675 1132 3717 ae
1152 3662 1357 3739 opponuntur
1378 3655 1450 3723 υἱεῖς
1470 3652 1539 3726 τοὺς
1561 3653 1686 3729 μηδέπω
1701 3656 1873 3733 γεγονότας

683 3766 714 3822 et
750 3757 819 3828 τοὺς
856 3757 881 3820 δ’
914 3757 968 3831 ἤδη
1004 3759 1194 3837 γεγονότας,
1232 3760 1270 3824 ad
1307 3761 1486 3824 breviorem
1515 3761 1654 3824 sormam
1685 3764 1785 3823 nostri
1819 3760 1872 3824 Or.

686 3862 791 3927 XXIV
809 3862 871 3947 §tl
892 3862 1011 3927 Andoc.
1033 3863 1085 3927 Or.
1106 3863 1121 3926 I
1140 3861 1206 3948 §b
1223 3863 1299 3929 149.
1321 3865 1488 3930 Praeterea
1507 3887 1581 3930 cum
1594 3864 1732 3951 'l'ayloro
1746 3868 1873 3950 requiro

683 3967 960 4048 ἀπροσδοκήτοις,
993 3968 1077 4053 quod
1108 3990 1241 4053 sequens
1265 3977 1399 4049 πονηροῖς
1423 3971 1636 4051 συκοφάνταις
1661 3977 1787 4034 ἱκνέεται
1811 3992 1873 4035 uon

683 4074 826 4159 flagitat,
860 4095 916 4158 pro
948 4095 1010 4157 quo
1042 4081 1074 4138 et
1103 4077 1172 4159 ipso
1205 4075 1298 4141 valde
1327 4077 1464 4154 arridet,
1498 4082 1534 4140 ut
1556 4075 1751 4140 Franckenio
1774 4075 1871 4153 olim,

683 4182 818 4264 Augurii
843 4188 1005 4259 πονηραῖς
1029 4181 1293 4260 σνκοφοιντόκις.

729 4386 782 4451 Or.
808 4385 868 4450 VII
890 4386 981 4470 §122
1015 4387 1076 4464 ἐγὼ
1108 4386 1215 4465 τοόννν,
1248 4383 1269 4449 ὦ
1300 4386 1417 4464 βουλό,
1451 4388 1482 4449 ε”ν
1511 4386 1568 4462 μέν
1591 4388 1634 4465 τῷ
1658 4386 1733 4457 τέως
1757 4387 1871 4468 χρόνῳ,

684 4489 744 4557 όσοι
775 4516 817 4570 με
849 4491 999 4574 Φόσκοιεν
1031 4492 1122 4557 δεινόν
1155 4489 1231 4557 εἶναι
1264 4491 1316 4555 κα1
1342 4492 1454 4572 οέκριβῆ
1481 4491 1532 4554 καὶ
1559 4491 1640 4555 οὐδέν
1665 4492 1703 4557 ἂν
1728 4493 1794 4571 οἰκῇ
1818 4491 1871 4556 καὶ

685 4647 878 4654 -ο--μ-...η-

714 4724 741 4782 1)
766 4721 867 4769 Prorsus
890 4720 1003 4769 similiter
1025 4719 1167 4777 Aeschines,
1191 4723 1273 4768 orator
1291 4720 1367 4768 mullo
1384 4735 1454 4783 quem
1475 4724 1556 4768 noster
1573 4720 1693 4779 disertior,
1711 4722 1753 4769 Or.
1773 4719 1798 4769 ΙΙ
1816 4724 1871 4783 §88

683 4805 701 4853 i.
715 4805 745 4853 l.:
770 4805 846 4850 τοῦτο
865 4800 888 4849 δ’
907 4799 934 4858 ἦν
950 4800 989 4862 ἄρ’
1008 4802 1137 4863 ἀγχόνη
1154 4807 1211 4850 και
1233 4800 1316 4857 ιιόπη
1333 4800 1430 4860 τοόπιρ,
1450 4801 1489 4851 nbi
1508 4802 1569 4851 mibi
1586 4803 1691 4852 nondum
1709 4806 1758 4852 tam
1775 4819 1873 4869 prorsus

682 4900 754 4949 quem
780 4883 899 4942 Dobraeo‚
916 4884 1006 4933 Cobeto
1023 4886 1104 4945 (Orat.
1122 4886 1207 4947 Ιπανιρ.
1226 4901 1248 4948 p.
1267 4885 1333 4945 141),
1351 4883 1456 4943 Blando,
1478 4884 1618 4934 Leeuweuio
1634 4885 1674 4945 (ad
1691 4885 1797 4936 ΑσΙιανιι.
1815 4888 1872 4949 1211)

685 4967 770 5030 liquet,
790 4964 871 5023 ιλόπη
888 4966 1003 5031 glossema
1020 4965 1113 5015 videri”
1130 4966 1214 5030 (bobr.
1232 4968 1305 5017 Αόοο.
1323 4968 1335 5017 I
1352 4985 1376 5033 p.
1393 4969 1441 5017 825
1454 4989 1478 5010 ι
1493 4969 1558 5029 1130).
