5125 6150
1067 832 1108 878 nu
1131 833 1206 880 rusa
1229 834 1370 883 acuero.
1745 821 1808 886 331

625 999 681 1079 qui
712 994 891 1060 dominium
916 1019 975 1078 pro
992 998 1121 1078 piprrore
1144 998 1256 1076 habet,
1280 1001 1309 1064 is
1331 1023 1394 1065 non
1418 1003 1601 1067 omnimodo
1626 1005 1814 1089 proprietati

624 1100 784 1165 adiectum
816 1103 866 1165 ius
897 1103 1041 1187 pignoris
1070 1102 1185 1168 habere
1215 1106 1448 1171 existimandus
1480 1113 1529 1173 θεῖ
1545 1108 1577 1187 ¹),
1609 1108 1664 1174 sed
1693 1111 1755 1187 ita,
1787 1112 1815 1174 si

623 1208 709 1270 iusta
743 1227 837 1271 causa
871 1207 996 1285 subest,
1032 1229 1089 1273 cur
1122 1212 1334 1276 anterioribus
1370 1212 1578 1279 creditoribus
1607 1216 1812 1299 praeferatur,

624 1314 708 1376 sicut
739 1319 787 1376 θεῖ
818 1314 851 1375 in
882 1334 976 1378 eausa
1006 1312 1132 1394 damni,
1157 1338 1213 1381 nec
1237 1316 1301 1382 alia
1323 1320 1446 1384 ratione
1469 1324 1560 1385 tutus
1584 1326 1647 1399 est,
1672 1323 1756 1386 sicut
1778 1323 1811 1384 in

622 1417 797 1502 redempto.

623 1675 750 1733 divisone,
772 1676 864 1738 iuquit,
888 1676 900 1723 ὁ
926 1674 1048 1733 δικαστὴς
1070 1678 1189 1739 γίγνεται
1213 1681 1272 1741 (rer
1295 1678 1462 1742 πραγμάτων)
1487 1678 1625 1738 δεσπότης,
1641 1681 1680 1730 i‘roe
1698 1680 1729 1739 ric
1747 1679 1813 1744 ἔχων

623 1755 706 1804 αὐτῶν
724 1755 846 1820 ἐξουσίαν,
863 1756 893 1814 ὥς
912 1756 1043 1819 βούλεται,
1061 1759 1240 1822 operaverint).

659 1839 686 1905 l)
710 1841 749 1888 Sic
771 1839 893 1888 existimat
917 1840 1051 1903 Dernburg,
1076 1842 1179 1907 Psandr.
1203 1842 1215 1889 I
1239 1860 1262 1906 p.
1281 1843 1343 1892 491:
1370 1844 1421 1893 -ees
1441 1845 1484 1894 der
1505 1844 1591 1893 fiducia
1608 1879 1679 1893 .....
1698 1847 1814 1896 nearcho

623 1923 675 1979 (der
694 1922 829 1985 cucco)
846 1922 1014 1985 Eipcattttarcr
1031 1924 1081 1972 aad
1099 1923 1302 1988 Psandplriabiqcr
1318 1925 1448 1990 aaqhiclr’'.

1071 2050 1367 2133 (Continaaburrtur).

1044 2694 1087 2741 su
1112 2692 1249 2742 ruuorn.
1273 2695 1320 2741 ru
1344 2675 1397 2742 56.

671 2884 865 2980 Syracusani
901 2890 1148 2957 Atheniensium
1183 2892 1289 2975 copias
1318 2891 1501 2976 aggressuri
1531 2908 1639 2953 secum
1666 2892 1816 2972 reputant
1842 2923 1848 2935 ·

626 3000 721 3064 καλὸν
754 2999 844 3079 σφίσι
876 3000 911 3063 τὸ
943 2997 1111 3077 ἀγώνισμα
1140 2997 1325 3077 persistat,
1358 3016 1450 3074 nam,
1483 2993 1577 3073 hodie
1607 2996 1635 3057 si
1667 2996 1815 3072 vincant,

626 3106 684 3172 ὑπό
708 3131 744 3171 τε
766 3108 825 3171 τῶν
848 3105 952 3170 ἄλλων
977 3104 1134 3181 deteriores
1160 3102 1213 3168 καὶ
1239 3103 1296 3168 ὑπὸ
1321 3109 1380 3167 τῶν
1403 3100 1515 3167 ἔπειτα
1538 3101 1617 3166 πολὺ
1641 3099 1816 3179 θαυμασθή-

625 3213 751 3277 certas:
776 3214 854 3298 fore
883 3218 918 3274 at
947 3218 975 3274 et
1005 3210 1095 3274 ceteri
1125 3210 1256 3273 homines
1290 3217 1318 3273 et
1335 3209 1451 3291 posteri
1473 3230 1648 3291 moprroperr
1669 3229 1701 3271 se
1724 3205 1816 3271 admi-

625 3324 739 3381 rentur.

671 3422 775 3487 Hocee
815 3423 919 3506 igitur
959 3423 1112 3506 temporis
1147 3418 1282 3486 articulo
1317 3419 1510 3505 Syracusani
1543 3420 1577 3485 id
1610 3421 1816 3505 potissimum

626 3533 732 3593 mente
751 3526 891 3592 volvisse
911 3525 1072 3604 dicuntur,
1093 3526 1171 3610 quid
1190 3546 1260 3591 sero
1279 3527 1449 3611 posteritas
1469 3526 1507 3591 de
1525 3528 1566 3591 iis
1579 3523 1816 3592 essetdicturat

627 3635 751 3699 Satisne
781 3630 938 3698 absurde?
968 3631 1010 3697 Iit
1042 3652 1196 3716 quaenam
1229 3633 1306 3697 haec
1329 3636 1378 3696 θεῖ
1401 3633 1560 3717 oppositio
1583 3639 1741 3696 ceterorum
1765 3632 1819 3697 ho

628 3743 755 3805 minum
790 3744 823 3804 et
851 3736 1058 3821 posterorum?
1093 3737 1218 3822 Opponi
1250 3742 1384 3821 possunt
1414 3740 1533 3823 posteri
1561 3738 1735 3824 aequalibus
1765 3735 1818 3802 vel

628 3846 743 3922 storin
775 3845 872 3909 huius
902 3865 978 3909 vero
1003 3846 1163 3908 enuntiati
1184 3844 1318 3908 initium
1341 3843 1499 3909 eiusmodi
1521 3849 1570 3910 est
1593 3854 1631 3908 ut
1654 3842 1731 3919 tort,
1755 3863 1817 3907 non

628 3951 767 4033 temporis
785 3953 966 4034 requiratur
985 3949 1151 4025 indicium,
1173 3969 1235 4033 quo
1255 3970 1273 4013 a
1294 3952 1408 4015 ceteris
1418 3948 1610 4015 mortalibus
1622 3949 1820 4035 distinguen-

629 4064 683 4121 tur
712 4060 816 4119 certae
847 4054 983 4120 alicuius
1014 4055 1103 4119 urbis
1127 4056 1309 4140 regionisve
1333 4054 1465 4121 incolae.
1491 4055 1634 4139 Denique
1658 4054 1734 4139 quid
1757 4054 1819 4118 sibi

629 4160 703 4226 vult
722 4160 801 4225 πολὺ
821 4158 912 4237 illud,
933 4159 1016 4244 quod
1036 4159 1141 4225 veluti
1162 4181 1178 4224 e
1199 4161 1338 4226 nubibus
1362 4166 1411 4225 θεῖ
1433 4157 1644 4247 suspensum?
1668 4159 1819 4225 Mutetur

629 4266 778 4333 ἔπειτα
802 4267 881 4332 πολὺ
905 4268 939 4331 in
961 4265 1132 4331 ἐκεῑέπὶ
1159 4266 1250 4332 πολύ.
1324 4328 1327 4336 ,
1467 4253 1468 4257 ¹

675 4374 708 4436 Si
739 4372 910 4449 vicertrnas,
941 4409 983 4421 -
1015 4373 1060 4436 sic
1090 4393 1199 4438 secum
1230 4371 1441 4459 Syracusani,
1474 4409 1516 4422 —
1548 4370 1577 4436 it
1606 4395 1663 4455 per
1692 4378 1817 4436 ceteram

635 4479 791 4543 Graeciam
821 4486 928 4543 crescet
957 4486 1087 4542 nostrum
1116 4501 1218 4543 nomen
1248 4477 1277 4542 tt
1309 4516 1352 4528 --
1379 4479 1463 4563 quod
1494 4482 1683 4565 praesertim
1713 4483 1821 4546 nostra

628 4585 724 4648 refert
760 4620 802 4632 -
840 4583 961 4662 ἐνθάδε,
996 4585 1031 4648 ira
1066 4585 1132 4666 epea
1167 4584 1291 4660 Sicilia,
1327 4585 1458 4648 tornines
1493 4607 1545 4648 reos
1581 4586 1671 4668 torpe
1702 4586 1820 4671 tuteque

628 4689 802 4771 suspicient.
1625 4691 1655 4757 J.
1679 4710 1711 4756 v.
1735 4689 1773 4756 L.
