<?xml version="1.0" encoding="UTF-8"?>
<!DOCTYPE html PUBLIC "-//W3C//DTD XHTML 1.0 Transitional//EN"
    "http://www.w3.org/TR/xhtml1/DTD/xhtml1-transitional.dtd">
<html xmlns="http://www.w3.org/1999/xhtml" xml:lang="en" lang="en">
 <head>
  <title>
</title>
<meta http-equiv="Content-Type" content="text/html;charset=utf-8" />
  <meta name='ocr-system' content='tesseract 3.04.00' />
  <meta name='ocr-capabilities' content='ocr_page ocr_carea ocr_par ocr_line ocrx_word'/>
</head>
<body>
  <div class='ocr_page' id='page_1' title='image "./mnemosyne04verdgoog_0591.png"; bbox 0 0 5125 6150; ppageno 0'>
   <div class='ocr_carea' id='block_1_1' title="bbox 700 803 1464 897">
    <p class='ocr_par' dir='ltr' id='par_1_1' title="bbox 700 803 1464 897">
     <span class='ocr_line' id='line_1_1' title="bbox 700 803 1464 897; baseline -0.001 -29"><span class='ocrx_word' id='word_1_1' title='bbox 700 892 703 897; x_wconf 22' lang='lat'>¹</span> <span class='ocrx_word' id='word_1_2' title='bbox 802 803 866 868; x_wconf 84' lang='lat'><strong>108</strong></span> <span class='ocrx_word' id='word_1_3' title='bbox 1320 819 1464 868; x_wconf 71' lang='lat' dir='ltr'><strong>nocuos.</strong></span> 
     </span>
    </p>
   </div>
   <div class='ocr_carea' id='block_1_2' title="bbox 790 982 1982 5006">
    <p class='ocr_par' dir='ltr' id='par_1_2' title="bbox 796 982 1982 1710">
     <span class='ocr_line' id='line_1_2' title="bbox 798 982 1979 1071; baseline -0.001 -19"><span class='ocrx_word' id='word_1_4' title='bbox 798 985 896 1052; x_wconf 89' lang='lat' dir='ltr'><strong>simul</strong></span> <span class='ocrx_word' id='word_1_5' title='bbox 930 985 1101 1062; x_wconf 85' lang='lat' dir='ltr'><strong>Othonem,</strong></span> <span class='ocrx_word' id='word_1_6' title='bbox 1134 987 1241 1049; x_wconf 84' lang='lat' dir='ltr'><strong>virum</strong></span> <span class='ocrx_word' id='word_1_7' title='bbox 1271 983 1474 1049; x_wconf 88' lang='lat' dir='ltr'><strong>levissimum</strong></span> <span class='ocrx_word' id='word_1_8' title='bbox 1506 982 1788 1071; x_wconf 77' lang='lat' dir='ltr'><strong>voluptatibusque</strong></span> <span class='ocrx_word' id='word_1_9' title='bbox 1819 985 1979 1064; x_wconf 90' lang='lat' dir='ltr'><strong>deditum,</strong></span> 
     </span>
     <span class='ocr_line' id='line_1_3' title="bbox 797 1090 1981 1178; baseline -0.003 -20"><span class='ocrx_word' id='word_1_10' title='bbox 797 1092 874 1158; x_wconf 89' lang='lat' dir='ltr'><strong>adeo</strong></span> <span class='ocrx_word' id='word_1_11' title='bbox 905 1097 1115 1157; x_wconf 91' lang='lat' dir='ltr'><strong>contemnunt</strong></span> <span class='ocrx_word' id='word_1_12' title='bbox 1146 1097 1182 1154; x_wconf 92' lang='lat' dir='ltr'><strong>ut</strong></span> <span class='ocrx_word' id='word_1_13' title='bbox 1213 1090 1250 1155; x_wconf 94' lang='lat' dir='ltr'><strong>de</strong></span> <span class='ocrx_word' id='word_1_14' title='bbox 1274 1112 1310 1156; x_wconf 93' lang='lat' dir='ltr'><strong>eo</strong></span> <span class='ocrx_word' id='word_1_15' title='bbox 1334 1096 1500 1175; x_wconf 80' lang='lat' dir='ltr'><strong>tamquam</strong></span> <span class='ocrx_word' id='word_1_16' title='bbox 1523 1090 1561 1155; x_wconf 93' lang='lat' dir='ltr'><strong>de</strong></span> <span class='ocrx_word' id='word_1_17' title='bbox 1584 1113 1651 1154; x_wconf 82' lang='lat' dir='ltr'><strong>cero</strong></span> <span class='ocrx_word' id='word_1_18' title='bbox 1675 1094 1868 1178; x_wconf 91' lang='lat' dir='ltr'><strong>imperatore</strong></span> <span class='ocrx_word' id='word_1_19' title='bbox 1891 1090 1981 1178; x_wconf 92' lang='lat' dir='ltr'><strong>loqui</strong></span> 
     </span>
     <span class='ocr_line' id='line_1_4' title="bbox 796 1196 1982 1285; baseline -0.002 -20"><span class='ocrx_word' id='word_1_20' title='bbox 796 1222 859 1265; x_wconf 92' lang='lat' dir='ltr'><strong>non</strong></span> <span class='ocrx_word' id='word_1_21' title='bbox 890 1201 1021 1285; x_wconf 84' lang='lat' dir='ltr'><strong>possint.</strong></span> <span class='ocrx_word' id='word_1_22' title='bbox 1053 1197 1215 1282; x_wconf 85' lang='lat' dir='ltr'><strong>Quidquid</strong></span> <span class='ocrx_word' id='word_1_23' title='bbox 1246 1197 1283 1262; x_wconf 93' lang='lat' dir='ltr'><strong>de</strong></span> <span class='ocrx_word' id='word_1_24' title='bbox 1315 1219 1350 1262; x_wconf 93' lang='lat' dir='ltr'><strong>eo</strong></span> <span class='ocrx_word' id='word_1_25' title='bbox 1381 1197 1491 1262; x_wconf 92' lang='lat' dir='ltr'><strong>dicunt</strong></span> <span class='ocrx_word' id='word_1_26' title='bbox 1514 1196 1646 1281; x_wconf 88' lang='lat' dir='ltr'><strong>plenum</strong></span> <span class='ocrx_word' id='word_1_27' title='bbox 1670 1219 1737 1263; x_wconf 89' lang='lat' dir='ltr'><strong>esse</strong></span> <span class='ocrx_word' id='word_1_28' title='bbox 1760 1197 1853 1263; x_wconf 91' lang='lat' dir='ltr'><strong>debet</strong></span> <span class='ocrx_word' id='word_1_29' title='bbox 1875 1205 1982 1264; x_wconf 88' lang='lat' dir='ltr'><strong>contu·</strong></span> 
     </span>
     <span class='ocr_line' id='line_1_5' title="bbox 797 1302 1980 1391; baseline -0.001 -20"><span class='ocrx_word' id='word_1_30' title='bbox 797 1304 927 1383; x_wconf 91' lang='lat' dir='ltr'><strong>mcliae;</strong></span> <span class='ocrx_word' id='word_1_31' title='bbox 960 1326 1052 1391; x_wconf 86' lang='lat' dir='ltr'><strong>ergo,</strong></span> <span class='ocrx_word' id='word_1_32' title='bbox 1077 1326 1151 1369; x_wconf 93' lang='lat' dir='ltr'><strong>cum</strong></span> <span class='ocrx_word' id='word_1_33' title='bbox 1176 1303 1352 1369; x_wconf 89' lang='lat' dir='ltr'><strong>secundum</strong></span> <span class='ocrx_word' id='word_1_34' title='bbox 1376 1306 1453 1368; x_wconf 90' lang='lat' dir='ltr'><strong>artis</strong></span> <span class='ocrx_word' id='word_1_35' title='bbox 1475 1302 1598 1391; x_wconf 82' lang='lat' dir='ltr'><strong>logicae</strong></span> <span class='ocrx_word' id='word_1_36' title='bbox 1621 1310 1788 1391; x_wconf 88' lang='lat' dir='ltr'><strong>praecepta</strong></span> <span class='ocrx_word' id='word_1_37' title='bbox 1810 1305 1980 1371; x_wconf 90' lang='lat' dir='ltr'><strong>dicendum</strong></span> 
     </span>
     <span class='ocr_line' id='line_1_6' title="bbox 797 1408 1978 1496; baseline 0.002 -19"><span class='ocrx_word' id='word_1_38' title='bbox 797 1419 895 1478; x_wconf 87' lang='lat' dir='ltr'><strong>esset:</strong></span> <span class='ocrx_word' id='word_1_39' title='bbox 930 1411 1028 1487; x_wconf 91' lang='lat' dir='ltr'><strong>„dum</strong></span> <span class='ocrx_word' id='word_1_40' title='bbox 1059 1433 1115 1476; x_wconf 91' lang='lat' dir='ltr'><strong>nos</strong></span> <span class='ocrx_word' id='word_1_41' title='bbox 1144 1417 1272 1496; x_wconf 88' lang='lat' dir='ltr'><strong>tempus</strong></span> <span class='ocrx_word' id='word_1_42' title='bbox 1296 1412 1430 1474; x_wconf 85' lang='lat' dir='ltr'><strong>terimus</strong></span> <span class='ocrx_word' id='word_1_43' title='bbox 1454 1408 1537 1475; x_wconf 90' lang='lat' dir='ltr'><strong>Otho</strong></span> <span class='ocrx_word' id='word_1_44' title='bbox 1560 1411 1708 1494; x_wconf 78' lang='lat' dir='ltr'><strong>imperare</strong></span> <span class='ocrx_word' id='word_1_45' title='bbox 1732 1411 1844 1478; x_wconf 89' lang='lat' dir='ltr'><strong>discit&#39;&#39;</strong></span> <span class='ocrx_word' id='word_1_46' title='bbox 1870 1415 1916 1479; x_wconf 86' lang='lat' dir='ltr'><strong>sic</strong></span> <span class='ocrx_word' id='word_1_47' title='bbox 1938 1413 1978 1479; x_wconf 85' lang='lat' dir='ltr'><strong>lo</strong></span> 
     </span>
     <span class='ocr_line' id='line_1_7' title="bbox 797 1515 1980 1604; baseline 0.002 -22"><span class='ocrx_word' id='word_1_48' title='bbox 797 1525 956 1604; x_wconf 87' lang='lat' dir='ltr'><strong>quuntur:</strong></span> <span class='ocrx_word' id='word_1_49' title='bbox 995 1517 1093 1594; x_wconf 90' lang='lat' dir='ltr'><strong>„dum</strong></span> <span class='ocrx_word' id='word_1_50' title='bbox 1126 1539 1183 1582; x_wconf 91' lang='lat' dir='ltr'><strong>nos</strong></span> <span class='ocrx_word' id='word_1_51' title='bbox 1215 1521 1343 1602; x_wconf 88' lang='lat' dir='ltr'><strong>tempus</strong></span> <span class='ocrx_word' id='word_1_52' title='bbox 1374 1519 1525 1595; x_wconf 90' lang='lat' dir='ltr'><strong>terimus,</strong></span> <span class='ocrx_word' id='word_1_53' title='bbox 1557 1515 1640 1583; x_wconf 88' lang='lat' dir='ltr'><strong>Otho</strong></span> <span class='ocrx_word' id='word_1_54' title='bbox 1671 1517 1789 1582; x_wconf 66' lang='lat' dir='ltr'><strong>imitati</strong></span> <span class='ocrx_word' id='word_1_55' title='bbox 1812 1520 1980 1603; x_wconf 64' lang='lat' dir='ltr'><strong>priempere</strong></span> 
     </span>
     <span class='ocr_line' id='line_1_8' title="bbox 797 1622 1412 1710; baseline -0.003 -20"><span class='ocrx_word' id='word_1_56' title='bbox 797 1624 911 1690; x_wconf 89' lang='lat' dir='ltr'><strong>discit&#39;’</strong></span> <span class='ocrx_word' id='word_1_57' title='bbox 935 1623 1039 1710; x_wconf 86' lang='lat' dir='ltr'><strong>(Belg.</strong></span> <span class='ocrx_word' id='word_1_58' title='bbox 1067 1622 1236 1710; x_wconf 85' lang='lat' dir='ltr'><strong>„keizertje</strong></span> <span class='ocrx_word' id='word_1_59' title='bbox 1259 1623 1412 1710; x_wconf 88' lang='lat' dir='ltr'><strong>spelen&#39;&#39;).</strong></span> 
     </span>
    </p>

    <p class='ocr_par' dir='ltr' id='par_1_3' title="bbox 794 1729 1980 2434">
     <span class='ocr_line' id='line_1_9' title="bbox 841 1729 1979 1817; baseline 0.002 -22"><span class='ocrx_word' id='word_1_60' title='bbox 841 1731 979 1814; x_wconf 77' lang='lat' dir='ltr'><strong>Suspicor</strong></span> <span class='ocrx_word' id='word_1_61' title='bbox 1008 1736 1118 1796; x_wconf 91' lang='lat' dir='ltr'><strong>autem</strong></span> <span class='ocrx_word' id='word_1_62' title='bbox 1141 1729 1251 1795; x_wconf 92' lang='lat' dir='ltr'><strong>eodem</strong></span> <span class='ocrx_word' id='word_1_63' title='bbox 1274 1729 1369 1795; x_wconf 92' lang='lat' dir='ltr'><strong>modo</strong></span> <span class='ocrx_word' id='word_1_64' title='bbox 1394 1729 1575 1815; x_wconf 91' lang='lat' dir='ltr'><strong>accipienda</strong></span> <span class='ocrx_word' id='word_1_65' title='bbox 1598 1751 1665 1795; x_wconf 91' lang='lat' dir='ltr'><strong>esse</strong></span> <span class='ocrx_word' id='word_1_66' title='bbox 1689 1732 1786 1796; x_wconf 83' lang='lat' dir='ltr'><strong>verba</strong></span> <span class='ocrx_word' id='word_1_67' title='bbox 1808 1731 1979 1817; x_wconf 81' lang='lat' dir='ltr'><strong>quaedam,</strong></span> 
     </span>
     <span class='ocr_line' id='line_1_10' title="bbox 797 1836 1979 1925; baseline 0 -22"><span class='ocrx_word' id='word_1_68' title='bbox 797 1859 877 1925; x_wconf 87' lang='lat' dir='ltr'><strong>quae</strong></span> <span class='ocrx_word' id='word_1_69' title='bbox 911 1840 992 1902; x_wconf 84' lang='lat' dir='ltr'><strong>Anu.</strong></span> <span class='ocrx_word' id='word_1_70' title='bbox 1024 1837 1095 1915; x_wconf 80' lang='lat'><strong>1,4</strong></span> <span class='ocrx_word' id='word_1_71' title='bbox 1126 1836 1297 1924; x_wconf 89' lang='lat' dir='ltr'><strong>leguntur;</strong></span> <span class='ocrx_word' id='word_1_72' title='bbox 1331 1842 1415 1901; x_wconf 86' lang='lat' dir='ltr'><strong>certe</strong></span> <span class='ocrx_word' id='word_1_73' title='bbox 1446 1839 1491 1900; x_wconf 91' lang='lat' dir='ltr'><strong>sic</strong></span> <span class='ocrx_word' id='word_1_74' title='bbox 1522 1836 1652 1901; x_wconf 91' lang='lat' dir='ltr'><strong>demum</strong></span> <span class='ocrx_word' id='word_1_75' title='bbox 1684 1858 1758 1902; x_wconf 91' lang='lat' dir='ltr'><strong>oum</strong></span> <span class='ocrx_word' id='word_1_76' title='bbox 1789 1841 1979 1923; x_wconf 79' lang='lat' dir='ltr'><strong>accipimus,</strong></span> 
     </span>
     <span class='ocr_line' id='line_1_11' title="bbox 796 1942 1979 2031; baseline -0.003 -20"><span class='ocrx_word' id='word_1_77' title='bbox 796 1949 917 2012; x_wconf 87' lang='lat' dir='ltr'><strong>servari</strong></span> <span class='ocrx_word' id='word_1_78' title='bbox 940 1950 1044 2031; x_wconf 85' lang='lat' dir='ltr'><strong>potest</strong></span> <span class='ocrx_word' id='word_1_79' title='bbox 1063 1945 1157 2010; x_wconf 90' lang='lat' dir='ltr'><strong>lectio</strong></span> <span class='ocrx_word' id='word_1_80' title='bbox 1182 1944 1315 2020; x_wconf 87' lang='lat' dir='ltr'><strong>tradita,</strong></span> <span class='ocrx_word' id='word_1_81' title='bbox 1341 1942 1460 2029; x_wconf 90' lang='lat' dir='ltr'><strong>alioqui</strong></span> <span class='ocrx_word' id='word_1_82' title='bbox 1483 1944 1675 2009; x_wconf 88' lang='lat' dir='ltr'><strong>mutandum</strong></span> <span class='ocrx_word' id='word_1_83' title='bbox 1699 1949 1747 2009; x_wconf 88' lang='lat' dir='ltr'><strong>est</strong></span> <span class='ocrx_word' id='word_1_84' title='bbox 1769 1943 1902 2030; x_wconf 90' lang='lat' dir='ltr'><strong>aliquid.</strong></span> <span class='ocrx_word' id='word_1_85' title='bbox 1933 1944 1979 2010; x_wconf 88' lang='lat' dir='ltr'><strong>Ad</strong></span> 
     </span>
     <span class='ocr_line' id='line_1_12' title="bbox 795 2049 1978 2138; baseline 0 -22"><span class='ocrx_word' id='word_1_86' title='bbox 795 2053 968 2138; x_wconf 91' lang='lat' dir='ltr'><strong>imperium</strong></span> <span class='ocrx_word' id='word_1_87' title='bbox 1003 2072 1077 2116; x_wconf 91' lang='lat' dir='ltr'><strong>cum</strong></span> <span class='ocrx_word' id='word_1_88' title='bbox 1111 2053 1251 2116; x_wconf 83' lang='lat' dir='ltr'><strong>venisset</strong></span> <span class='ocrx_word' id='word_1_89' title='bbox 1286 2049 1449 2127; x_wconf 79' lang='lat' dir='ltr'><strong>Tiberius,</strong></span> <span class='ocrx_word' id='word_1_90' title='bbox 1484 2053 1591 2115; x_wconf 76' lang='lat' dir='ltr'><strong>varim</strong></span> <span class='ocrx_word' id='word_1_91' title='bbox 1627 2057 1694 2116; x_wconf 87' lang='lat' dir='ltr'><strong>erat</strong></span> <span class='ocrx_word' id='word_1_92' title='bbox 1725 2050 1763 2116; x_wconf 93' lang='lat' dir='ltr'><strong>de</strong></span> <span class='ocrx_word' id='word_1_93' title='bbox 1794 2073 1830 2117; x_wconf 91' lang='lat' dir='ltr'><strong>eo</strong></span> <span class='ocrx_word' id='word_1_94' title='bbox 1861 2073 1978 2117; x_wconf 88' lang='lat' dir='ltr'><strong>rumor.</strong></span> 
     </span>
     <span class='ocr_line' id='line_1_13' title="bbox 795 2155 1980 2242; baseline 0 -21"><span class='ocrx_word' id='word_1_95' title='bbox 795 2156 958 2222; x_wconf 79' lang='lat' dir='ltr'><strong>Virtutem</strong></span> <span class='ocrx_word' id='word_1_96' title='bbox 977 2155 1125 2221; x_wconf 91' lang='lat' dir='ltr'><strong>bellicam</strong></span> <span class='ocrx_word' id='word_1_97' title='bbox 1144 2177 1237 2221; x_wconf 94' lang='lat' dir='ltr'><strong>nemo</strong></span> <span class='ocrx_word' id='word_1_98' title='bbox 1256 2159 1286 2221; x_wconf 90' lang='lat' dir='ltr'><strong>ei</strong></span> <span class='ocrx_word' id='word_1_99' title='bbox 1306 2156 1499 2242; x_wconf 81' lang='lat' dir='ltr'><strong>denegabat,</strong></span> <span class='ocrx_word' id='word_1_100' title='bbox 1521 2156 1576 2220; x_wconf 88' lang='lat' dir='ltr'><strong>sed</strong></span> <span class='ocrx_word' id='word_1_101' title='bbox 1595 2157 1776 2242; x_wconf 78' lang='lat' dir='ltr'><strong>superbiam</strong></span> <span class='ocrx_word' id='word_1_102' title='bbox 1796 2159 1826 2222; x_wconf 89' lang='lat' dir='ltr'><strong>ei</strong></span> <span class='ocrx_word' id='word_1_103' title='bbox 1838 2159 1980 2223; x_wconf 89' lang='lat' dir='ltr'><strong>innatam</strong></span> 
     </span>
     <span class='ocr_line' id='line_1_14' title="bbox 794 2261 1980 2348; baseline 0 -20"><span class='ocrx_word' id='word_1_104' title='bbox 794 2266 1024 2348; x_wconf 81' lang='lat' dir='ltr'><strong>saevitiamque</strong></span> <span class='ocrx_word' id='word_1_105' title='bbox 1047 2265 1113 2327; x_wconf 92' lang='lat' dir='ltr'><strong>iam</strong></span> <span class='ocrx_word' id='word_1_106' title='bbox 1136 2267 1357 2348; x_wconf 86' lang='lat' dir='ltr'><strong>erumpentem</strong></span> <span class='ocrx_word' id='word_1_107' title='bbox 1381 2262 1477 2326; x_wconf 93' lang='lat' dir='ltr'><strong>multi</strong></span> <span class='ocrx_word' id='word_1_108' title='bbox 1502 2263 1695 2328; x_wconf 88' lang='lat' dir='ltr'><strong>metuebant.</strong></span> <span class='ocrx_word' id='word_1_109' title='bbox 1720 2261 1762 2327; x_wconf 90' lang='lat' dir='ltr'><strong>Ut</strong></span> <span class='ocrx_word' id='word_1_110' title='bbox 1787 2261 1890 2328; x_wconf 79' lang='lat' dir='ltr'><strong>Taciti</strong></span> <span class='ocrx_word' id='word_1_111' title='bbox 1909 2269 1980 2328; x_wconf 91' lang='lat' dir='ltr'><strong>utar</strong></span> 
     </span>
     <span class='ocr_line' id='line_1_15' title="bbox 796 2370 920 2434; baseline 0 0"><span class='ocrx_word' id='word_1_112' title='bbox 796 2370 920 2434; x_wconf 81' lang='lat' dir='ltr'><strong>verbis:</strong></span> 
     </span>
    </p>

    <p class='ocr_par' dir='ltr' id='par_1_4' title="bbox 794 2474 1980 2860">
     <span class='ocr_line' id='line_1_16' title="bbox 840 2474 1979 2560; baseline 0 -21"><span class='ocrx_word' id='word_1_113' title='bbox 840 2475 937 2540; x_wconf 88' lang='lat' dir='ltr'><strong>Hunc</strong></span> <span class='ocrx_word' id='word_1_114' title='bbox 971 2482 1003 2540; x_wconf 92' lang='lat' dir='ltr'><strong>et</strong></span> <span class='ocrx_word' id='word_1_115' title='bbox 1037 2477 1141 2560; x_wconf 88' lang='lat' dir='ltr'><strong>prima</strong></span> <span class='ocrx_word' id='word_1_116' title='bbox 1175 2475 1212 2539; x_wconf 92' lang='lat' dir='ltr'><strong>ab</strong></span> <span class='ocrx_word' id='word_1_117' title='bbox 1242 2474 1378 2539; x_wconf 85' lang='lat' dir='ltr'><strong>infantia</strong></span> <span class='ocrx_word' id='word_1_118' title='bbox 1408 2474 1560 2539; x_wconf 92' lang='lat' dir='ltr'><strong>eductum</strong></span> <span class='ocrx_word' id='word_1_119' title='bbox 1591 2476 1625 2538; x_wconf 91' lang='lat' dir='ltr'><strong>in</strong></span> <span class='ocrx_word' id='word_1_120' title='bbox 1656 2474 1751 2539; x_wconf 93' lang='lat' dir='ltr'><strong>domo</strong></span> <span class='ocrx_word' id='word_1_121' title='bbox 1781 2476 1979 2560; x_wconf 89' lang='lat' dir='ltr'><strong>regnatrice,</strong></span> 
     </span>
     <span class='ocr_line' id='line_1_17' title="bbox 795 2579 1980 2668; baseline -0.002 -21"><span class='ocrx_word' id='word_1_122' title='bbox 795 2587 962 2668; x_wconf 90' lang='lat' dir='ltr'><strong>congestos</strong></span> <span class='ocrx_word' id='word_1_123' title='bbox 991 2584 1101 2646; x_wconf 86' lang='lat' dir='ltr'><strong>iuveni</strong></span> <span class='ocrx_word' id='word_1_124' title='bbox 1131 2579 1331 2658; x_wconf 88' lang='lat' dir='ltr'><strong>consulatus,</strong></span> <span class='ocrx_word' id='word_1_125' title='bbox 1363 2581 1560 2665; x_wconf 90' lang='lat' dir='ltr'><strong>triumphos:</strong></span> <span class='ocrx_word' id='word_1_126' title='bbox 1591 2582 1694 2645; x_wconf 91' lang='lat' dir='ltr'><strong>neiis</strong></span> <span class='ocrx_word' id='word_1_127' title='bbox 1718 2580 1980 2667; x_wconf 88' lang='lat' dir='ltr'><strong>quidemannis,</strong></span> 
     </span>
     <span class='ocr_line' id='line_1_18' title="bbox 795 2685 1980 2775; baseline -0.002 -22"><span class='ocrx_word' id='word_1_128' title='bbox 795 2690 910 2775; x_wconf 88' lang='lat' dir='ltr'><strong>quibus</strong></span> <span class='ocrx_word' id='word_1_129' title='bbox 940 2688 1046 2753; x_wconf 86' lang='lat' dir='ltr'><strong>Rhodi</strong></span> <span class='ocrx_word' id='word_1_130' title='bbox 1076 2691 1179 2774; x_wconf 84' lang='lat' dir='ltr'><strong>specie</strong></span> <span class='ocrx_word' id='word_1_131' title='bbox 1210 2708 1350 2753; x_wconf 88' lang='lat' dir='ltr'><strong>secessus</strong></span> <span class='ocrx_word' id='word_1_132' title='bbox 1373 2688 1499 2753; x_wconf 84' lang='lat' dir='ltr'><strong>exulem</strong></span> <span class='ocrx_word' id='word_1_133' title='bbox 1524 2690 1642 2773; x_wconf 91' lang='lat' dir='ltr'><strong>egerit,</strong></span> <span class='ocrx_word' id='word_1_134' title='bbox 1667 2685 1755 2753; x_wconf 93' lang='lat' dir='ltr'><strong>aliud</strong></span> <span class='ocrx_word' id='word_1_135' title='bbox 1778 2708 1874 2772; x_wconf 92' lang='lat' dir='ltr'><strong>quam</strong></span> <span class='ocrx_word' id='word_1_136' title='bbox 1898 2689 1980 2752; x_wconf 87' lang='lat' dir='ltr'><strong>iram</strong></span> 
     </span>
     <span class='ocr_line' id='line_1_19' title="bbox 794 2793 1696 2860; baseline -0.002 0"><span class='ocrx_word' id='word_1_137' title='bbox 794 2801 827 2860; x_wconf 88' lang='lat' dir='ltr'><strong>et</strong></span> <span class='ocrx_word' id='word_1_138' title='bbox 849 2794 1087 2860; x_wconf 89' lang='lat' dir='ltr'><strong>simulationem</strong></span> <span class='ocrx_word' id='word_1_139' title='bbox 1110 2802 1142 2859; x_wconf 88' lang='lat' dir='ltr'><strong>et</strong></span> <span class='ocrx_word' id='word_1_140' title='bbox 1165 2801 1300 2859; x_wconf 89' lang='lat' dir='ltr'><strong>secretas</strong></span> <span class='ocrx_word' id='word_1_141' title='bbox 1322 2793 1470 2858; x_wconf 91' lang='lat' dir='ltr'><strong>libidines</strong></span> <span class='ocrx_word' id='word_1_142' title='bbox 1494 2794 1696 2858; x_wconf 90' lang='lat' dir='ltr'><strong>meditatum.</strong></span> 
     </span>
    </p>

    <p class='ocr_par' dir='ltr' id='par_1_5' title="bbox 790 2899 1981 4157">
     <span class='ocr_line' id='line_1_20' title="bbox 839 2899 1981 2985; baseline -0.002 -20"><span class='ocrx_word' id='word_1_143' title='bbox 839 2902 902 2967; x_wconf 90' lang='lat' dir='ltr'><strong>Pro</strong></span> <span class='ocrx_word' id='word_1_144' title='bbox 926 2902 1037 2965; x_wconf 76' lang='lat' dir='ltr'><strong>enatem</strong></span> <span class='ocrx_word' id='word_1_145' title='bbox 1060 2903 1207 2967; x_wconf 84' lang='lat' dir='ltr'><strong>certat-im</strong></span> <span class='ocrx_word' id='word_1_146' title='bbox 1230 2922 1339 2966; x_wconf 92' lang='lat' dir='ltr'><strong>omnes</strong></span> <span class='ocrx_word' id='word_1_147' title='bbox 1363 2901 1498 2964; x_wconf 87' lang='lat' dir='ltr'><strong>editores</strong></span> <span class='ocrx_word' id='word_1_148' title='bbox 1521 2903 1554 2965; x_wconf 92' lang='lat' dir='ltr'><strong>in</strong></span> <span class='ocrx_word' id='word_1_149' title='bbox 1578 2907 1703 2965; x_wconf 86' lang='lat' dir='ltr'><strong>textum</strong></span> <span class='ocrx_word' id='word_1_150' title='bbox 1726 2902 1885 2985; x_wconf 87' lang='lat' dir='ltr'><strong>recipiunt</strong></span> <span class='ocrx_word' id='word_1_151' title='bbox 1909 2899 1981 2964; x_wconf 88' lang='lat' dir='ltr'><strong>Mu·</strong></span> 
     </span>
     <span class='ocr_line' id='line_1_21' title="bbox 794 3004 1979 3094; baseline -0.003 -21"><span class='ocrx_word' id='word_1_152' title='bbox 794 3011 855 3073; x_wconf 88' lang='lat' dir='ltr'><strong>reti</strong></span> <span class='ocrx_word' id='word_1_153' title='bbox 886 3011 1100 3073; x_wconf 90' lang='lat' dir='ltr'><strong>coniecturam</strong></span> <span class='ocrx_word' id='word_1_154' title='bbox 1131 3007 1210 3071; x_wconf 76' lang='lat' dir='ltr'><strong>eccl.</strong></span> <span class='ocrx_word' id='word_1_155' title='bbox 1239 3009 1282 3071; x_wconf 82' lang='lat' dir='ltr'><strong>At</strong></span> <span class='ocrx_word' id='word_1_156' title='bbox 1305 3028 1364 3094; x_wconf 90' lang='lat' dir='ltr'><strong>ego</strong></span> <span class='ocrx_word' id='word_1_157' title='bbox 1389 3007 1501 3070; x_wconf 77' lang='lat' dir='ltr'><strong>caulem</strong></span> <span class='ocrx_word' id='word_1_158' title='bbox 1524 3028 1598 3072; x_wconf 92' lang='lat' dir='ltr'><strong>cum</strong></span> <span class='ocrx_word' id='word_1_159' title='bbox 1621 3006 1709 3094; x_wconf 90' lang='lat' dir='ltr'><strong>lego,</strong></span> <span class='ocrx_word' id='word_1_160' title='bbox 1734 3005 1839 3071; x_wconf 90' lang='lat' dir='ltr'><strong>multo</strong></span> <span class='ocrx_word' id='word_1_161' title='bbox 1862 3004 1979 3071; x_wconf 87' lang='lat' dir='ltr'><strong>clarius</strong></span> 
     </span>
     <span class='ocr_line' id='line_1_22' title="bbox 794 3113 1979 3181; baseline -0.003 0"><span class='ocrx_word' id='word_1_162' title='bbox 794 3116 888 3181; x_wconf 90' lang='lat' dir='ltr'><strong>audio</strong></span> <span class='ocrx_word' id='word_1_163' title='bbox 918 3118 1065 3180; x_wconf 86' lang='lat' dir='ltr'><strong>inimicos</strong></span> <span class='ocrx_word' id='word_1_164' title='bbox 1096 3115 1215 3180; x_wconf 77' lang='lat' dir='ltr'><strong>&#39;liberii</strong></span> <span class='ocrx_word' id='word_1_165' title='bbox 1245 3115 1283 3180; x_wconf 94' lang='lat' dir='ltr'><strong>de</strong></span> <span class='ocrx_word' id='word_1_166' title='bbox 1307 3116 1449 3179; x_wconf 86' lang='lat' dir='ltr'><strong>moribus</strong></span> <span class='ocrx_word' id='word_1_167' title='bbox 1473 3117 1541 3180; x_wconf 92' lang='lat' dir='ltr'><strong>eius</strong></span> <span class='ocrx_word' id='word_1_168' title='bbox 1565 3136 1638 3179; x_wconf 91' lang='lat' dir='ltr'><strong>oum</strong></span> <span class='ocrx_word' id='word_1_169' title='bbox 1661 3136 1788 3180; x_wconf 89' lang='lat' dir='ltr'><strong>summo</strong></span> <span class='ocrx_word' id='word_1_170' title='bbox 1812 3113 1884 3178; x_wconf 92' lang='lat' dir='ltr'><strong>odio</strong></span> <span class='ocrx_word' id='word_1_171' title='bbox 1908 3135 1979 3179; x_wconf 92' lang='lat' dir='ltr'><strong>con·</strong></span> 
     </span>
     <span class='ocr_line' id='line_1_23' title="bbox 790 3219 1976 3306; baseline -0.003 -20"><span class='ocrx_word' id='word_1_172' title='bbox 790 3228 980 3306; x_wconf 90' lang='lat' dir='ltr'><strong>temptuque</strong></span> <span class='ocrx_word' id='word_1_173' title='bbox 1003 3219 1178 3306; x_wconf 90' lang='lat' dir='ltr'><strong>loquentes.</strong></span> <span class='ocrx_word' id='word_1_174' title='bbox 1202 3220 1260 3285; x_wconf 79' lang='lat' dir='ltr'><strong>Est</strong></span> <span class='ocrx_word' id='word_1_175' title='bbox 1282 3220 1470 3298; x_wconf 73' lang='grc' dir='ltr'><strong><em>λογικωτέρα</em></strong></span> <span class='ocrx_word' id='word_1_176' title='bbox 1495 3221 1617 3285; x_wconf 87' lang='lat' dir='ltr'><strong>Mureti</strong></span> <span class='ocrx_word' id='word_1_177' title='bbox 1639 3220 1750 3298; x_wconf 89' lang='lat' dir='ltr'><strong>lectio,</strong></span> <span class='ocrx_word' id='word_1_178' title='bbox 1771 3219 1858 3284; x_wconf 90' lang='lat' dir='ltr'><strong>hand</strong></span> <span class='ocrx_word' id='word_1_179' title='bbox 1877 3239 1976 3306; x_wconf 88' lang='lat' dir='ltr'><strong>nego:</strong></span> 
     </span>
     <span class='ocr_line' id='line_1_24' title="bbox 790 3325 1978 3413; baseline -0.003 -21"><span class='ocrx_word' id='word_1_180' title='bbox 790 3331 893 3413; x_wconf 88' lang='lat' dir='ltr'><strong>specie</strong></span> <span class='ocrx_word' id='word_1_181' title='bbox 916 3349 1055 3392; x_wconf 89' lang='lat' dir='ltr'><strong>secessus</strong></span> <span class='ocrx_word' id='word_1_182' title='bbox 1080 3327 1225 3392; x_wconf 82' lang='lat' dir='ltr'><strong>Tiberius</strong></span> <span class='ocrx_word' id='word_1_183' title='bbox 1249 3326 1325 3391; x_wconf 83' lang='lat' dir='ltr'><strong>exul</strong></span> <span class='ocrx_word' id='word_1_184' title='bbox 1344 3329 1428 3413; x_wconf 89' lang='lat' dir='ltr'><strong>egit,</strong></span> <span class='ocrx_word' id='word_1_185' title='bbox 1449 3326 1617 3391; x_wconf 84' lang='lat' dir='ltr'><strong>simulavit</strong></span> <span class='ocrx_word' id='word_1_186' title='bbox 1636 3347 1693 3391; x_wconf 90' lang='lat' dir='ltr'><strong>sua</strong></span> <span class='ocrx_word' id='word_1_187' title='bbox 1713 3333 1823 3410; x_wconf 91' lang='lat' dir='ltr'><strong>sponte</strong></span> <span class='ocrx_word' id='word_1_188' title='bbox 1843 3347 1875 3390; x_wconf 89' lang='lat' dir='ltr'><strong>se</strong></span> <span class='ocrx_word' id='word_1_189' title='bbox 1897 3325 1978 3390; x_wconf 79' lang='lat' dir='ltr'><strong>Rho</strong></span> 
     </span>
     <span class='ocr_line' id='line_1_25' title="bbox 793 3430 1978 3510; baseline -0.003 -11"><span class='ocrx_word' id='word_1_190' title='bbox 793 3435 870 3499; x_wconf 91' lang='lat' dir='ltr'><strong>dum</strong></span> <span class='ocrx_word' id='word_1_191' title='bbox 904 3438 1083 3510; x_wconf 88' lang='lat' dir='ltr'><strong>secessisse,</strong></span> <span class='ocrx_word' id='word_1_192' title='bbox 1119 3456 1229 3499; x_wconf 86' lang='lat' dir='ltr'><strong>revera</strong></span> <span class='ocrx_word' id='word_1_193' title='bbox 1263 3436 1298 3497; x_wconf 90' lang='lat' dir='ltr'><strong>in</strong></span> <span class='ocrx_word' id='word_1_194' title='bbox 1333 3433 1428 3497; x_wconf 85' lang='lat' dir='ltr'><strong>exilio</strong></span> <span class='ocrx_word' id='word_1_195' title='bbox 1464 3433 1509 3497; x_wconf 90' lang='lat' dir='ltr'><strong>ibi</strong></span> <span class='ocrx_word' id='word_1_196' title='bbox 1539 3436 1632 3497; x_wconf 82' lang='lat' dir='ltr'><strong>vixit.</strong></span> <span class='ocrx_word' id='word_1_197' title='bbox 1664 3430 1780 3498; x_wconf 79' lang='lat' dir='ltr'><strong>Contra</strong></span> <span class='ocrx_word' id='word_1_198' title='bbox 1812 3435 1839 3496; x_wconf 90' lang='lat' dir='ltr'><strong>si</strong></span> <span class='ocrx_word' id='word_1_199' title='bbox 1869 3432 1978 3496; x_wconf 82' lang='lat' dir='ltr'><strong>verbis</strong></span> 
     </span>
     <span class='ocr_line' id='line_1_26' title="bbox 793 3538 1975 3625; baseline -0.003 -20"><span class='ocrx_word' id='word_1_200' title='bbox 793 3542 905 3605; x_wconf 76' lang='lat' dir='ltr'><strong>ecaton</strong></span> <span class='ocrx_word' id='word_1_201' title='bbox 929 3541 1021 3622; x_wconf 72' lang='lat' dir='ltr'><strong>egerit</strong></span> <span class='ocrx_word' id='word_1_202' title='bbox 1043 3540 1215 3606; x_wconf 85' lang='lat' dir='ltr'><strong>adversarii</strong></span> <span class='ocrx_word' id='word_1_203' title='bbox 1238 3539 1289 3604; x_wconf 90' lang='lat' dir='ltr'><strong>illi</strong></span> <span class='ocrx_word' id='word_1_204' title='bbox 1312 3542 1359 3603; x_wconf 89' lang='lat' dir='ltr'><strong>usi</strong></span> <span class='ocrx_word' id='word_1_205' title='bbox 1382 3545 1471 3615; x_wconf 90' lang='lat' dir='ltr'><strong>sunt,</strong></span> <span class='ocrx_word' id='word_1_206' title='bbox 1493 3540 1622 3605; x_wconf 91' lang='lat' dir='ltr'><strong>sibimet</strong></span> <span class='ocrx_word' id='word_1_207' title='bbox 1640 3542 1702 3625; x_wconf 89' lang='lat' dir='ltr'><strong>ipsi</strong></span> <span class='ocrx_word' id='word_1_208' title='bbox 1722 3546 1797 3604; x_wconf 90' lang='lat' dir='ltr'><strong>sunt</strong></span> <span class='ocrx_word' id='word_1_209' title='bbox 1818 3538 1975 3616; x_wconf 91' lang='lat' dir='ltr'><strong>oblocuti;</strong></span> 
     </span>
     <span class='ocr_line' id='line_1_27' title="bbox 792 3644 1979 3732; baseline -0.003 -20"><span class='ocrx_word' id='word_1_210' title='bbox 792 3648 845 3712; x_wconf 89' lang='lat' dir='ltr'><strong>aed</strong></span> <span class='ocrx_word' id='word_1_211' title='bbox 877 3668 968 3732; x_wconf 89' lang='lat' dir='ltr'><strong>saepe</strong></span> <span class='ocrx_word' id='word_1_212' title='bbox 991 3647 1050 3711; x_wconf 95' lang='lat' dir='ltr'><strong>hoc</strong></span> <span class='ocrx_word' id='word_1_213' title='bbox 1072 3649 1162 3711; x_wconf 88' lang='lat' dir='ltr'><strong>iratis</strong></span> <span class='ocrx_word' id='word_1_214' title='bbox 1184 3646 1369 3710; x_wconf 90' lang='lat' dir='ltr'><strong>hominibus</strong></span> <span class='ocrx_word' id='word_1_215' title='bbox 1392 3647 1517 3722; x_wconf 84' lang='lat' dir='ltr'><strong>evenit,</strong></span> <span class='ocrx_word' id='word_1_216' title='bbox 1539 3644 1617 3709; x_wconf 91' lang='lat' dir='ltr'><strong>dum</strong></span> <span class='ocrx_word' id='word_1_217' title='bbox 1641 3666 1736 3730; x_wconf 93' lang='lat' dir='ltr'><strong>qnam</strong></span> <span class='ocrx_word' id='word_1_218' title='bbox 1760 3644 1900 3730; x_wconf 92' lang='lat' dir='ltr'><strong>plurima</strong></span> <span class='ocrx_word' id='word_1_219' title='bbox 1924 3665 1979 3708; x_wconf 82' lang='lat' dir='ltr'><strong>vo·</strong></span> 
     </span>
     <span class='ocr_line' id='line_1_28' title="bbox 793 3750 1976 3838; baseline -0.003 -20"><span class='ocrx_word' id='word_1_220' title='bbox 793 3752 904 3819; x_wconf 89' lang='lat' dir='ltr'><strong>cabula</strong></span> <span class='ocrx_word' id='word_1_221' title='bbox 937 3754 1062 3818; x_wconf 86' lang='lat' dir='ltr'><strong>affectui</strong></span> <span class='ocrx_word' id='word_1_222' title='bbox 1096 3775 1153 3818; x_wconf 91' lang='lat' dir='ltr'><strong>suo</strong></span> <span class='ocrx_word' id='word_1_223' title='bbox 1187 3751 1425 3818; x_wconf 90' lang='lat' dir='ltr'><strong>accommodata</strong></span> <span class='ocrx_word' id='word_1_224' title='bbox 1461 3751 1558 3817; x_wconf 92' lang='lat' dir='ltr'><strong>simul</strong></span> <span class='ocrx_word' id='word_1_225' title='bbox 1595 3753 1767 3838; x_wconf 84' lang='lat' dir='ltr'><strong>proferunt.</strong></span> <span class='ocrx_word' id='word_1_226' title='bbox 1799 3750 1976 3816; x_wconf 83' lang='lat' dir='ltr'><strong>Vernaculo</strong></span> 
     </span>
     <span class='ocr_line' id='line_1_29' title="bbox 792 3857 1976 3944; baseline -0.003 -19"><span class='ocrx_word' id='word_1_227' title='bbox 792 3881 936 3925; x_wconf 90' lang='lat' dir='ltr'><strong>sermone</strong></span> <span class='ocrx_word' id='word_1_228' title='bbox 959 3863 986 3923; x_wconf 90' lang='lat' dir='ltr'><strong>si</strong></span> <span class='ocrx_word' id='word_1_229' title='bbox 1009 3881 1103 3944; x_wconf 89' lang='lat' dir='ltr'><strong>quem</strong></span> <span class='ocrx_word' id='word_1_230' title='bbox 1127 3862 1160 3923; x_wconf 90' lang='lat' dir='ltr'><strong>in</strong></span> <span class='ocrx_word' id='word_1_231' title='bbox 1184 3859 1337 3925; x_wconf 88' lang='lat' dir='ltr'><strong>familiari</strong></span> <span class='ocrx_word' id='word_1_232' title='bbox 1360 3857 1517 3944; x_wconf 90' lang='lat' dir='ltr'><strong>colloquio</strong></span> <span class='ocrx_word' id='word_1_233' title='bbox 1540 3860 1587 3923; x_wconf 88' lang='lat' dir='ltr'><strong>ita</strong></span> <span class='ocrx_word' id='word_1_234' title='bbox 1608 3862 1690 3923; x_wconf 90' lang='lat' dir='ltr'><strong>iram</strong></span> <span class='ocrx_word' id='word_1_235' title='bbox 1714 3880 1805 3923; x_wconf 89' lang='lat' dir='ltr'><strong>suam</strong></span> <span class='ocrx_word' id='word_1_236' title='bbox 1829 3879 1976 3923; x_wconf 83' lang='lat' dir='ltr'><strong>evomen-</strong></span> 
     </span>
     <span class='ocr_line' id='line_1_30' title="bbox 793 3963 1977 4050; baseline -0.004 -19"><span class='ocrx_word' id='word_1_237' title='bbox 793 3974 858 4031; x_wconf 92' lang='lat' dir='ltr'><strong>tem</strong></span> <span class='ocrx_word' id='word_1_238' title='bbox 889 3966 1087 4042; x_wconf 89' lang='lat' dir='ltr'><strong>audiremus,</strong></span> <span class='ocrx_word' id='word_1_239' title='bbox 1120 3964 1242 4050; x_wconf 81' lang='lat' dir='ltr'><strong>logicae</strong></span> <span class='ocrx_word' id='word_1_240' title='bbox 1270 3969 1332 4030; x_wconf 88' lang='lat' dir='ltr'><strong>arti</strong></span> <span class='ocrx_word' id='word_1_241' title='bbox 1356 3968 1424 4029; x_wconf 85' lang='lat' dir='ltr'><strong>vim</strong></span> <span class='ocrx_word' id='word_1_242' title='bbox 1448 3986 1523 4029; x_wconf 94' lang='lat' dir='ltr'><strong>eum</strong></span> <span class='ocrx_word' id='word_1_243' title='bbox 1547 3965 1647 4030; x_wconf 87' lang='lat' dir='ltr'><strong>facere</strong></span> <span class='ocrx_word' id='word_1_244' title='bbox 1670 3965 1801 4030; x_wconf 86' lang='lat' dir='ltr'><strong>fortasse</strong></span> <span class='ocrx_word' id='word_1_245' title='bbox 1826 3985 1864 4029; x_wconf 90' lang='lat' dir='ltr'><strong>ne</strong></span> <span class='ocrx_word' id='word_1_246' title='bbox 1888 3963 1977 4029; x_wconf 90' lang='lat' dir='ltr'><strong>andi-</strong></span> 
     </span>
     <span class='ocr_line' id='line_1_31' title="bbox 793 4072 1064 4157; baseline -0.007 -20"><span class='ocrx_word' id='word_1_247' title='bbox 793 4094 900 4138; x_wconf 89' lang='lat' dir='ltr'><strong>remus</strong></span> <span class='ocrx_word' id='word_1_248' title='bbox 923 4072 1064 4157; x_wconf 89' lang='lat' dir='ltr'><strong>quidem.</strong></span> 
     </span>
    </p>

    <p class='ocr_par' dir='ltr' id='par_1_6' title="bbox 790 4177 1978 4583">
     <span class='ocr_line' id='line_1_32' title="bbox 838 4177 1978 4263; baseline -0.003 -20"><span class='ocrx_word' id='word_1_249' title='bbox 838 4178 899 4243; x_wconf 83' lang='lat' dir='ltr'><strong>Sed</strong></span> <span class='ocrx_word' id='word_1_250' title='bbox 919 4181 984 4244; x_wconf 92' lang='lat' dir='ltr'><strong>iam</strong></span> <span class='ocrx_word' id='word_1_251' title='bbox 1004 4180 1139 4242; x_wconf 92' lang='lat' dir='ltr'><strong>missum</strong></span> <span class='ocrx_word' id='word_1_252' title='bbox 1160 4178 1239 4243; x_wconf 83' lang='lat' dir='ltr'><strong>facio</strong></span> <span class='ocrx_word' id='word_1_253' title='bbox 1259 4177 1401 4243; x_wconf 93' lang='lat' dir='ltr'><strong>Pollium</strong></span> <span class='ocrx_word' id='word_1_254' title='bbox 1417 4177 1619 4263; x_wconf 88' lang='lat' dir='ltr'><strong>lepidamque</strong></span> <span class='ocrx_word' id='word_1_255' title='bbox 1631 4180 1699 4242; x_wconf 88' lang='lat' dir='ltr'><strong>eius</strong></span> <span class='ocrx_word' id='word_1_256' title='bbox 1712 4178 1978 4242; x_wconf 83' lang='lat' dir='ltr'><strong>observationem.</strong></span> 
     </span>
     <span class='ocr_line' id='line_1_33' title="bbox 791 4282 1977 4370; baseline -0.004 -19"><span class='ocrx_word' id='word_1_257' title='bbox 791 4285 868 4351; x_wconf 78' lang='lat' dir='ltr'><strong>Tres</strong></span> <span class='ocrx_word' id='word_1_258' title='bbox 900 4307 937 4350; x_wconf 85' lang='lat' dir='ltr'><strong>ex</strong></span> <span class='ocrx_word' id='word_1_259' title='bbox 969 4285 1092 4349; x_wconf 87' lang='lat' dir='ltr'><strong>diverso</strong></span> <span class='ocrx_word' id='word_1_260' title='bbox 1123 4305 1239 4370; x_wconf 88' lang='lat' dir='ltr'><strong>genere</strong></span> <span class='ocrx_word' id='word_1_261' title='bbox 1270 4286 1430 4370; x_wconf 86' lang='lat' dir='ltr'><strong>proferam</strong></span> <span class='ocrx_word' id='word_1_262' title='bbox 1461 4283 1547 4349; x_wconf 91' lang='lat' dir='ltr'><strong>locos</strong></span> <span class='ocrx_word' id='word_1_263' title='bbox 1579 4284 1634 4348; x_wconf 91' lang='lat' dir='ltr'><strong>ubi</strong></span> <span class='ocrx_word' id='word_1_264' title='bbox 1657 4305 1758 4349; x_wconf 92' lang='lat' dir='ltr'><strong>unum</strong></span> <span class='ocrx_word' id='word_1_265' title='bbox 1781 4282 1977 4348; x_wconf 88' lang='lat' dir='ltr'><strong>vocabulum</strong></span> 
     </span>
     <span class='ocr_line' id='line_1_34' title="bbox 790 4389 1977 4466; baseline -0.003 -9"><span class='ocrx_word' id='word_1_266' title='bbox 790 4414 853 4458; x_wconf 93' lang='lat' dir='ltr'><strong>non</strong></span> <span class='ocrx_word' id='word_1_267' title='bbox 884 4394 960 4456; x_wconf 89' lang='lat' dir='ltr'><strong>satis</strong></span> <span class='ocrx_word' id='word_1_268' title='bbox 991 4392 1067 4456; x_wconf 88' lang='lat' dir='ltr'><strong>bene</strong></span> <span class='ocrx_word' id='word_1_269' title='bbox 1097 4390 1315 4466; x_wconf 91' lang='lat' dir='ltr'><strong>intellectum,</strong></span> <span class='ocrx_word' id='word_1_270' title='bbox 1348 4413 1410 4456; x_wconf 92' lang='lat' dir='ltr'><strong>non</strong></span> <span class='ocrx_word' id='word_1_271' title='bbox 1441 4393 1518 4455; x_wconf 88' lang='lat' dir='ltr'><strong>satis</strong></span> <span class='ocrx_word' id='word_1_272' title='bbox 1548 4397 1693 4455; x_wconf 89' lang='lat' dir='ltr'><strong>accurate</strong></span> <span class='ocrx_word' id='word_1_273' title='bbox 1723 4389 1977 4466; x_wconf 86' lang='lat' dir='ltr'><strong>consideratum,</strong></span> 
     </span>
     <span class='ocr_line' id='line_1_35' title="bbox 792 4497 1517 4583; baseline -0.006 -19"><span class='ocrx_word' id='word_1_274' title='bbox 792 4500 900 4565; x_wconf 87' lang='lat' dir='ltr'><strong>turbas</strong></span> <span class='ocrx_word' id='word_1_275' title='bbox 923 4497 1045 4563; x_wconf 87' lang='lat' dir='ltr'><strong>dedisse</strong></span> <span class='ocrx_word' id='word_1_276' title='bbox 1070 4498 1216 4563; x_wconf 88' lang='lat' dir='ltr'><strong>videatur</strong></span> <span class='ocrx_word' id='word_1_277' title='bbox 1239 4521 1301 4564; x_wconf 90' lang='lat' dir='ltr'><strong>non</strong></span> <span class='ocrx_word' id='word_1_278' title='bbox 1325 4501 1371 4563; x_wconf 91' lang='lat' dir='ltr'><strong>ita</strong></span> <span class='ocrx_word' id='word_1_279' title='bbox 1394 4518 1517 4583; x_wconf 88' lang='lat' dir='ltr'><strong>parvas.</strong></span> 
     </span>
    </p>

    <p class='ocr_par' dir='ltr' id='par_1_7' title="bbox 790 4603 1979 5006">
     <span class='ocr_line' id='line_1_36' title="bbox 837 4603 1978 4690; baseline 0.001 -22"><span class='ocrx_word' id='word_1_280' title='bbox 837 4605 965 4670; x_wconf 91' lang='lat' dir='ltr'><strong>Primus</strong></span> <span class='ocrx_word' id='word_1_281' title='bbox 996 4626 1105 4669; x_wconf 87' lang='lat' dir='ltr'><strong>eorum</strong></span> <span class='ocrx_word' id='word_1_282' title='bbox 1138 4605 1223 4670; x_wconf 88' lang='lat' dir='ltr'><strong>haud</strong></span> <span class='ocrx_word' id='word_1_283' title='bbox 1254 4606 1349 4670; x_wconf 90' lang='lat' dir='ltr'><strong>dubie</strong></span> <span class='ocrx_word' id='word_1_284' title='bbox 1381 4610 1549 4690; x_wconf 89' lang='lat' dir='ltr'><strong>corruptus</strong></span> <span class='ocrx_word' id='word_1_285' title='bbox 1579 4609 1644 4681; x_wconf 88' lang='lat' dir='ltr'><strong>est,</strong></span> <span class='ocrx_word' id='word_1_286' title='bbox 1670 4604 1724 4669; x_wconf 90' lang='lat' dir='ltr'><strong>sed</strong></span> <span class='ocrx_word' id='word_1_287' title='bbox 1746 4625 1820 4670; x_wconf 91' lang='lat' dir='ltr'><strong>cum</strong></span> <span class='ocrx_word' id='word_1_288' title='bbox 1844 4603 1978 4669; x_wconf 89' lang='lat' dir='ltr'><strong>antehac</strong></span> 
     </span>
     <span class='ocr_line' id='line_1_37' title="bbox 791 4708 1978 4794; baseline 0 -20"><span class='ocrx_word' id='word_1_289' title='bbox 791 4709 846 4775; x_wconf 93' lang='lat' dir='ltr'><strong>alii</strong></span> <span class='ocrx_word' id='word_1_290' title='bbox 864 4711 965 4794; x_wconf 90' lang='lat' dir='ltr'><strong>aliter,</strong></span> <span class='ocrx_word' id='word_1_291' title='bbox 986 4711 1040 4776; x_wconf 88' lang='lat' dir='ltr'><strong>sed</strong></span> <span class='ocrx_word' id='word_1_292' title='bbox 1061 4732 1171 4777; x_wconf 88' lang='lat' dir='ltr'><strong>omnes</strong></span> <span class='ocrx_word' id='word_1_293' title='bbox 1191 4717 1240 4776; x_wconf 90' lang='lat' dir='ltr'><strong>sat</strong></span> <span class='ocrx_word' id='word_1_294' title='bbox 1260 4711 1401 4776; x_wconf 88' lang='lat' dir='ltr'><strong>violenta</strong></span> <span class='ocrx_word' id='word_1_295' title='bbox 1413 4710 1546 4787; x_wconf 91' lang='lat' dir='ltr'><strong>medela,</strong></span> <span class='ocrx_word' id='word_1_296' title='bbox 1561 4708 1697 4775; x_wconf 83' lang='lat' dir='ltr'><strong>salutem</strong></span> <span class='ocrx_word' id='word_1_297' title='bbox 1711 4713 1740 4775; x_wconf 93' lang='lat' dir='ltr'><strong>ei</strong></span> <span class='ocrx_word' id='word_1_298' title='bbox 1752 4709 1978 4775; x_wconf 84' lang='lat' dir='ltr'><strong>afferreconati</strong></span> 
     </span>
     <span class='ocr_line' id='line_1_38' title="bbox 791 4816 1979 4902; baseline 0.001 -22"><span class='ocrx_word' id='word_1_299' title='bbox 791 4823 882 4894; x_wconf 92' lang='lat' dir='ltr'><strong>sunt,</strong></span> <span class='ocrx_word' id='word_1_300' title='bbox 904 4838 967 4881; x_wconf 89' lang='lat' dir='ltr'><strong>uno</strong></span> <span class='ocrx_word' id='word_1_301' title='bbox 989 4818 1084 4883; x_wconf 88' lang='lat' dir='ltr'><strong>verbo</strong></span> <span class='ocrx_word' id='word_1_302' title='bbox 1103 4824 1188 4883; x_wconf 89' lang='lat' dir='ltr'><strong>recte</strong></span> <span class='ocrx_word' id='word_1_303' title='bbox 1208 4816 1370 4883; x_wconf 88' lang='lat' dir='ltr'><strong>intellecto</strong></span> <span class='ocrx_word' id='word_1_304' title='bbox 1388 4817 1552 4884; x_wconf 88' lang='lat' dir='ltr'><strong>lenissima</strong></span> <span class='ocrx_word' id='word_1_305' title='bbox 1571 4819 1749 4882; x_wconf 90' lang='lat' dir='ltr'><strong>coniectura</strong></span> <span class='ocrx_word' id='word_1_306' title='bbox 1763 4818 1979 4902; x_wconf 89' lang='lat' dir='ltr'><strong>inintegrum</strong></span> 
     </span>
     <span class='ocr_line' id='line_1_39' title="bbox 790 4926 1054 5006; baseline 0.004 -19"><span class='ocrx_word' id='word_1_307' title='bbox 790 4931 895 5006; x_wconf 86' lang='lat' dir='ltr'><strong>potest</strong></span> <span class='ocrx_word' id='word_1_308' title='bbox 917 4926 1054 4988; x_wconf 88' lang='lat' dir='ltr'><strong>restitui.</strong></span> 
     </span>
    </p>
   </div>
   <div class='ocr_carea' id='block_1_3' title="bbox 0 0 2568 6149">
    <p class='ocr_par' dir='ltr' id='par_1_8' title="bbox 0 0 2568 6149">
     <span class='ocr_line' id='line_1_40' title="bbox 0 0 2568 6149; baseline 0 0"><span class='ocrx_word' id='word_1_309' title='bbox 0 0 2568 6149; x_wconf 95' lang='lat' dir='ltr'><strong> </strong></span> 
     </span>
    </p>
   </div>
  </div>
 </body>
</html>
