5125 6150
786 804 849 867 151
1141 822 1349 870 marasmon
1372 822 1436 869 sno.
1462 822 1608 869 nasoon.

783 1008 842 1060 μου
865 984 934 1055 τοὺς
959 986 1054 1055 πέδας
1079 986 1130 1047 καὶ
1155 993 1224 1055 ταῖς
1246 984 1335 1062 θριξὶν
1355 987 1450 1057 αὐτῆς
1473 983 1631 1062 έξέμαξεν.
1651 983 1781 1063 φέλημοέ
1800 1006 1852 1058 μοι
1873 984 1970 1065 [cdx]

783 1087 914 1160 έθωκασ·
951 1087 1030 1163 αὕτη
1067 1091 1097 1153 δέ
1131 1092 1190 1168 αφ’
1222 1087 1256 1163 ἧς
1287 1091 1431 1168 εἰσῆλθον,
1463 1090 1495 1152 σθ
1520 1088 1637 1153 διέλιπε
1662 1088 1886 1168 καταφιλοῦσά
1909 1111 1969 1164 μου

782 1195 852 1266 τοὺς
889 1194 1003 1265 πέδας·
1041 1196 1132 1274 έλαέῳ
1164 1198 1218 1268 τὴν
1250 1196 1393 1274 κεφαλήν
1425 1218 1483 1271 μου
1513 1198 1610 1277 [οὐκ]
1645 1194 1793 1270 ἤλειψας·
1827 1192 1906 1266 αὕτη
1940 1194 1971 1257 δέ

783 1299 865 1380 μύρῳ
891 1304 1001 1379 ἤλειφε
1024 1301 1093 1371 τοὺς
1119 1300 1215 1371 πθθαο
1240 1301 1492 1386 μου.1166111661
1517 1321 1591 1365 vero
1614 1302 1692 1364 satis
1717 1302 1826 1364 mirari
1849 1320 1972 1383 nequeo

782 1406 963 1471 Balionium
1003 1409 1037 1470 in
1077 1405 1194 1471 calcem
1230 1406 1388 1492 relegasse
1423 1405 1549 1470 Naaaar
1584 1405 1836 1470 emendationem
1872 1425 1971 1468 unam

781 1515 927 1577 omnium
957 1511 1217 1597 pulcherrimam,
1250 1514 1307 1596 qui
1338 1510 1456 1595 triplici
1487 1513 1656 1595 negatione
1680 1509 1844 1574 eliminata
1870 1547 1912 1557 -
1937 1513 1972 1573 in

781 1620 986 1702 scriptoribus
1017 1617 1156 1702 profanis
1188 1638 1314 1701 quoque
1346 1637 1443 1700 quam
1465 1636 1556 1701 saepe
1579 1615 1701 1680 librarii
1722 1613 1896 1700 particulas
1920 1635 1973 1678 66-

781 1725 910 1807 gativas
934 1729 990 1786 aut
1013 1743 1179 1807 perperam
1198 1724 1365 1785 omiserint
1383 1727 1440 1785 aut
1458 1720 1538 1785 falso
1557 1723 1737 1785 invexerint
1757 1719 1834 1804 quid
1854 1721 1970 1784 harum

781 1849 889 1891 rerum
928 1830 1044 1912 peritos
1083 1848 1163 1911 opus
1199 1834 1247 1890 est
1287 1824 1418 1890 docere?
1451 1863 1491 1873 -
1523 1829 1768 1891 venustissimae
1798 1827 1972 1889 narrationi

781 1934 967 1997 inveteratis
994 1933 1141 1997 sordibus
1165 1932 1351 1996 obscuratae
1374 1934 1548 2016 pristinum
1571 1934 1708 1996 nitorem
1727 1931 1863 1995 reddidit
1882 1931 1972 2010 (vide

780 2037 815 2101 id
838 2038 922 2122 apud
945 2041 1053 2122 ipsum
1079 2038 1222 2100 Marmor.
1248 2035 1334 2101 1881
1359 2058 1391 2120 p.
1415 2035 1504 2114 283).

828 2143 886 2208 av.
920 2165 979 2208 sec.
1011 2145 1084 2207 Ιαισ.
1108 2142 1182 2206 XVI
1197 2162 1203 2206 :
1218 2142 1261 2207 20
1286 2163 1348 2225 seq.
1379 2149 1488 2206 contra
1512 2143 1549 2204 dc
1570 2140 1665 2205 dieite
1687 2148 1716 2204 et
1739 2141 1855 2204 Lazaro
1878 2146 1973 2219 (πτω-

782 2251 841 2327 χὸς
873 2248 904 2312 δέ
935 2271 983 2319 τις
1014 2250 1141 2323 θνθματι
1175 2246 1316 2327 Λάζαρος
1350 2246 1507 2324 ἐβέβλητο
1539 2248 1612 2325 πρὸς
1643 2246 1694 2309 τὸν
1726 2251 1852 2310 πυλῶνα
1875 2247 1971 2309 αὐτοῦ

782 2353 1034 2429 εἱλκωμένος
1064 2354 1117 2418 καὶ
1142 2354 1291 2429 ἐπιθυμῶν
1316 2353 1521 2432 χορτασθῆναι
1545 2352 1607 2415 οὶπὸ
1631 2358 1689 2415 τῶν
1712 2352 1884 2415 τιττθντων
1908 2350 1972 2414 ἀπὸ

782 2465 837 2529 τῆς
860 2458 1014 2537 τραπέζης
1038 2462 1091 2521 τοῦ
1113 2459 1268 2533 πλουσίου,
1290 2458 1376 2521 αλλὰ
1398 2458 1449 2519 καὶ
1471 2458 1495 2521 οἱ
1514 2458 1600 2528 κύνες
1623 2456 1778 2535 έρχθμενοι
1798 2455 1971 2536 απέλειχον

781 2564 870 2644 (libri
901 2567 1026 2628 variant
1055 2566 1140 2627 inter
1173 2563 1360 2640 οὶπέλειχον,
1386 2562 1565 2642 ἐπέλειχον,
1591 2563 1812 2641 περιέλειχον,
1838 2559 1972 2641 έλειχον)

782 2670 846 2751 [τοὶ
875 2667 973 2740 ἕλκη
1005 2670 1145 2751 αὐτοῦ]
1178 2668 1340 2733 Balionius
1365 2671 1498 2753 agnovit
1521 2670 1747 2752 praestantiam
1772 2670 1971 2732 coniecturae

782 2773 1075 2858 Peerlkampianae.
1112 2773 1161 2836 τοὶ
1197 2769 1292 2846 ἕλκη
1324 2775 1449 2836 αὐτοῦ
1479 2778 1608 2858 propter
1638 2775 1750 2857 partic.
1784 2772 1971 2837 antecedens

782 2878 962 2955 εἱλκωμένος
998 2887 1117 2944 temere
1153 2879 1191 2943 de
1226 2901 1283 2944 suo
1315 2879 1472 2943 addiderit
1499 2881 1644 2962 quisquis
1674 2877 1730 2942 ille
1761 2878 1875 2954 fuerit,
1902 2879 1972 2942 sive

780 2985 880 3050 lector
921 2987 990 3049 sive
1025 2983 1194 3059 librarius,
1230 2984 1365 3048 verbum
1401 2984 1522 3048 obiecto
1556 3003 1613 3048 suo
1649 3004 1753 3047 carere
1788 2989 1877 3046 ratus
1912 3004 1971 3047 nec

781 3090 1036 3155 animadvertens
1055 3111 1151 3174 quam
1171 3090 1338 3155 commode
1358 3097 1464 3153 mente
1477 3089 1617 3173 suppleri
1631 3092 1746 3173 possit:
1759 3089 1801 3152 τοὶ
1815 3089 1970 3153 πέττοντα

753 3196 843 3260 ,ἀπὸ
879 3204 933 3269 τῆς
968 3195 1131 3274 τραπέζης.
1166 3233 1207 3243 -
1239 3194 1400 3259 Blossium
1434 3197 1481 3271 (in
1516 3194 1655 3259 editione
1688 3197 1770 3274 eius)
1804 3197 1832 3257 si
1862 3194 1970 3271 audis,

781 3305 877 3366 etiam
909 3301 1063 3365 vocabula
1087 3304 1366 3381 χορτασθῆναι
1391 3299 1468 3362 ἀπὸ
1492 3303 1601 3383 spuria
1625 3306 1709 3363 sunt.
1735 3297 1887 3365 Ceterum
1910 3300 1972 3364 for-

780 3412 862 3470 tasse
886 3408 1119 3490 expectaveris:
1145 3405 1234 3468 οέλλέι
1259 3405 1310 3467 καὶ
1337 3408 1517 3482 (ταῦτα)
1543 3406 1568 3468 ol
1594 3404 1679 3475 κθνες
1705 3405 1893 3483 οὶτέλειχονε
1917 3406 1971 3467 aed

779 3528 864 3576 Hauc
888 3532 1001 3595 quoquc
1024 3533 1110 3573 conce
1134 3511 1335 3591 θοθέαροθαιιθ.

824 3723 868 3785 dt
897 3719 1020 3784 lubrica
1050 3741 1099 3785 res
1129 3725 1178 3785 est
1208 3728 1240 3785 et
1270 3719 1464 3806 periculosae
1492 3719 1623 3805 plenum
1648 3743 1726 3805 opus
1750 3720 1836 3786 aleae
1863 3741 1968 3785 sacros

779 3829 945 3910 scriptores
978 3825 1144 3889 emendare
1176 3825 1260 3889 velle
1286 3825 1450 3911 philologo
1474 3825 1604 3911 linguae
1623 3825 1802 3890 Hebraicae
1826 3832 1858 3889 61
1880 3825 1969 3889 theo·

777 3930 901 4017 logicae
930 3931 1062 3994 rationis
1093 3933 1205 4016 ignaro
1234 3939 1267 3994 61
1298 3933 1330 3994 16
1362 3933 1535 4016 graecitate
1566 3934 1721 4015 sequioris
1745 3935 1814 3995 aevi
1838 3933 1966 3994 nonnisi

778 4035 981 4100 mediocriter
1004 4043 1127 4100 versato
1151 4038 1249 4099 etiam
1272 4039 1377 4121 magis
1399 4056 1495 4120 quam
1518 4037 1654 4100 literatis
1677 4036 1837 4121 theologis
1856 4039 1964 4121 quiin

778 4142 838 4206 hoc
858 4140 1038 4205 studiorum
1062 4161 1178 4224 genere
1201 4141 1331 4205 haerent
1355 4148 1387 4205 et
1409 4141 1564 4205 habitant.

823 4249 888 4311 Act.
913 4250 1016 4327 Apoet.
1041 4244 1189 4322 vl1:20‚
1221 4252 1259 4309 ut
1281 4246 1341 4310 hoc
1364 4253 1446 4324 utar,
1478 4248 1594 4311 eruditi
1617 4246 1749 4311 lectores
1770 4248 1848 4312 bene
1868 4246 1965 4310 multi

777 4352 973 4416 offenderunt
1006 4353 1039 4414 in
1074 4352 1197 4415 verbis:
1234 4352 1264 4412 έν
1300 4347 1321 4430 ᾧ
1356 4355 1449 4431 καιρῷ
1485 4354 1625 4428 έχεννιέθη
1657 4356 1809 4429 Mallotis,
1843 4353 1894 4416 acl
1930 4348 1963 4425 ἦν

778 4460 943 4527 αστεῖος
983 4457 1025 4536 τῷ
1064 4457 1128 4534 θεῷ.
1170 4454 1280 4520 Veluti
1320 4455 1459 4523 Oobetus
1493 4461 1548 4542 qui
1583 4480 1639 4543 pro
1673 4460 1795 4530 οὶστεῑοο
1831 4461 1965 4523 66616611

778 4558 920 4630 δεκτὸς
944 4564 1094 4644 quoniam
1118 4560 1314 4626 adiectivum
1338 4563 1505 4630 aisaciae
1529 4584 1603 4626 cum
1628 4563 1736 4627 dativo
1757 4565 1963 4628 coniunctum

777 4664 858 4727 nihil
887 4685 954 4728 esse
984 4666 1129 4744 videtur;
1163 4672 1272 4731 contra
1303 4669 1424 4751 optime
1444 4689 1556 4754 graece
1580 4668 1698 4732 dicitur
1721 4671 1862 4734 δεκτὸν
1886 4666 1965 4734 εἶναέ

777 4791 852 4843 τινι,
873 4775 993 4848 pratum
1015 4777 1103 4854 atquc
1125 4778 1274 4852 occeptum
1296 4793 1358 4834 εεεο
1379 4772 1483 4836 αθέσιιί.
1507 4772 1631 4837 Laudat
1652 4773 1707 4837 ille
1727 4775 1869 4839 eiusdem
1887 4774 1964 4839 libri

777 4871 902 4937 21:35:
934 4875 986 4937 οὐκ
1020 4873 1100 4937 Ιστιν
1132 4879 1419 4954 προσωπολήμπτης
1449 4876 1462 4940 θ
1488 4877 1549 4948 θεὸς
1575 4880 1650 4942 οὶλλ“
1675 4879 1705 4941 έν
1729 4880 1823 4942 παντὶ
1850 4878 1923 4943 ἔθνει
1950 4880 1964 4943 θ
