5125 6150
689 833 731 899 18
1174 848 1385 897 sauciemus.

687 1036 754 1080 esse
785 1015 1047 1094 τριακοσίους
1080 1011 1229 1085 ὃτλίταςῐ
1262 1013 1445 1097 Utrumque
1468 1014 1501 1076 in
1525 1014 1668 1097 antiquis
1690 1012 1783 1079 libris
1806 1033 1877 1078 exa-

685 1127 817 1191 rabatur
840 1147 897 1210 per
917 1117 955 1192 ll.

731 1231 856 1296 Vitium
880 1231 973 1318 plane
996 1229 1174 1316 gemellum
1198 1229 1278 1294 olim
1302 1229 1483 1294 deteximus
1506 1229 1633 1295 Hauon.
1658 1229 1685 1293 V
1708 1251 1735 1294 c.
1756 1229 1800 1294 85
1822 1230 1879 1294 ubi

686 1336 861 1422 legendum
895 1344 960 1403 est:
997 1337 1149 1409 Ἀθηναῖοι
1183 1335 1241 1414 μέν
1277 1360 1326 1399 νυν
1362 1336 1487 1412 λέγουσι
1512 1383 1633 1401 ......
1657 1337 1877 1409 ἀποσταλῆναι

686 1446 798 1522 τριήρεϊ
819 1453 875 1524 μιῇ
900 1450 958 1508 τῶν
982 1444 1083 1507 ἀστῶν
1106 1439 1380 1521 τρινκοσίουςε
1406 1439 1505 1508 Oodd.
1529 1442 1708 1513 τούτους.

732 1550 829 1614 Haud
862 1552 909 1614 ita
942 1569 1012 1614 raro
1045 1548 1131 1634 apud
1161 1555 1307 1613 nostrum
1339 1568 1548 1612 numerorum
1577 1553 1671 1613 notae
1702 1550 1759 1612 aut
1791 1544 1878 1612 male

686 1653 788 1719 lectae
818 1660 894 1719 sunt
925 1660 981 1718 aut
1004 1675 1133 1739 prorsus
1157 1656 1330 1738 perierunt.
1358 1652 1464 1718 Veluti
1489 1653 1585 1718 huius
1608 1656 1710 1738 ipsius
1732 1652 1809 1717 libri
1833 1650 1878 1715 IV

687 1780 713 1824 c.
740 1758 781 1823 13
815 1759 884 1843 52,
915 1780 978 1844 quo
1009 1758 1079 1824 loco
1111 1761 1254 1842 optimus
1286 1761 1421 1843 quisque
1440 1755 1534 1822 'liber
1563 1757 1634 1824 MS.
1667 1758 1814 1824 exhibet:
1849 1758 1879 1821 ἐν

687 1866 784 1945 τούτῳ
816 1865 843 1929 δ’
867 1865 900 1928 αἱ
932 1867 966 1928 ἐκ
998 1873 1052 1938 τῆς
1084 1863 1238 1928 Ζακύνθου
1263 1872 1330 1937 νῆες
1354 1870 1412 1928 τῶν
1436 1865 1602 1935 Ἀθηναίων
1626 1864 1878 1944 παραγίγνονται

687 1970 1004 2048 τεσσαράκοντα
1035 1969 1090 2034 sed
1122 1990 1237 2033 verum
1266 1990 1332 2034 esse
1356 1969 1440 2034 vidit
1463 1970 1554 2035 Aem.
1580 1969 1713 2034 Portus:
1739 1970 1881 2042 πεντή-

688 2099 811 2140 κοντα
843 2080 876 2140 et
905 2097 932 2140 o.
957 2073 1001 2138 46
1024 2077 1087 2138 im:
1112 2074 1216 2149 ἐπειδὴ
1243 2074 1276 2136 ἐκ
1300 2084 1355 2149 τῆς
1380 2075 1484 2139 Πύλου
1509 2080 1631 2153 ἀπῆραν
1654 2076 1684 2145 ἕο
1711 2077 1766 2147 τὴν
1791 2084 1879 2139 Σικε-

687 2182 757 2246 λίαν
776 2182 796 2221 *
816 2182 920 2245 ναυσὶν
945 2180 1111 2254 Ἀθηναίων
1133 2180 1190 2245 ubi
1212 2182 1429 2245 necessarium
1451 2201 1624 2246 numerum
1648 2180 1683 2256 μ’
1706 2183 1729 2244 i.
1743 2201 1770 2244 e.
1795 2203 1880 2245 τεσ·

687 2287 922 2368 σαράκοντα
947 2285 1100 2352 excidisse
1123 2287 1325 2351 coniecerunt
1346 2285 1534 2373 Kruegerus
1557 2292 1589 2351 et
1612 2283 1805 2352 Olassenius.

731 2505 775 2571 IV
799 2527 825 2571 ο.
852 2504 894 2570 14
918 2509 962 2570 in.

733 2616 758 2676 ol
789 2612 815 2677 δ’
840 2614 992 2685 Ἀθηναῖοι
1022 2611 1148 2688 γνόντες
1174 2613 1242 2674 καθ’
1266 2609 1481 2690 indesperata
1505 2608 1636 2674 ἔσπλουν
1659 2607 1804 2689 ὅρμησαν
1826 2610 1879 2673 ἐπ’

687 2716 799 2788 αὐτοὺς
833 2717 885 2781 καὶ
917 2718 976 2789 τάς
1008 2718 1065 2792 μὲν
1096 2718 1220 2787 πλείους
1251 2717 1349 2799 [καὶ]
1378 2717 1544 2793 μετεώρους
1569 2713 1624 2790 ἤδη
1649 2722 1707 2780 τῶν
1730 2721 1800 2780 νεῶν
1823 2716 1878 2780 καὶ

687 2821 886 2903 ἀντιπρῴρους
911 2824 1133 2903 προσπεσόντες
1158 2823 1187 2892 ἕο
1212 2825 1318 2900 Φυγὴν
1345 2822 1563 2896 κατέστησαν..

733 2928 964 3007 „Athenienses
995 2950 1028 2993 re
1058 2930 1186 3014 cognita
1216 2929 1255 2993 ab
1286 2934 1421 3013 utroque
1452 2935 1565 3013 portus
1597 2930 1678 2992 ostio
1709 2929 1743 2991 in
1769 2929 1877 2994 hostes

685 3037 807 3101 invecti
830 3040 906 3101 sunt
927 3039 1023 3120 atque
1047 3036 1171 3120 impetu
1195 3034 1277 3100 facto
1302 3033 1467 3119 plerasque
1491 3053 1588 3099 naves
1611 3053 1630 3099 a
1653 3039 1737 3099 terra
1756 3036 1823 3099 iam
1842 3038 1877 3099 in

684 3141 788 3206 altum
819 3147 985 3227 provectas
1016 3146 1048 3205 et
1079 3140 1220 3207 adversis
1249 3143 1351 3224 proris
1376 3144 1588 3216 (venientes)
1612 3142 1646 3203 in
1669 3141 1783 3226 fugem
1807 3163 1877 3207 ver

686 3247 828 3312 terunt’'.

731 3352 810 3418 Dele
830 3355 873 3416 sis
892 3354 1150 3417 coniunctionem
1170 3371 1266 3434 quam
1287 3353 1411 3415 uncinis
1423 3350 1622 3416 inclusimus.
1643 3350 1747 3430 Quam
1760 3373 1876 3436 parum

686 3458 863 3523 verisimile
898 3462 945 3522 est
975 3460 1161 3540 scriptorem
1193 3456 1266 3521 dare
1297 3457 1440 3523 voluisse
1472 3478 1590 3533 „naves
1619 3480 1682 3521 ουαο
1712 3460 1746 3522 in
1770 3458 1876 3524 altum

686 3570 851 3650 provectas
874 3571 935 3626 tum
958 3563 1098 3629 adversis
1122 3565 1224 3647 proris
1248 3560 1457 3629 venientes'’t

732 3763 996 3936 lladlrol5reludrl
1031 3868 1071 3933 ad
1103 3867 1224 3955 Pylum
1254 3875 1422 3956 gestarum
1452 3872 1566 3935 nuntio
1596 3869 1745 3955 Spartam
1777 3869 1875 3935 allato

686 3979 749 4061 ipsi
780 3976 891 4059 ephori
921 3980 1086 4058 tamquam
1109 3977 1143 4037 in
1167 3977 1309 4039 maxima
1333 3974 1513 4041 calamitate
1536 3979 1570 4040 in
1593 3983 1695 4041 castra
1718 3997 1752 4040 se
1775 3976 1876 4040 conse

687 4088 778 4146 runt:
806 4102 880 4145 cum
904 4078 1011 4144 dolore
1036 4078 1148 4144 vident
1172 4083 1239 4144 suis
1263 4083 1328 4145 iam
1353 4080 1442 4146 nulla
1464 4084 1587 4146 ratione
1610 4084 1751 4146 succurri
1776 4102 1877 4166 posse.

688 4186 901 4266 Quamobrem
933 4187 1083 4249 continuo
1114 4205 1187 4248 cum
1219 4185 1460 4272 Eurymedonta
1492 4194 1524 4250 et
1554 4185 1710 4271 Sophocle
1733 4187 1879 4251 inducias

687 4293 789 4357 facere
811 4290 932 4375 placet,
958 4289 1082 4375 legatos
1105 4290 1247 4356 Athenas
1271 4296 1417 4369 mittere,
1443 4298 1570 4357 strenue
1593 4314 1722 4378 operam
1746 4292 1821 4357 dare
1842 4297 1879 4356 ut

687 4400 792 4481 primo
823 4416 949 4480 quoque
979 4403 1122 4480 tempore
1153 4398 1239 4462 cives
1271 4418 1344 4462 suos
1374 4400 1408 4461 in
1438 4396 1543 4462 insula
1573 4396 1760 4482 Sphacteria
1782 4400 1879 4462 inter-

688 4509 794 4587 ceptos
816 4503 987 4587 recipiant:

842 4605 940 4681 ἔδοξεν
970 4609 1076 4678 αὐτοῖς
1107 4608 1181 4685 πρὸς
1212 4609 1283 4679 τοὺς
1316 4607 1508 4687 στρατηγοὺς
1540 4610 1598 4672 τῶν
1622 4607 1798 4685 Ἀθηναίων,
1824 4608 1878 4670 ἐάν

689 4711 828 4788 ἐθέλωσι,
853 4712 986 4781 σπονδάο
1011 4714 1234 4787 ποιησαμένους
1258 4714 1323 4794 [τά
1347 4715 1436 4791 περὶ
1462 4715 1608 4795 Πύλον]
1632 4713 1820 4777 ἀποστεῖλαι
1846 4713 1877 4784 ἐς

689 4818 747 4888 τάς
771 4817 901 4890 Ἀθήνας
925 4817 1069 4893 πρέσβεις
1094 4818 1160 4897 περ)
1185 4818 1372 4895 ξυμβάσεονο
1398 4819 1462 4882 κτὲ.

739 4921 897 5006 Equidem
939 4924 1073 4988 minime
1116 4925 1269 4988 assentior
1304 4923 1498 4990 scholiastae
1531 4923 1666 4988 dicenti:
1702 4925 1752 4987 τὰ
1788 4923 1879 5003 περὶ
