5125 6150
1028 816 1193 866 moursros
1214 817 1544 878 ulmossvsssnssrs.
1803 804 1866 868 143

695 980 837 1046 cavillari
866 982 947 1046 mihi
972 983 1113 1048 videtur:
1139 982 1230 1060 „Non
1253 990 1301 1048 est
1324 985 1492 1069 magnus”,
1515 986 1634 1069 inquit,
1661 986 1868 1060 „numerandi

695 1089 807 1152 artifex
826 1087 1015 1174 Dionysius,
1036 1092 1091 1174 qui
1110 1111 1172 1154 non
1191 1093 1382 1177 cogitaverit
1399 1093 1433 1155 in
1452 1112 1583 1156 numero
1598 1091 1694 1155 XXX
1706 1096 1866 1158 curiarum

695 1194 761 1259 fieri
792 1216 852 1258 non
884 1198 1023 1279 potuisse
1054 1203 1092 1261 ut
1120 1195 1220 1262 altera
1250 1217 1322 1281 pars
1345 1219 1403 1260 ααο
1426 1196 1575 1283 suffragio
1599 1198 1771 1263 vinceret.'’
1797 1198 1867 1265 Hoc

694 1299 823 1386 quidem
858 1303 1001 1385 ignorare
1036 1307 1102 1365 tam
1123 1302 1216 1367 'mihi
1246 1301 1383 1367 stultum
1415 1303 1552 1381 videtur,
1583 1310 1621 1368 ut
1650 1306 1756 1369 omnia
1779 1309 1866 1389 prius

694 1406 843 1473 tentanda
871 1429 937 1471 esse
967 1428 1109 1472 censeam
1142 1429 1238 1494 quam
1269 1408 1365 1473 talem
1389 1407 1450 1473 loci
1472 1408 1713 1495 explicationem
1736 1412 1868 1496 probem

694 1519 725 1577 et
748 1513 927 1598 amplectar.
951 1514 1020 1579 Hoc
1042 1514 1217 1601 Dionysius
1237 1514 1353 1579 dixisse
1372 1515 1515 1580 videtur:
1535 1538 1596 1578 οοο
1615 1518 1702 1580 cuna
1719 1519 1753 1580 in
1772 1538 1866 1583 causa

694 1620 773 1696 fuit,
797 1626 833 1683 ut
855 1619 960 1703 plures
984 1627 1086 1685 essent
1109 1642 1188 1705 quae
1211 1621 1381 1706 Tarquinio
1404 1621 1561 1686 bonasus
1580 1621 1708 1687 reddere
1728 1622 1863 1688 vellent:

692 1729 719 1790 si
743 1750 804 1789 ονοο
825 1728 913 1791 curia
936 1733 1089 1791 mutasset
1110 1729 1317 1803 sententiam,
1338 1726 1487 1813 suffragia
1504 1729 1667 1812 utrimque
1686 1730 1774 1813 paria
1791 1728 1866 1794 fuis

692 1838 762 1896 sent
785 1838 816 1897 et
838 1838 949 1898 neutra
972 1853 1044 1918 pars
1067 1836 1204 1899 vicisset.
1238 1834 1384 1898 Primum
1409 1834 1471 1899 fere
1495 1837 1667 1899 necessario
1689 1835 1809 1900 incidas
1830 1838 1864 1900 in

692 1959 761 2003 eam
790 1938 852 2003 loci
883 1939 1163 2024 significationem,
1195 1939 1233 2005 de
1264 1960 1327 2025 qua
1357 1939 1422 2005 sola
1453 1937 1589 2006 Cobetus
1612 1944 1768 2027 cogitavit
1775 1963 1784 2021 ;
1810 1941 1864 2007 sed

690 2044 788 2110 altera
818 2066 941 2129 quoque
970 2047 1046 2109 satis
1077 2067 1109 2109 se
1139 2048 1255 2131 poterit
1286 2048 1379 2111 tueri.
1411 2044 1534 2110 Norunt
1566 2049 1657 2131 pueri
1686 2067 1748 2132 quo
1770 2068 1863 2112 sensu

691 2152 815 2216 dativus
835 2173 908 2216 cum
927 2155 1150 2236 comparativis
1168 2156 1336 2239 iungatur;
1358 2151 1411 2217 sed
1431 2159 1488 2232 μνᾷ
1508 2154 1603 2233 ψήφῳ
1623 2175 1705 2217 nunc
1723 2154 1861 2238 quidem,

689 2261 737 2322 uti
761 2258 904 2335 arbitror,
928 2280 1035 2322 merus
1059 2259 1185 2324 dativus
1209 2257 1462 2323 instrumentalis
1481 2263 1538 2323 001.
1562 2257 1619 2323 1101
1637 2268 1744 2324 autem
1765 2262 1861 2324 etiam

689 2362 770 2428 alter
791 2363 879 2428 locus
902 2363 941 2428 ad
965 2385 1060 2448 quem
1084 2362 1222 2430 (lobetus
1244 2367 1427 2450 provocavit
1449 2372 1486 2428 ut
1504 2363 1650 2450 Dionysii
1667 2367 1862 2445 imperitiam

689 2475 847 2555 argueret.
881 2469 1034 2555 Legimus
1069 2470 1106 2534 de
1141 2467 1307 2536 Coriolano
1338 2468 1399 2534 Vll
1430 2469 1472 2534 64
1503 2491 1533 2555 p.
1560 2469 1662 2534 1466:
1694 2473 1770 2546 μνᾶς
1798 2472 1861 2551 γὰρ

689 2576 779 2640 elaces
813 2573 883 2640 τότε
914 2581 1019 2653 Φολῶν
1051 2578 1151 2654 οὐσῶν,
1176 2570 1227 2647 αἷς
1251 2578 1268 2652 ἡ
1292 2580 1397 2654 ψῆφος
1421 2575 1560 2653 ἀνεδόθη,
1584 2576 1644 2647 calc
1668 2575 1861 2648 ἀπολυούσας

688 2681 796 2762 Φυλοὶς
821 2679 913 2762 ἔσχεν
936 2683 950 2746 1
975 2681 1112 2761 Μοίοκοος
1135 2683 1237 2747 ἐννέα·
1262 2679 1313 2751 ὦς’
1336 2684 1362 2747 ε1
1387 2682 1437 2746 δύο
1457 2682 1621 2763 προσῆλθον
1640 2684 1722 2761 αὐτῷ
1741 2683 1860 2761 Φνλαί,

689 2790 739 2854 διὰ
772 2790 826 2861 τὴν
857 2789 1082 2866 ἰσοψηφίαν
1114 2791 1283 2853 ἀπελέλυτ’
1314 2786 1362 2866 dv,
1394 2787 1491 2867 ὥσπερ
1523 2788 1536 2851 1
1568 2787 1655 2863 νόμος
1680 2787 1772 2865 ἠξίου.
1799 2787 1861 2853 Η10

689 2916 813 2981 quoque
834 2892 989 2960 (lebetum
1009 2878 1193 2961 audiamus}
1216 2895 1330 2972 „Vides
1350 2916 1411 2960 non
1431 2916 1497 2959 esse
1515 2893 1708 2980 Dionysium
1727 2896 1862 2973 ἀριθμεῖν

689 3002 789 3080 δεινόν,
813 3004 868 3088 qui
891 3005 971 3067 serio
995 3002 1144 3082 credidit,
1168 3023 1269 3088 quum
1293 3000 1372 3066 XXI
1395 3002 1497 3066 tribus
1520 3003 1552 3065 in
1577 2999 1763 3088 suffragium
1787 3005 1861 3066 mit

689 3117 841 3184 terentnr,
873 3109 1021 3195 suffragia
1043 3114 1132 3194 paria
1155 3131 1221 3174 esse
1243 3112 1393 3194 potuisse.
1418 3106 1455 3171 In
1477 3107 1539 3173 alio
1561 3108 1692 3173 fortasse
1713 3115 1806 3194 putes
1828 3113 1862 3174 in

687 3236 820 3280 numero
843 3237 909 3280 0000
931 3223 1081 3281 erratum.
1113 3215 1175 3281 Sed
1198 3215 1370 3302 Dionysius
1392 3238 1451 3278 οοο
1473 3215 1562 3279 semel
1582 3216 1626 3279 sic
1649 3217 1805 3299 peccavit,
1830 3223 1862 3281 et

688 3322 726 3386 de
753 3342 883 3387 numero
907 3322 1048 3387 tribuum
1069 3322 1262 3388 constabat.'’
1287 3320 1355 3386 Iam
1374 3322 1482 3385 statim
1503 3341 1604 3385 unum
1622 3319 1723 3385 telum
1743 3317 1860 3387 001010

689 3431 899 3504 extorsimus,
932 3450 1005 3493 nam
1039 3432 1066 3492 ei
1096 3432 1232 3513 priorem
1265 3426 1372 3493 locum
1403 3433 1486 3492 recte
1508 3429 1708 3511 interpretati
1730 3448 1859 3508 sumus,

688 3538 831 3619 sequitur
853 3534 951 3598 semel
973 3541 1098 3599 tantum
1121 3533 1314 3620 Dionysium
1337 3540 1403 3598 tam
1428 3531 1592 3618 pueriliter
1615 3535 1776 3598 erravisse.
1800 3533 1862 3600 Sed

689 3645 832 3726 potuitne
863 3644 1009 3726 ignorare
1032 3642 1172 3723 imparem
1196 3641 1294 3706 fuisse
1316 3640 1461 3705 tribuum
1484 3659 1671 3716 numerum,
1695 3661 1795 3725 quum
1817 3660 1862 3705 es

688 3753 757 3812 sent
788 3769 850 3811 una
881 3754 912 3811 et
944 3745 1104 3833 viginti?’'
1137 3746 1269 3813 Caditne
1291 3748 1348 3811 hoc
1370 3750 1404 3811 in
1427 3768 1501 3812 eum
1525 3748 1580 3833 qni
1602 3744 1677 3811 alibi
1700 3753 1861 3812 narratae

688 3875 778 3939 saepe
812 3856 949 3918 comitiis
980 3875 1010 3938 p.
1040 3876 1065 3919 r.
1096 3851 1297 3919 interfuisse?
1328 3851 1404 3920 Cras
1434 3853 1568 3919 credam.
1599 3851 1633 3919 Si
1656 3853 1735 3918 duae
1758 3854 1860 3918 tribus

686 3962 887 4025 accessissent
920 3981 1033 4024 novem
1065 3960 1129 4024 illis
1160 3982 1238 4046 quae
1269 3958 1472 4027 Coriolanum
1503 3958 1717 4044 absolverent,
1753 3959 1860 4024 decem

686 4067 789 4130 tribus
812 4087 885 4130 eum
909 4065 1218 4145 condemnavissent,
1243 4066 1297 4132 sed
1320 4068 1381 4131 0111
1404 4066 1565 4131 habuisset
1587 4064 1735 4129 undecim
1758 4071 1790 4129 et
1810 4065 1861 4129 ab·

688 4172 812 4237 solutus
844 4173 968 4237 fuisset:
1004 4173 1062 4238 hoc
1092 4173 1223 4258 planum
1254 4179 1301 4238 est
1332 4179 1364 4238 et
1394 4172 1486 4239 facile
1508 4171 1681 4237 intellectu.
1706 4170 1860 4237 Remanet

686 4288 793 4345 autem
825 4262 999 4344 molestum
1028 4278 1110 4344 illud
1142 4281 1192 4345 διὰ
1222 4281 1276 4354 τὴν
1307 4281 1485 4358 ἰσοψηφίαν.
1517 4278 1618 4359 Quam
1650 4277 1790 4363 proclive
1813 4284 1861 4343 est

686 4388 840 4470 suspicari
866 4385 971 4449 locum
994 4389 1081 4449 intus
1105 4385 1187 4451 alere
1210 4384 1344 4451 vitium!
1369 4385 1438 4450 Non
1462 4406 1560 4471 urgeo
1583 4385 1753 4463 ἰσοψηφίαν
1775 4404 1861 4469 prae·

686 4498 771 4555 terea
802 4490 900 4555 semel
930 4497 1056 4556 tantum
1086 4491 1152 4577 legi
1182 4491 1266 4577 apud
1299 4490 1523 4568 Plutarchum,
1553 4491 1606 4556 sed
1630 4490 1860 4577 significatione

686 4596 827 4672 diversa,
860 4618 951 4673 nam,
982 4598 1090 4673 fateor,
1122 4596 1295 4684 Dionysius
1325 4599 1465 4663 servavit
1495 4595 1674 4682 analogiam
1699 4616 1798 4681 quum
1821 4594 1859 4660 de

684 4707 751 4788 pari
775 4705 937 4788 utrimque
960 4703 1182 4790 suffragiorum
1204 4725 1337 4770 numero
1361 4709 1536 4788 usurparet.
1562 4703 1624 4768 Hic
1647 4722 1736 4767 ame
1755 4706 1860 4787 postu·

680 4808 741 4894 lari
773 4831 832 4873 non
865 4808 971 4885 debet,
1004 4817 1041 4874 ut
1071 4810 1271 4875 coniectando
1303 4808 1419 4875 melius
1449 4808 1525 4894 quid
1547 4811 1615 4895 ipse
1637 4808 1780 4887 afferam;
1805 4809 1860 4874 sed

684 4919 711 4979 si
742 4919 813 5000 quis
844 4918 902 4981 hoc
935 4925 1024 5002 aget,
1056 4915 1144 4981 nullo
1175 4920 1303 5003 negotio
1335 4918 1450 5001 poterit
1474 4915 1594 5002 aliquid
1618 4920 1754 5003 reperire
1775 4916 1861 5003 quod
