5125 6150
741 873 744 878 ’
795 874 859 940 158
1300 891 1474 941 someron.

839 1071 865 1122 Α
880 1056 955 1123 356.
1049 1058 1122 1122 ἑλὼν
1145 1057 1208 1137 γὰρ
1232 1055 1299 1138 ἔχει
1324 1056 1436 1137 γήραι,
1463 1056 1554 1129 αὐτὸς
1581 1057 1721 1135 θποιρθς.

792 1164 844 1230 Sic
874 1164 972 1230 incidi
998 1164 1095 1242 solet,
1119 1164 1174 1230 sed
1197 1185 1234 1229 ex
1257 1185 1330 1229 mea
1352 1164 1484 1250 quidem
1506 1167 1663 1229 sententia
1685 1185 1858 1249 pronomen
1883 1164 1979 1236 αθσθι

792 1270 844 1335 vel
882 1273 983 1336 artius
1014 1271 1161 1336 cohaeret
1192 1292 1265 1336 cum
1297 1268 1363 1353 ἔχει
1395 1290 1493 1356 quam
1525 1292 1599 1334 cum
1631 1272 1781 1350 ιὶπονριὶς,
1821 1292 1878 1336 nec
1910 1269 1978 1350 ἔχει

791 1375 921 1458 οἰσονρθι
952 1398 1065 1464 graece
1095 1377 1305 1463 separandum
1336 1376 1472 1442 videtur.
1504 1377 1606 1458 Quare
1637 1378 1688 1443 hic
1717 1385 1750 1443 et
1772 1380 1806 1441 in
1830 1378 1979 1443 versibus

792 1482 953 1570 parallelis
976 1482 1141 1572 virgulam
1166 1482 1351 1574 deleverim.

841 1702 929 1767 s90.
953 1695 988 1768 ai
1012 1701 1068 1777 μθν
1091 1705 1120 1767 π’
1144 1700 1212 1767 ἔνθα
1237 1700 1320 1775 νάλιι
1345 1703 1560 1780 πεποτήαται,
1585 1696 1626 1766 αθ
1649 1703 1688 1768 δέ
1711 1726 1753 1768 σε
1777 1700 1880 1769 ἔνθα.

793 1808 969 1875 Molestum
993 1809 1119 1874 hiatum
1147 1809 1314 1874 Leidenses
1341 1809 1576 1895 procurandum
1595 1816 1721 1874 censent
1741 1811 1922 1874 coniectura
1945 1803 1980 1875 ai

792 1916 818 1982 θ’
844 1914 904 1997 θρα
928 1918 956 1980 π’
980 1915 1059 1981 ἔνθα.
1086 1917 1145 1993 At,
1170 1919 1197 1980 si
1221 1923 1306 1981 recte
1329 1919 1480 1994 memini,
1506 1916 1667 1981 Homerus
1691 1915 1862 2001 particulas
1886 1915 1919 1980 δέ
1944 1941 1980 1981 σε

792 2043 917 2109 semper
947 2020 1074 2108 copulet
1104 2020 1186 2102 (loco
1218 2022 1322 2087 Κ466
1353 2035 1425 2088 cum
1450 2022 1595 2088 Bentleio
1617 2026 1798 2109 scripserim
1821 2023 1923 2088 δέελον
1946 2024 1979 2088 δέ

793 2154 828 2194 πε
859 2131 933 2207 σῆμ’
965 2128 1115 2211 ἐπέθηκε),
1145 2133 1253 2216 itaque
1284 2128 1397 2195 malim
1429 2122 1472 2194 ai
1501 2130 1541 2195 δέ
1571 2131 1599 2193 τ’
1631 2126 1685 2207 ἄρ’
1718 2129 1820 2195 ἔνθα.
1851 2129 1978 2196 Passim

794 2243 903 2303 autem
925 2239 954 2301 π’
977 2232 1025 2316 ἄρ’
1049 2256 1210 2301 occurrere
1232 2257 1326 2301 nemo
1349 2235 1534 2302 monendus.

839 2437 949 2505 s333.
974 2438 1185 2523 Posteaquam
1205 2437 1331 2516 Ulixes,
1353 2438 1517 2504 verberato
1537 2438 1698 2518 Thersite,
1719 2439 1815 2528 longa
1834 2443 1979 2507 oratione

796 2545 934 2614 Graecos
956 2546 996 2611 ad
1018 2551 1146 2610 strenue
1169 2544 1352 2610 bellandum
1375 2547 1541 2623 incitavit,
1565 2548 1600 2611 hi

1295 2651 1428 2730 ἒιθιαχον
1451 2689 1492 2700 -
1518 2653 1604 2732 ἀμφὶ
1629 2651 1660 2719 dl
1684 2663 1751 2729 νήει

929 2756 1116 2836 σμερδαλέον
1139 2754 1317 2836 κονήβνσαν
1340 2756 1499 2821 ιὶνσθνπων
1526 2759 1576 2822 ὑπ’
1600 2760 1739 2839 Ἀχαιῶν
1764 2795 1806 2808 -

930 2864 1023 2941 μῦθον
1047 2862 1285 2935 ε’παινθσσανσες
1308 2862 1476 2938 Ὀδυσσῆος
1501 2865 1595 2929 θεθοιο.

840 2968 990 3037 Crederes
1024 2990 1100 3055 ergo
1134 2967 1263 3034 Ulixem
1294 2970 1443 3035 omnibus
1474 2973 1666 3056 persuasisse
1697 2977 1729 3036 et
1760 2974 1829 3036 iure
1852 2975 1981 3039 mireris

795 3079 906 3142 statim
935 3077 1086 3162 subsequi
1115 3076 1338 3142 vehementem
1361 3077 1506 3142 Nestoris
1529 3082 1728 3157 concionem,
1753 3078 1836 3144 unde
1859 3087 1982 3146 contra-

794 3185 881 3249 rium
905 3204 1054 3269 apparere
1077 3182 1221 3249 ridetur:

930 3287 950 3355 ὦ
975 3289 1082 3368 πθποι,
1104 3284 1122 3363 ή
1146 3289 1180 3364 δή
1204 3288 1293 3355 παισὶ
1318 3288 1474 3361 ιενοιιιθπες
1499 3290 1667 3370 αγσροθεσθε

859 3466 862 3472 ,
931 3395 1119 3476 ννπιθχοισ,
1143 3389 1185 3467 οἷς
1209 3394 1244 3461 οὔ
1267 3419 1295 3460 σι
1320 3396 1408 3473 μθλει
1432 3400 1588 3475 πολεμήια
1612 3397 1712 3476 rippa.

931 3512 975 3585 πῇ
1001 3501 1036 3575 δή
1060 3503 1211 3568 συνθεσίαι
1236 3526 1271 3567 πε
1295 3503 1346 3567 καὶ
1368 3499 1452 3581 θριιια
1475 3503 1608 3581 βήσεται
1632 3499 1702 3581 ήμιν

931 3608 1062 3674 σπονδαί
1084 3614 1113 3673 π’
1138 3607 1259 3687 ἄνρήποι
1285 3609 1336 3674 να)
1361 3607 1476 3686 δεξιαί,
1503 3605 1550 3691 plo*
1574 3608 1756 3689 ἐπέπιθμενς

796 3721 828 3781 et
852 3736 932 3800 quae
956 3724 1107 3781 secuntur
1130 3737 1229 3801 usque
1253 3715 1292 3781 ad
1315 3738 1363 3782 vs.
1390 3714 1465 3781 368.

841 3820 926 3886 Hinc
950 3821 1032 3886 mihi
1054 3829 1129 3887 nata
1152 3828 1199 3888 est
1223 3824 1362 3908 suspicio
1386 3825 1536 3907 primitus
1559 3825 1642 3886 inter
1664 3828 1835 3907 utramque
1858 3827 1982 3890 concio-

796 3950 870 3993 nem
904 3927 1001 3993 aliam
1035 3932 1140 3994 nescio
1174 3932 1266 3994 cuius
1300 3932 1477 3995 orationem
1512 3932 1733 4014 interpositam
1765 3930 1881 4007 fuisse,
1918 3953 1982 4017 qua

796 4056 890 4101 causa
912 4056 1023 4100 eorum
1045 4038 1101 4121 qui
1123 4034 1263 4101 reditum
1286 4038 1320 4100 in
1342 4038 1479 4121 patriam
1502 4034 1669 4100 suaderent
1692 4035 1818 4101 defensa
1840 4035 1951 4102 fuerit.

843 4253 955 4321 3357.
979 4255 1005 4319 sl
1028 4253 1060 4319 et
1083 4278 1128 4326 τις
1153 4252 1319 4330 ἔκπαγλος
1345 4253 1440 4318 ἐθέλει
1464 4252 1588 4320 νσῑιιθνδε
1612 4254 1748 4334 νέεσθαι,

978 4359 1120 4425 θππέσθο
1144 4368 1192 4435 εήι
1217 4358 1282 4434 anic
1308 4359 1485 4437 θυσσθλμοιο
1510 4363 1676 4440 μελαθνήο,

978 4466 1059 4546 ὄφρα
1084 4467 1215 4544 πρόσθ’
1239 4465 1372 4530 ἄλλων
1397 4465 1526 4531 θοθνασον
1550 4467 1602 4532 καὶ
1627 4468 1744 4543 πθπμον
1769 4468 1893 4549 ἒπθσπή.

796 4576 954 4641 Dubitent
983 4573 1119 4639 editores
1150 4578 1261 4637 utrum
1283 4570 1380 4637 σοιανι
1403 4573 1508 4637 cetaria
1530 4594 1569 4639 an
1588 4574 1679 4656 prisce
1702 4598 1789 4659 qaam
1813 4577 1904 4640 ceteri
1927 4599 1982 4643 ex-

796 4679 979 4764 plicandum
1002 4681 1061 4758 sit,
1085 4686 1249 4746 mouentes
1272 4677 1351 4743 alias
1374 4679 1481 4757 πρόσθε
1505 4701 1579 4745 curn
1603 4684 1754 4766 genetivo
1778 4681 1815 4746 de
1836 4687 1981 4769 tempore

796 4807 859 4852 nou
889 4790 1046 4873 usurpari.
1077 4788 1229 4851 Attamen
1264 4786 1476 4851 consideranti
1509 4789 1649 4872 priorem
1684 4790 1981 4873 interpretationem

797 4894 853 4956 vix
882 4893 1051 4971 idoneum,
1082 4895 1288 4978 posteriorem
1320 4895 1525 4978 aptissimum
1557 4914 1685 4959 sensum
1708 4895 1876 4981 praebere,
1902 4897 1981 4963 haec

798 4999 889 5063 unice
911 4999 1072 5083 probanda
1092 4999 1175 5064 mihi
1196 4999 1334 5065 videtur.
1358 4998 1406 5067 Of.
1432 5010 1459 5062 Δ
1473 4998 1539 5066 348
1564 5000 1673 5080 ὑμεθον
1695 5003 1887 5082 προπάροιθε.
