5125 6150
701 826 770 892 254
1041 845 1209 895 nrourerus
1230 847 1550 898 asmonaunsenrsrs.

703 1013 866 1082 κτηθεῖσαν
887 1009 1054 1087 ἡγεμονέαν
1074 1009 1169 1076 τένυν
1183 1012 1321 1093 αἰσχρῶς
1341 1013 1618 1093 ἀπολομένην,
1639 1005 1898 1101 uniuscuiusque

701 1121 751 1180 est
773 1118 949 1202 corrigere:
974 1115 1276 1194 ἀπολλυμένην.

747 1336 779 1400 X
803 1335 846 1400 30
870 1357 900 1421 p.
926 1335 1033 1402 2071:
1058 1341 1111 1402 τοῦ
1134 1338 1300 1415 Κορβιῶνος
1324 1337 1367 1401 τά
1389 1336 1481 1418 τιέχη
1506 1338 1796 1414 κατασπάσας.
1821 1340 1898 1408 Diei

700 1441 760 1507 hoo
783 1440 880 1507 solet:
905 1442 1198 1520 κατασκάψας.

745 1645 777 1708 X
801 1643 845 1708 32
868 1665 898 1729 p.
924 1642 1031 1709 2076:
1064 1644 1078 1708 d
1109 1643 1166 1720 μέν
1190 1643 1360 1722 άντιλέγονν
1383 1645 1476 1717 Γάϊος
1499 1644 1651 1718 Κλαύδιος
1675 1641 1709 1719 ἦν
1730 1644 1844 1725 μένος,
1870 1647 1896 1714 οἱ

700 1747 731 1812 δὲ
752 1748 1148 1826 συγκαταλέγοντα
1168 1750 1287 1814 τολλοέ.
1309 1750 1397 1814 Haeo
1418 1756 1465 1814 est
1483 1748 1641 1815 librorum
1660 1755 1897 1837 manuscripto

699 1875 774 1918 rum
797 1853 909 1932 leotio,
934 1875 1014 1938 quae
1037 1875 1138 1939 quum
1162 1855 1237 1919 ferri
1259 1861 1413 1940 nequeat,
1434 1854 1585 1920 Reiskius
1609 1858 1741 1920 oonieeit
1759 1879 1897 1934 συναγα

697 1959 834 2038 ρεύοντες
856 1958 952 2041 idque
975 1958 1192 2046 Kiesslingius
1212 1960 1289 2024 adeo
1308 1963 1342 2023 in
1362 1965 1490 2024 textum
1506 1960 1630 2026 intulit.
1654 1961 1738 2026 Mihi
1758 1963 1896 2046 quidem

697 2063 784 2130 haud
813 2067 861 2128 ita
891 2062 967 2128 felix
990 2063 1047 2129 illa
1070 2067 1250 2130 coniectura
1272 2064 1402 2131 videtur
1424 2073 1457 2130 at
1479 2064 1575 2151 longe
1599 2066 1735 2132 seribere
1759 2067 1895 2134 malim:

697 2174 1091 2246 συγκαταινοῦντας.

742 2371 774 2435 X
794 2370 837 2435 34
857 2393 887 2457 p.
908 2369 1015 2435 2081:
1037 2370 1199 2449 ὑπηρέταις
1220 2396 1262 2436 τι
1283 2371 1349 2436 καὶ
1370 2371 1643 2450 ἀγορανόμοις
1665 2371 1891 2448 έτιτάττοντες

694 2474 785 2554 άγειν
820 2477 863 2548 εἰς
898 2478 933 2540 τὸ
963 2477 1165 2555 δεσμωτήριον
1199 2474 1367 2558 άρχοντας.
1407 2477 1506 2562 Saepe
1538 2475 1715 2563 Dionysius
1744 2478 1893 2565 appellet

695 2579 812 2648 aediles
847 2583 1051 2647 tribunorum
1086 2582 1255 2660 ὑπηρέτας·
1293 2583 1409 2648 fenerat
1443 2583 1502 2648 hoo
1533 2586 1631 2648 etiam
1663 2604 1766 2670 praee.
1793 2606 1889 2672 pag.;

694 2691 841 2773 quocirca
862 2689 989 2753 eliciam
1012 2686 1189 2774 glossulam
1213 2713 1255 2753 τι
1279 2687 1346 2752 καὶ
1370 2685 1550 2768 άγορανέ
1558 2710 1659 2765 μοις.

738 2905 770 2969 X
794 2904 837 2969 34
860 2928 891 2991 p.
916 2904 1022 2970 2082:
1055 2904 1197 2981 ητεέλουν
1300 2907 1342 2970 τά
1373 2902 1457 2970 άτλα
1482 2907 1712 2986 τεριέιὶσοιν
1735 2917 1801 2983 τοῖς
1826 2934 1889 2975 οτα-

692 3009 825 3090 τρικέοις.
855 3010 940 3077 Mire
968 3012 1028 3077 hoo
1059 3011 1182 3077 dietum
1214 3017 1280 3090 est;
1311 3033 1414 3078 nonne
1438 3013 1546 3077 verius
1569 3019 1617 3078 est
1640 3015 1889 3093 τροάῆσεινέ

736 3229 768 3293 Χ
792 3227 835 3294 36
866 3250 896 3313 p.
920 3226 1020 3293 2087.
1052 3228 1088 3291 L.
1119 3226 1242 3292 Sioeius
1265 3226 1424 3292 Dentatus
1447 3233 1555 3293 narrat
1579 3250 1628 3306 se,
1654 3251 1756 3314 quum
1782 3253 1885 3300 annos

690 3340 772 3399 esset
801 3339 896 3398 natus
923 3333 1057 3411 XXVII,
1082 3354 1163 3398 anno
1187 3332 1252 3399 487
1276 3336 1419 3420 primum
1441 3344 1641 3412 ςρατιυτικῆς
1665 3359 1743 3408 τινος
1770 3342 1886 3418 ἡγεμο-

690 3441 756 3511 νέοις
779 3447 899 3519 τυχεῖν,
923 3439 994 3503 τότε
1018 3439 1073 3516 μέν
1097 3439 1226 3516 στεέροις
1252 3440 1428 3516 ἡγούμενον,
1453 3438 1524 3504 τότε
1549 3440 1579 3504 δέ
1604 3437 1674 3505 ὅλου
1698 3441 1882 3520 τάγματος.

688 3544 731 3610 Et
762 3545 820 3610 hoo
852 3545 981 3629 quidem
1014 3543 1104 3609 facile
1130 3544 1297 3609 intellectu
1320 3550 1384 3623 est;
1409 3545 1465 3609 sed
1487 3546 1565 3630 quid
1588 3552 1635 3610 est
1658 3546 1741 3612 illud
1766 3550 1885 3616 ε’τατ·

688 3649 816 3726 τέμην
841 3648 866 3712 δ’
887 3649 930 3714 ἔτι
955 3650 1025 3713 ὑτὸ
1048 3649 1268 3730 λοχαγῶνέ
1288 3647 1506 3735 Kiesslingius
1524 3650 1626 3715 edidit
1647 3652 1703 3715 ὑπὸ
1723 3658 1882 3736 λοχαγῷ,

688 3775 751 3840 quo
782 3775 843 3819 non
873 3754 1016 3818 multum
1048 3755 1245 3840 proficimus3
1277 3755 1312 3819 id
1343 3760 1471 3819 tantum
1502 3756 1667 3834 videmus,
1695 3779 1728 3823 ra
1752 3759 1884 3827 fortiter

686 3866 779 3946 gesta
798 3858 960 3925 consulam
981 3881 1017 3924 eo
1038 3881 1119 3924 anno
1137 3880 1233 3944 quem
1254 3860 1321 3924 dixi
1340 3865 1510 3924 strenuum
1530 3860 1715 3927 bellatorem
1735 3867 1882 3941 ἡγεμόνα

686 3974 743 4040 τῆς
774 3967 901 4045 στείρας
933 3964 1092 4040 άτοδεῖξαι
1116 3968 1224 4049 itaque
1247 3964 1381 4028 σοαέοιιάο
1403 3965 1505 4031 faetus
1529 3973 1586 4032 est.
1612 3967 1696 4033 Hine
1719 3974 1792 4035 tuto
1817 3994 1884 4039 ore

686 4070 760 4135 dere
786 4069 862 4135 lieet
891 4090 967 4134 eum
989 4070 1154 4153 hueusque
1177 4072 1323 4154 proximo
1346 4070 1449 4155 gradu
1472 4092 1490 4135 a
1513 4075 1735 4138 centurionatu
1760 4076 1881 4156 fuisse,

685 4182 740 4251 ut,
780 4176 882 4239 sioubi
917 4195 997 4259 opus
1032 4181 1130 4250 esset,
1166 4176 1305 4239 absentis
1339 4179 1536 4241 centurionis
1570 4180 1674 4242 vicem
1710 4180 1882 4266 suppleret

686 4282 818 4364 eiusque
850 4278 978 4355 „looum
1008 4278 1163 4343 teneret''.
1192 4278 1271 4344 Erat
1302 4282 1414 4366 igitur,
1444 4282 1714 4365 quemadmodum
1738 4284 1883 4354 Romani

686 4383 874 4468 loquuntur,
900 4383 981 4464 optio
1004 4405 1029 4448 s.
1053 4384 1248 4447 adoratorio.
1278 4383 1455 4470 Dionysius
1478 4385 1722 4471 Xenophontem
1746 4399 1882 4459 secutus

685 4486 886 4568 ὑτολοχαγέν
910 4488 1074 4552 hominem
1097 4490 1204 4573 potuit
1226 4487 1385 4572 appellare
1409 4496 1441 4553 et
1464 4511 1578 4555 verum
1602 4491 1733 4558 fortasse
1756 4496 1882 4563 videbi-

683 4599 755 4658 tur:
781 4593 1062 4672 έςρατευάμην
1085 4592 1110 4656 δ’
1134 4589 1179 4656 έτι
1204 4592 1486 4672 ὑπολοχαγῶν.

728 4798 760 4862 Χ
786 4798 829 4863 38
853 4822 885 4886 p.
909 4798 1015 4864 2094:
1040 4800 1172 4871 ὤσαντες
1197 4800 1274 4865 άπὸ
1298 4803 1353 4864 τοῦ
1376 4805 1517 4878 κρημνοῦ.
1541 4801 1629 4867 lmo:
1654 4804 1775 4872 κατά.
