5125 6150
823 823 888 892 378
1245 845 1360 893 166611
1383 843 1554 892 consonos.

817 1012 936 1077 comica
968 1011 1059 1076 facile
1088 1014 1204 1098 viginti
1234 1010 1286 1076 661
1315 1013 1450 1097 triginta
1472 1031 1623 1076 versuum
1647 1013 1788 1097 spatium
1810 1010 1997 1098 expleverit.

863 1118 1007 1184 Fuerunt
1039 1120 1141 1205 igitur
1171 1120 1204 1182 in
1233 1117 1340 1183 1611616
1371 1138 1546 1204 anonyma,
1577 1138 1673 1203 quam
1704 1118 1840 1184 Plautus
1872 1121 1907 1183 in
1938 1119 1998 1183 hac

819 1246 942 1310 quoque
971 1245 1063 1290 scena
1092 1246 1144 1291 me
1174 1225 1278 1290 iudice
1309 1229 1436 1289 secutus
1465 1229 1530 1302 est,
1554 1230 1626 1309 post
1648 1246 1678 1290 v.
1706 1224 1927 1302 1581111661;
1954 1225 1999 1290 de

818 1334 1083 1397 contumacia
1113 1330 1253 1408 lenonis,
1285 1330 1532 1417 imploratio
1561 1331 1795 1419 Agorastoclis‚
1828 1334 1998 1418 promis·

819 1442 879 1503 sio
908 1437 1111 1523 Milphionis,
1144 1438 1216 1504 dein
1245 1438 1338 1504 ambo
1366 1438 1499 1503 domum
1522 1440 1611 1503 ibant
1635 1444 1667 1503 et
1690 1439 1882 1524 sequebatur
1904 1461 2000 1505 scena

819 1543 839 1608 2
871 1543 1149 1629 soliloquium
1180 1544 1298 1631 Lyci,
1330 1544 1458 1609 tandem
1488 1543 1538 1609 illi
1568 1547 1602 1608 in
1625 1548 1824 1631 proscenium
1846 1545 1999 1624 redeunt,

821 1650 889 1727 sed,
922 1654 954 1714 ni
984 1648 1085 1729 fallor,
1109 1649 1246 1736 Milphio
1268 1650 1365 1735 paulo
1387 1657 1460 1716 ante
1484 1650 1649 1716 dominum
1672 1658 1704 1717 et
1733 1673 1861 1739 pauca
1891 1673 2001 1739 prae

819 1759 951 1833 fatus,
984 1763 1021 1822 ut
1051 1756 1183 1822 'l'oxilus
1213 1759 1246 1821 in
1278 1756 1347 1821 12.
1364 1756 1459 1835 1-8,
1490 1760 1619 1823 exeunti
1649 1758 1846 1846 Agorastocli
1867 1761 2000 1825 1666616

818 1885 874 1929 sua
897 1869 1022 1929 enarrat
1043 1865 1197 1948 incipiens
1221 1864 1287 1929 iere
1311 1865 1349 1929 ab
1372 1867 1413 1929 iis
1436 1885 1516 1950 quae
1538 1863 1693 1951 leguntur
1715 1887 1745 1931 v.
1773 1864 1846 1930 159.

862 1969 949 2035 Η666
972 1973 1094 2048 omnia,
1113 1969 1209 2035 finem
1229 1991 1338 2036 scenae
1356 1973 1496 2055 primae,
1516 1991 1642 2036 scenam
1661 1970 1795 2037 alteram
1813 1977 1846 2036 et
1863 1974 1999 2037 initium

817 2080 945 2154 tertiae,
978 2098 1057 2162 quae
1086 2077 1129 2141 50
1159 2075 1212 2142 661
1243 2076 1286 2142 60
1317 2098 1427 2143 versus
1458 2080 1699 2163 occupaverint,
1732 2077 1864 2142 Plautus
1889 2080 2000 2143 omisit

818 2205 880 2249 non
900 2182 996 2249 aliam
1016 2184 1055 2250 ob
1075 2204 1202 2249 causam
1221 2204 1318 2268 quam
1336 2205 1375 2248 66
1393 2185 1490 2249 616116
1507 2183 1604 2271 longa
1623 2184 1711 2250 fieret
1721 2184 1837 2251 fabula.
1858 2184 1999 2264 Quaevis

818 2291 1042 2355 contaminatio
1066 2291 1372 2374 parit.omissiones;
1397 2292 1536 2356 severior
1558 2298 1668 2376 poetae
1687 2289 1750 2356 alia
1768 2293 2000 2376 praeteriisset,

818 2396 907 2462 velut
940 2417 1043 2482 nugas
1074 2395 1211 2480 prolixas
1242 2396 1468 2461 advocatorum
1498 2399 1530 2460 in
1560 2396 1606 2462 III
1636 2418 1678 2462 sc.
1712 2398 1740 2461 1.
1766 2397 1797 2462 2.
1823 2396 1859 2475 3,
1890 2400 1999 2483 661166

817 2524 914 2588 quam
943 2510 982 2566 ut
1010 2503 1224 2568 oeconomiam
1254 2501 1381 2568 fabulae
1412 2509 1646 2588 corrumperet,
1675 2504 1730 2568 sed
1753 2503 1869 2570 Plauto
1891 2525 2000 2592 nugae

818 2631 943 2695 semper
964 2612 1102 2695 potiores
1123 2609 1254 2675 fuerunt
1275 2631 1371 2696 quam
1394 2611 1498 2674 iustus
1521 2630 1628 2675 rerum
1650 2632 1823 2697 processus.

864 2823 972 2909 [ionga
1003 2823 1095 2889 aliter
1126 2823 1164 2889 de
1195 2825 1310 2889 horum
1343 2826 1497 2889 vitiorum
1529 2831 1641 2890 natura
1664 2831 1696 2890 61
1717 2829 1819 2891 666616
1842 2826 2002 2893 iudicavit

819 2931 898 3007 Leo,
918 2951 992 2995 oum
1012 2930 1072 2994 sibi
1092 2933 1283 3014 persuaserit
1301 2929 1374 2995 inde
1393 2951 1429 2994 66
1449 2937 1517 2995 6116
1535 2952 1619 3009 6666,
1640 2932 1723 3017 quod
1741 2932 1876 2998 Plautus
1895 2939 2000 3000 totam

818 3038 898 3103 hanc
929 3057 1055 3103 scenam
1085 3036 1268 3102 conflaverit
1291 3057 1329 3103 ex
1352 3036 1540 3123 fragmentis
1563 3036 1645 3103 male
1668 3038 1828 3124 dispositis
1852 3038 2001 3126 maleque

819 3145 957 3209 consutis
988 3144 1154 3227 utriusque
1184 3142 1309 3208 fabulae
1332 3163 1471 3228 graecae.
1498 3140 1628 3210 0666161
1652 3146 1826 3210 secundum
1849 3167 1925 3211 eum
1949 3147 2000 3213 his

819 3251 978 3335 partibus:

864 3381 893 3421 a.
925 3379 956 3421 v.
982 3355 1157 3420 129-155
1188 3358 1323 3432 61161161,
1354 3358 1409 3441 qui
1440 3359 1560 3441 sumpti
1590 3362 1666 3421 6661
1688 3379 1727 3422 ex
1754 3359 1787 3422 1⁸
1810 3380 1899 3424 scena
1925 3357 2000 3427 Gar-

926 3463 1077 3528 ohedonii.

864 3572 889 3634 t.
927 3592 958 3635 6.
986 3567 1170 3647 158-189,
1194 3589 1233 3633 ex
1257 3566 1301 3632 3ἰΙι
1324 3588 1416 3633 66666
1438 3589 1612 3654 anonymae
1636 3575 1707 3654 post
1729 3592 1761 3635 v.
1785 3571 1862 3662 415.

866 3700 889 3741 o.
926 3697 957 3740 v.
985 3673 1171 3752 190-202,
1195 3696 1233 3740 ex
1257 3695 1415 3761 anonyma
1436 3683 1508 3759 post
1530 3697 1562 3739 v.
1587 3674 1652 3740 409
1671 3678 1786 3763 (igitur
1806 3699 1844 3742 ex
1865 3699 1907 3743 66.
1930 3677 2000 3759 316).

863 3784 895 3845 sl.
927 3801 958 3846 v.
983 3779 1172 3863 eoa-209,
1197 3802 1235 3845 ex
1260 3781 1294 3844 1·
1317 3801 1409 3846 scena
1431 3777 1645 3846 Carchedonii.

864 3889 1097 3972 Persequamur
1121 3886 1273 3975 singulas.

866 4020 894 4059 6.
930 3993 1129 4059 Sententiam
1160 3993 1198 4057 de
1227 3996 1322 4058 initio
1345 4013 1454 4058 scenae
1475 3996 1525 4058 vir
1546 3992 1584 4057 cl.
1609 3993 1697 4059 nulla
1720 3999 2001 4080 argumentatione

821 4101 995 4178 stabilivit,
1032 4100 1085 4165 sed
1116 4102 1222 4186 posuit
1252 4106 1379 4164 tantum
1410 4100 1460 4164 his
1490 4100 1594 4164 verbis
1624 4123 1654 4186 p.
1690 4099 1753 4165 160
1784 4102 1886 4166 infra:
1929 4104 2000 4180 „lm

823 4208 971 4293 „Aniang
993 4207 1047 4272 des
1071 4205 1268 4286 Καρχεδάνιος
1292 4205 1384 4292 klagt
1406 4205 1461 4270 der
1483 4205 1640 4292 Jiingling
1663 4207 1735 4272 dem
1755 4206 1893 4273 Sklaven
1914 4214 2001 4276 scine

823 4315 939 4394 „Liebe
975 4315 1033 4379 6616
1067 4315 1113 4378 161
1145 4310 1294 4380 06166116
1324 4312 1388 4377 und
1423 4311 1631 4378 Pseudolus”.
1663 4313 1751 4379 Sitne
1782 4313 1840 4379 hoc
1866 4336 1999 4396 verum,

820 4443 975 4508 nusquam
1011 4428 1149 4507 apparet.
1185 4420 1288 4487 Immo
1323 4419 1396 4485 talis
1427 4419 1570 4506 querela,
1603 4442 1732 4505 prorsus
1762 4425 1937 4488 necessaria
1966 4427 2002 4489 16

820 4550 994 4614 anonyma,
1031 4528 1087 4592 ubi
1109 4526 1298 4612 Milphionis
1322 4547 1415 4612 opera
1437 4525 1630 4612 imploratur
1652 4533 1684 4592 et
1707 4530 1882 4611 acquiritur
1904 4536 1943 4595 ut
1965 4534 2001 4595 in

822 4633 1009 4702 Curculione
1041 4640 1073 4699 et
1102 4632 1275 4711 Pseudolo,
1300 4634 1408 4698 abesse
1429 4635 1536 4719 potuit
1557 4636 1590 4697 in
1614 4631 1847 4711 Carchedonio,
1873 4635 1946 4715 ubi,
1973 4640 2001 4702 si

822 4747 929 4805 tamen
962 4741 1082 4818 adfuit,
1118 4740 1201 4824 quod
1232 4761 1333 4826 neque
1363 4739 1484 4804 affirmo
1514 4760 1569 4804 nec
1599 4761 1698 4826 nego,
1731 4739 1853 4805 nullam
1884 4741 2001 4808 saltem

821 4850 942 4933 peperit
964 4847 1159 4913 fructuosam
1181 4849 1265 4912 servi
1288 4866 1425 4933 operam.
1450 4846 1561 4931 ltaque
1584 4847 1647 4912 Leo
1667 4867 1735 4912 rsm
1753 4849 1902 4926 invertit,
1924 4871 2001 4916 cum

820 4956 854 5020 in
893 4952 1073 5019 fabularum
1114 4956 1320 5041 descriptione
1356 4977 1387 5039 p.
1422 4952 1486 5018 154
1519 4953 1675 5019 adsereret
1710 4954 1748 5020 de
1782 4952 1999 5023 Carchedonio
