5125 6150
800 1847 1175 1953 RUHNKENIUS
1208 1850 1432 1955 NABERO
1466 1853 1507 1954 S.
1522 1852 1567 1955 P.
1580 1853 1629 1959 D.

1121 2196 1126 2200 .
1141 2194 1304 2203 -------—-

620 2431 714 2515 Quid
744 2454 919 2505 numeros
946 2432 1083 2504 mirare
1109 2454 1229 2519 mooe,
1255 2430 1421 2521 Nabere,
1447 2432 1673 2526 modosquet

671 2557 730 2627 An
758 2581 832 2630 non
859 2582 917 2630 res
942 2559 1035 2630 illud
1062 2559 1211 2653 flagitat
1235 2560 1315 2654 ipsa
1340 2560 1473 2633 deensi

621 2685 807 2758 Laetitiae
834 2691 985 2758 tantum
1011 2693 1113 2760 certe
1142 2687 1233 2758 mihi
1259 2688 1433 2781 praebuit
1457 2688 1544 2774 illa,

670 2812 845 2907 Surgeret
870 2817 915 2886 ut
940 2815 1103 2886 tenebris
1130 2815 1265 2887 clarior
1290 2816 1390 2888 hisee
1415 2815 1503 2887 dies.

621 2940 766 3034 Nempe
792 2964 857 3034 per
882 2942 1028 3036 Elysios
1055 2964 1205 3035 campos
1234 2964 1371 3036 perque
1398 2966 1489 3016 arva
1514 2944 1662 3037 piorum

671 3068 768 3140 Dum
796 3070 950 3164 spatior,
977 3093 1101 3142 rerum
1127 3069 1341 3165 nescioquid
1368 3069 1574 3158 meditatie,

621 3197 760 3270 Obvius
787 3198 849 3271 ille
876 3198 987 3286 mihi,
1013 3220 1087 3291 quo
1113 3222 1307 3292 nunquam
1336 3201 1457 3272 carior
1482 3199 1582 3273 hisce

671 3324 825 3399 Sedibus
851 3326 1007 3398 accessit·
1030 3326 1294 3420 candidiorque
1321 3348 1455 3399 comes.

621 3455 693 3525 Vix
718 3477 811 3547 opus
837 3459 914 3542 est,
940 3452 1108 3540 Nubere,
1134 3452 1205 3525 tibi
1231 3453 1306 3524 iam
1333 3453 1455 3527 dieere
1478 3477 1638 3543 nomen,

672 3583 772 3654 Haec
797 3583 886 3674 quia
913 3582 1173 3653 demonstrant
1199 3581 1250 3652 sic.
1275 3603 1423 3674 quoque
1448 3582 1550 3654 dicta
1575 3584 1718 3671 virum;

623 3709 766 3781 Addere
791 3713 829 3781 et
856 3710 923 3780 hoc
951 3730 1119 3801 possum:
1146 3712 1344 3802 postquam
1372 3709 1435 3781 ille
1456 3709 1629 3798 advenit,
1651 3710 1811 3785 Athenis

674 3835 831 3908 Debitus
857 3836 1022 3929 antiquis
1047 3835 1106 3907 hie
1132 3839 1336 3907 renovatur
1361 3837 1496 3910 honor:

626 3964 809 4037 Versiculi
835 3968 1012 4037 resonant
1038 3964 1188 4051 Graeci,
1214 3963 1314 4051 ioca,
1339 3965 1458 4055 dieta,
1483 3990 1551 4039 neo
1577 3991 1744 4060 unquam

672 4091 765 4162 Tam
793 4113 907 4185 prope
934 4115 993 4164 me
1021 4091 1131 4164 tellus
1158 4091 1325 4185 Cecropis
1350 4099 1439 4167 ante
1464 4093 1546 4166 fuit.

623 4220 733 4292 Hunc
759 4241 827 4313 ego
855 4219 1102 4312 conspiciens:
1134 4263 1200 4305 ,—
1227 4220 1374 4309 hilaris,
1401 4222 1557 4310 Oobete,
1584 4222 1720 4294 videris

673 4345 872 4438 Nescioqui
897 4346 1008 4417 solito
1034 4370 1134 4418 nuno
1160 4347 1251 4418 mihi
1276 4348 1414 4442 quippe
1441 4349 1559 4443 magis
1584 4391 1631 4400 -

622 4474 698 4547 Ede
723 4473 812 4567 quid
836 4473 876 4545 in
902 4478 1066 4545 mentem
1093 4473 1246 4546 iucundi
1272 4475 1452 4547 venerit—.”
1482 4476 1549 4549 llle

743 4602 881 4674 Laetus
907 4600 1006 4671 enim
1033 4623 1190 4694 semper,
1216 4606 1307 4673 tune
1332 4607 1461 4674 tamen
1486 4625 1550 4675 ore
1574 4603 1676 4675 nitor

625 4730 774 4802 Urbano
800 4733 839 4802 et
865 4728 987 4821 lepido
1016 4728 1131 4800 mirus
1156 4729 1374 4823 splendebat
1398 4729 1437 4800 in
1465 4729 1530 4803 illo
1557 4773 1602 4783 -

673 4860 722 4946 ,0
748 4863 897 4956 gratare
925 4857 1036 4946 mihi,
1062 4857 1239 4930 candidus
1265 4858 1367 4930 hiooe
1392 4858 1488 4931 dies!
