5125 6150
936 822 978 869 nn
1000 821 1206 870 nuenuuorue
1228 822 1414 871 runneonm.
1717 803 1759 869 85

584 1005 671 1048 renos
705 986 840 1070 probare
874 986 998 1051 studet:
1036 987 1167 1063 „Ulixes
1201 991 1303 1072 procis
1336 988 1511 1054 interfectis
1542 988 1763 1074 Nymphisque

582 1088 713 1175 placatis
744 1095 880 1179 navigat
911 1096 945 1157 in
976 1091 1104 1158 Elidem
1134 1100 1171 1158 ut
1201 1101 1344 1159 armenta
1375 1115 1432 1159 sue
1455 1096 1619 1180 inspiciat;
1647 1113 1763 1179 arege

583 1195 746 1283 Polyxene
776 1201 833 1282 qni
862 1204 1017 1263 crateram
1047 1201 1076 1263 ei
1106 1199 1187 1264 dono
1218 1199 1272 1264 dat
1303 1202 1436 1265 comiter
1465 1207 1630 1285 exceptus,
1661 1198 1763 1264 denuo

580 1325 695 1369 navem
728 1304 869 1369 ascendit
899 1310 937 1370 ut
959 1304 1119 1371 Lebadeae
1142 1305 1362 1391 Trophonium
1385 1307 1531 1373 consulat
1553 1308 1683 1371 ubinam
1706 1312 1766 1371 ter·

579 1431 689 1475 rarum
723 1410 888 1475 hominem
917 1433 1025 1476 rerum
1054 1415 1292 1477 maritimarum
1322 1416 1471 1499 ignarum
1501 1415 1689 1477 inventurus
1712 1414 1764 1476 sit.

579 1514 760 1600 Trophonii
789 1519 878 1581 iussu
909 1519 942 1581 in
972 1517 1142 1583 Arcadiam
1166 1519 1205 1583 ad
1228 1518 1423 1604 Agamedem
1447 1517 1632 1604 Stymphali
1654 1538 1765 1604 regem

580 1643 748 1695 reverens,
768 1625 892 1687 invenit
910 1624 956 1687 ibi
975 1626 1138 1689 hominem
1150 1627 1347 1709 quaesitum;
1368 1625 1517 1709 Neptuno
1530 1623 1683 1690 sacrificet
1695 1624 1768 1688 dein

580 1726 729 1793 Ithacam
750 1728 849 1805 redit,
868 1728 922 1793 sed
941 1732 974 1793 in
993 1733 1105 1795 itinere
1125 1729 1208 1814 apud
1228 1733 1369 1815 Augiam
1389 1731 1573 1796 devertitur.
1597 1731 1676 1795 Post
1692 1730 1769 1794 haec

579 1832 725 1898 Tiresiae
745 1837 942 1899 monitorum
961 1836 1038 1900 bene
1057 1857 1189 1910 memor,
1208 1837 1356 1900 omnibus
1375 1836 1436 1901 diis
1457 1836 1606 1901 sacrificia
1625 1835 1746 1901 offert.’'

627 1940 678 2004 Ad
714 1940 794 2006 hanc
828 1940 1072 2026 explicationem
1103 1941 1325 2006 stabiliendam
1356 1941 1444 2006 affert
1474 1964 1505 2007 v.
1536 1942 1565 2008 d.
1597 1962 1767 2006 nummum

580 2045 745 2130 quendam
776 2047 976 2124 Mantineae,
1007 2049 1098 2111 cuius
1130 2050 1306 2133 imaginem
1330 2049 1530 2132 interpretari
1553 2047 1769 2111 numismatici

582 2153 752 2236 hucusque
787 2153 905 2218 frustra
939 2158 1112 2218 tentarunt.
1146 2152 1405 2240 Pomp-Gardner
1422 2153 1445 2233 ¹)
1478 2160 1587 2218 autem
1618 2156 1662 2219 eie
1693 2173 1767 2216 eum

582 2259 753 2324 describit:
788 2258 892 2336 „male
922 2259 1042 2346 figure,
1068 2260 1214 2341 bearded,
1239 2263 1380 2347 wearing
1402 2259 1522 2346 pileus,
1547 2261 1637 2325 short
1661 2260 1767 2324 chiton

583 2368 650 2452 girt
673 2387 717 2450 up
737 2365 797 2429 and
817 2365 908 2430 boote
927 2367 1005 2430 with
1024 2365 1100 2452 long
1119 2366 1195 2430 ends
1214 2366 1327 2432 turned
1345 2388 1398 2451 up,
1416 2365 1507 2431 holds
1518 2369 1551 2429 in
1564 2363 1671 2430 esther
1683 2363 1766 2429 hand

579 2469 715 2556 javelin.
740 2469 910 2536 Described
932 2493 966 2536 as
988 2493 1006 2536 a
1028 2471 1198 2536 fisherman
1218 2473 1261 2557 by
1280 2472 1453 2551 lmh00f2).
1479 2470 1555 2535 This
1575 2470 1766 2555 description

583 2583 700 2641 cannot
722 2577 761 2641 be
785 2577 964 2642 considered
986 2600 1020 2642 as
1043 2579 1253 2668 satisfactory,
1279 2579 1336 2643 but
1358 2600 1377 2643 a
1395 2579 1498 2643 better
1517 2576 1718 2662 explanation
1737 2578 1766 2641 is

584 2688 641 2748 not
663 2688 721 2769 yet
745 2682 875 2747 found.''

628 2787 793 2854 Svoronns
826 2810 902 2854 vero
931 2796 1089 2854 asseverat
1119 2790 1284 2854 hominem
1315 2791 1370 2874 qui
1400 2791 1433 2852 in
1465 2810 1597 2853 nummo
1628 2788 1768 2853 cemitnr

582 2915 653 2960 esse
683 2894 831 2972 Ulixem;
867 2900 990 2960 vestem
1021 2894 1183 2960 insolitam
1213 2895 1331 2959 indicio
1362 2915 1427 2959 esse
1458 2894 1586 2959 heroem
1618 2892 1713 2958 modo
1734 2894 1767 2955 in

582 3000 762 3087 Trophonii
784 3006 912 3065 antrum
935 3001 1146 3079 descendisse,
1171 3000 1394 3078 κεκοσμημένον
1417 3001 1481 3080 ἱερῷ
1506 3001 1650 3082 σχήματι
1665 2998 1708 3081 3);
1732 2997 1766 3063 id

584 3108 670 3194 qnod
702 3110 831 3172 sinistra
859 3128 957 3173 mann
988 3116 1093 3173 teneat
1123 3129 1184 3173 non
1209 3107 1311 3172 telum
1336 3129 1403 3173 esse
1427 3107 1479 3172 sed
1504 3128 1645 3185 remum,
1670 3127 1765 3191 quem

584 3235 705 3301 magna
729 3217 763 3277 ri
785 3216 818 3277 in
842 3220 925 3279 terra
947 3214 1075 3301 infigat;
1101 3213 1219 3279 calceos
1243 3214 1375 3298 denique
1398 3234 1546 3278 recurvos
1570 3234 1637 3278 esse
1656 3214 1768 3292 ἐπιχω-

583 3324 649 3402 ρίας
673 3318 748 3384 illas
771 3319 917 3397 κρηπῖδας
938 3340 1073 3405 quarum
1091 3320 1262 3384 Pausanias
1281 3319 1338 3395 IX,
1360 3318 1447 3396 39,8
1466 3321 1661 3384 mentionem
1681 3319 1766 3384 facit.

584 3425 742 3492 Observat
771 3425 881 3490 deinde
905 3425 1063 3491 Svoronos
1087 3425 1341 3511 Epaminondam
1365 3432 1437 3491 ante
1460 3445 1602 3513 pugnam
1624 3425 1766 3490 Leuctri-

584 3553 655 3598 cam
686 3534 722 3595 in
753 3534 936 3597 concionem
966 3530 1110 3596 militnm
1139 3532 1353 3597 introduxisse
1376 3534 1484 3596 virum
1506 3533 1568 3597 otri
1592 3532 1765 3610 Τρωφονίου

583 3635 773 3717 προσφάτως
797 3636 1021 3714 ἄναβεβηκδτα
1046 3640 1101 3722 qui
1124 3637 1259 3716 diceret,
1283 3634 1329 3701 ire
1353 3638 1435 3712 νίκην
1458 3637 1557 3703 δίδωσι
1581 3638 1595 3702 d
1620 3638 1684 3709 θεὸς
1702 3645 1764 3709 τοῖς

584 3742 715 3822 ἄρχουσι
749 3750 803 3815 τῆς
836 3742 946 3825 μάχης
961 3742 997 3822 ⁴).
1029 3743 1263 3808 Mantineenses
1294 3746 1406 3829 igitur,
1430 3766 1504 3808 cum
1527 3742 1767 3809 Lacedaemonii

583 3848 624 3915 ad
653 3848 792 3913 Leuctra
822 3856 925 3914 essent
955 3849 1117 3937 profligati
1148 3856 1180 3915 et
1202 3852 1347 3934 ipsorum
1370 3851 1446 3915 urbs
1470 3849 1571 3914 denuo
1594 3849 1768 3914 aedificare·

584 3961 650 4032 tnr,
685 3954 772 4020 haud
801 3954 897 4020 dubie
927 3977 1047 4020 novum
1079 3977 1251 4020 nummum
1283 3955 1421 4032 cudisse,
1449 3958 1482 4020 in
1509 3976 1571 4041 quo
1598 3962 1707 4041 gratos
1734 3974 1766 4018 se

583 4061 768 4147 Trophonio
802 4060 1026 4148 significarent.
1062 4061 1152 4126 Hanc
1187 4062 1226 4126 ob
1262 4083 1330 4126 rem
1364 4063 1539 4147 imaginem
1573 4059 1677 4125 Ulixis
1710 4056 1767 4122 illo

583 4188 720 4233 nummo
745 4187 926 4252 expressam
950 4170 1005 4252 qui
1028 4172 1060 4231 et
1078 4169 1146 4252 ipse
1164 4203 1206 4214 —
1227 4171 1264 4230 ut
1285 4187 1303 4230 a
1322 4167 1493 4230 maioribus
1513 4167 1705 4249 accepissent
1724 4195 1766 4212 —

583 4274 766 4355 antiquitus
789 4271 899 4336 eodem
922 4271 979 4337 deo
1002 4282 1151 4337 monente
1173 4273 1206 4335 in
1229 4268 1398 4334 Arcadiam
1420 4273 1568 4334 venisset.

629 4376 741 4463 Specie
776 4384 885 4443 acutae
919 4378 1015 4442 huius
1050 4378 1274 4460 disputationis
1309 4376 1458 4460 abreptus
1488 4370 1680 4439 Studuicclra
1709 4370 1731 4435 l.
1744 4369 1766 4435 l.

581 4485 787 4569 pronuntiat:
813 4482 1015 4561 „Sucronum
1034 4504 1090 4548 nos
1109 4484 1241 4546 domiue
1259 4482 1364 4547 Ulixis
1383 4484 1445 4546 iter
1463 4484 1496 4545 in
1515 4478 1767 4563 Peloponnesum

618 4700 645 4762 1)
672 4697 748 4746 Cetel.
775 4696 853 4745 Greek
880 4696 951 4746 Coins
975 4696 1057 4761 Pelop.
1081 4713 1103 4761 p.
1131 4696 1217 4753 184,b.
1246 4695 1326 4743 &stet
1350 4691 1471 4757 exemplar
1489 4692 1559 4741 huius
1577 4691 1667 4740 nummi
1685 4690 1769 4752 Hegne

580 4781 686 4830 Comitis
702 4780 728 4829 in
744 4779 845 4844 pulchra
861 4779 998 4827 collectione
1016 4778 1178 4828 bibliothecae
1195 4778 1290 4840 Regiae.

615 4864 643 4917 21
663 4862 790 4911 Menoetes
806 4863 925 4924 Grecques
943 4879 965 4925 p.
983 4861 1040 4910 201.
1341 4860 1367 4919 3)
1385 4858 1421 4906 Cl.
1439 4858 1504 4906 Snid.
1521 4873 1540 4904 s,
1552 4873 1573 4904 v.
1592 4856 1733 4914 Τροφώνιος.

615 4946 645 5006 4)
663 4943 735 4993 Diod.
751 4945 798 4994 sie.
816 4942 867 5001 XV,
886 4945 929 4999 b&
950 4944 1060 5008 Polyaen.
1077 4945 1149 4991 Strat.
1170 4942 1205 5000 Il,
1223 4943 1245 4997 8,
1256 4942 1278 4988 8.
