5125 6150
686 812 753 901 312
1192 828 1382 876 andrunnun.

683 993 806 1058 inclusa
838 993 1012 1058 debeantur
1041 991 1140 1057 sciolo
1164 994 1272 1080 mythi
1297 993 1335 1057 de
1357 993 1475 1058 Actaeo
1500 1015 1517 1058 a
1539 995 1672 1059 canibus
1695 997 1765 1058 anie
1790 995 1886 1058 devo-

683 1107 752 1164 rate
782 1101 1009 1184 intempestive
1037 1098 1210 1163 recordate.
1235 1097 1346 1182 Ipsum
1369 1098 1596 1184 Aleiphruuem
1618 1103 1664 1165 eiu
1688 1120 1797 1165 errare
1821 1121 1884 1165 non

684 1208 826 1290 potuisse
849 1205 950 1269 habeo
972 1225 1170 1289 perauaenm.

730 1419 776 1484 lIl
802 1420 843 1485 12
864 1419 945 1499 (48),
961 1420 991 1484 5.
1014 1423 1095 1497 μήτε
1124 1415 1173 1485 οὖν
1197 1421 1226 1492 ἐς
1252 1419 1349 1486 νίοιτα
1375 1420 1435 1496 τίη
1459 1424 1541 1498 μήτε
1564 1426 1626 1500 μην
1648 1421 1739 1504 νικῴη
1766 1425 1782 1488 d
1807 1427 1884 1497 θεοῖς

683 1527 789 1608 ίχίοὸς
826 1525 1002 1602 Λικύμνιος.
1039 1524 1253 1602 Coniecturie,
1291 1547 1427 1610 quarum
1461 1528 1550 1593 nulla
1586 1530 1668 1593 mihi
1704 1531 1883 1607 satisfacit,

685 1631 821 1697 addatur
851 1631 928 1697 haec
959 1650 1046 1696 mea:
1079 1632 1158 1707 μήτε
1182 1629 1232 1698 οὖν
1255 1631 1283 1702 a
1310 1631 1406 1698 νίιοτα
1429 1632 1488 1698 ἔτι
1512 1636 1594 1711 μήτε
1618 1636 1680 1712 μην
1706 1632 1884 1715 (ὕστερον)

685 1734 773 1816 νικῴη
805 1737 819 1800 ί
850 1737 924 1808 ίοοῐς
957 1736 1064 1816 ἕχίοίς
1097 1747 1137 1802 Λ.
1170 1736 1218 1801 De
1241 1739 1322 1813 μήτε
1346 1740 1409 1815 μην
1432 1740 1471 1803 cf.
1496 1739 1528 1804 Π
1551 1738 1572 1804 8
1595 1737 1657 1818 (111
1683 1740 1786 1820 11),1
1814 1740 1885 1806 οὔτε

684 1849 743 1907 τῶν
766 1848 866 1907 κοινῶν
890 1841 1016 1907 παιδίον
1043 1842 1277 1920 adventurae
1301 1846 1373 1908 κατ’
1397 1844 1492 1924 typar
1516 1846 1688 1925 διατριβῆς.

731 2058 778 2123 Ill
804 2057 845 2121 13
867 2057 991 2138 (49),1.
1017 2056 1141 2137 άνάγκη
1165 2082 1206 2135 με
1231 2058 1399 2133 σκάνδικας
1422 2061 1528 2125 ἐσθίειν
1552 2062 1604 2126 καί
1628 2063 1731 2140 γιὶίιια
1759 2061 1777 2135 ἢ
1804 2061 1885 2131 adas

685 2161 852 2241 άνιιλίγνιν
875 2161 942 2227 καί
967 2171 1022 2237 τῆς
1048 2163 1254 2242 ίννεακρούνον
1277 2166 1405 2231 πίνοντα
1426 2166 1631 2244 πίμπλασθαι
1651 2167 1706 2240 την
1724 2169 1884 2247 γαστέρα.

687 2269 803 2335 Malim
827 2269 902 2333 κάκ
925 2275 981 2343 τιῑς
1009 2269 1212 2349 ίννεακροιίνσν
1237 2269 1301 2334 κτέ.

731 2472 776 2538 ΙΙΙ
803 2471 843 2536 15
868 2471 948 2552 (51),
962 2471 992 2536 3.
1018 2472 1071 2535 καί
1096 2472 1221 2537 σκύτεσι
1246 2472 1298 2534 καί
1318 2481 1382 2544 τοῖς
1402 2470 1510 2546 άλλοις
1530 2474 1640 2550 ίμάοιν
1659 2474 1730 2539 άντί
1753 2476 1885 2547 παιδιάς

687 2581 888 2653 τληττοντες.
921 2577 1127 2644 Coniecturae
1157 2577 1231 2643 vide
1261 2578 1346 2662 apud
1368 2577 1603 2664 Seheperaium.
1628 2580 1713 2645 Mihi
1737 2581 1887 2647 auffieere

688 2683 817 2749 videtur
842 2683 892 2749 καί
918 2687 1009 2766 [τοῖς]
1033 2684 1159 2760 άλλοις,
1186 2690 1215 2746 et
1230 2683 1368 2766 staffellr'e
1391 2690 1419 2746 et
1441 2679 1514 2747 aliie
1537 2685 1620 2751 toria.

732 2900 779 2967 III
805 2901 846 2967 16
867 2900 983 2980 (52),2
1002 2906 1081 2965 extr.
1102 2900 1154 2965 καί
1176 2902 1228 2965 οὐκ
1249 2901 1411 2979 άρκοῦνται
1432 2909 1470 2982 τῇ
1490 2908 1548 2966 τῶν
1559 2901 1746 2983 άφροίισίινν
1758 2905 1889 2986 άίίσμιι

685 3017 866 3091 πλησμονῇ,
891 3007 979 3071 άλλά
1004 3007 1055 3069 καί
1081 3007 1123 3070 τά
1148 3007 1259 3081 ἕκτης
1283 3005 1379 3077 οἰκίας
1404 3005 1497 3083 σκεύη
1522 3008 1590 3071 καί·
1614 2998 1646 3071 ἓν
1669 3009 1890 3090 ἐκλαμβά-

686 3137 807 3179 νοοοι.
840 3115 918 3178 Pare
949 3112 1103 3178 librorum
1136 3112 1204 3176 καί·
1227 3109 1258 3175 ἓν
1280 3115 1325 3184 ὥς
1350 3111 1571 3195 ἔτέμφωμα
1596 3114 1887 3192 λαμβάνουσι.

686 3219 840 3304 Schepera
860 3220 972 3304 probet
992 3215 1104 3282 Seileri
1125 3219 1359 3281 coniecturam:
1382 3216 1491 3294 „Fora
1504 3219 1717 3303 adscripserant
1729 3218 1889 3287 librarius

686 3323 785 3405 ὥσπερ
815 3326 946 3405 Φῶοος.”
979 3322 1046 3399 Ita,
1071 3322 1202 3386 aeduin
1227 3322 1259 3388 id
1283 3321 1519 3407 adscripsisset,
1544 3327 1605 3388 nisi
1629 3322 1719 3388 aliud
1745 3328 1888 3392 verbum

685 3433 858 3495 invenisset
888 3450 984 3515 quam
1017 3427 1215 3504 λαμβάνουσι
1248 3430 1317 3492 sive
1341 3428 1585 3505 ἕκλαμβιίνονοι.
1611 3429 1715 3508 Quare
1740 3437 1890 3518 auspicor

685 3540 860 3621 genuinam
892 3537 1060 3601 lectionem
1092 3555 1158 3599 esse
1190 3535 1428 3614 ἐκφοροῦσι,
1461 3537 1551 3600 euius
1583 3537 1830 3615 ἐκλαμβάνονσι
1857 3546 1889 3604 et

686 3638 785 3721 ὅστις
809 3648 906 3721 φῶοσς
930 3640 1129 3718 λαμβάνουσι
1157 3643 1222 3703 sint
1244 3642 1537 3724 interpretamenta.

733 3843 779 3908 III
807 3842 846 3910 17
872 3842 953 3922 (53),
967 3842 997 3906 2.
1030 3842 1142 3924 άτορία
1174 3841 1204 3905 δὲ
1237 3840 1331 3905 τόσον
1361 3840 1480 3921 δραμὼν
1510 3842 1560 3906 da)
1586 3845 1641 3917 την
1666 3847 1887 3921 Ποικίλην-

688 3951 740 4015 καί
772 3949 835 4029 γάρ
863 3951 915 4014 οὐκ
946 3949 1076 4026 ἠνώχλει
1101 3947 1218 4021 ταύτην
1241 3945 1307 4011 οὐδὲ
1331 3942 1372 4018 είς
1397 3953 1455 4011 τῶν
1479 3947 1656 4027 ἀδολέσχων
1681 3953 1810 4018 τουτωνί
1838 3965 1890 4034 φι·

687 4055 827 4135 λοσίφοιν
848 4091 890 4102 -
911 4055 983 4117 κιῖίι
1010 4057 1068 4116 τῶν
1092 4052 1186 4116 τίνων
1210 4051 1377 4117 άτίλαυον.
1403 4052 1490 4117 Fert.
1515 4052 1566 4117 καί
1587 4055 1652 4134 γάρ
1673 4057 1729 4120 οὐκ
1752 4061 1888 4141 ἦνοίχλει

690 4160 811 4242 (τότε)
837 4159 953 4233 ταύτην
977 4195 1019 4208 -·
1044 4157 1098 4223 vel
1121 4158 1187 4222 οὐδὲ
1212 4154 1253 4228 οἷς
1279 4157 1399 4235 (τότε)
1423 4163 1481 4222 τῶν
1505 4158 1685 4239 ἀδολέσχων
1706 4163 1775 4229 κτὲ.
1802 4166 1887 4230 Nam

688 4265 837 4331 Poecilen
870 4266 928 4329 hoe
960 4266 1174 4348 frequentasse
1205 4283 1279 4326 cum
1312 4261 1441 4328 aliunde
1470 4268 1612 4341 constat,
1644 4272 1717 4330 tum
1753 4289 1793 4333 ex
1819 4273 1889 4355 ipse

689 4371 898 4456 Aleiphrone‚
924 4375 960 4433 ut
985 4368 1030 4432 III
1054 4367 1098 4433 28
1122 4365 1234 4447 (64),1
1260 4370 1292 4431 et
1316 4366 1403 4432 alibi.

732 4589 779 4654 ΙΙΙ
804 4587 846 4653 18
871 4584 996 4667 (54),2.
1023 4583 1088 4648 dere}
1113 4584 1176 4663 γάρ
1200 4584 1242 4657 είς
1270 4586 1405 4660 ἐμαυτὸν
1429 4580 1502 4657 ὅλας
1524 4585 1582 4657 τάς
1608 4584 1795 4665 ἕκίίσεις
1823 4616 1890 4656 σνν-

687 4690 854 4770 ιλεξάμην,
880 4690 991 4769 erepta
1017 4688 1048 4754 11
1072 4688 1106 4765 ἦν
1130 4690 1233 4762 αὐτοῖς
1258 4691 1415 4764 ταντελίις
1442 4690 1595 4770 άογυοίου,
1616 4690 1666 4754 ἔτ’
1688 4694 1746 4769 ἐμὲ
1768 4696 1887 4769 πάντες

689 4791 840 4872 ὥρμησαν.
876 4797 939 4861 Hie
974 4798 1086 4859 unicus
1120 4793 1211 4858 loeus
1246 4815 1313 4859 esse
1341 4794 1469 4859 videtur
1499 4796 1555 4860 ubi
1586 4792 1703 4871 ἕκίεσις
1740 4810 1886 4881 voantur,

690 4900 772 4978 quod
795 4924 850 4967 noe
875 4904 953 4966 ν’κσσο
976 4899 1182 4985 appellamus.
