5125 6150
783 777 851 842 256
1295 795 1460 847 cumanus.

829 959 847 1041 §
867 956 927 1022 19:
952 957 1094 1035 λέγουσιν
1118 959 1148 1022 έν
1171 960 1213 1037 τῷ
1236 958 1321 1038 μέρει
1345 959 1358 1023 θ
1383 958 1439 1035 μέν
1464 957 1573 1024 διάιιυν
1597 961 1611 1022 θ
1635 958 1666 1024 δέ
1689 959 1815 1040 Φεθγιον
1843 963 1860 1037 ἣ
1886 961 1974 1028 αὐτοί

786 1064 803 1138 ἐς
834 1065 959 1143 ῥήτορας
990 1063 1329 1145 ἀναβιβάζονται
1352 1065 1422 1137 τοὺς
1448 1066 1587 1145 ἐροῦντας
1614 1066 1686 1145 ὑπέρ
1711 1068 1821 1132 αὐτῶν.
1857 1069 1976 1154 Aptius

785 1172 846 1233 erit
868 1172 1075 1254 participium
1099 1168 1448 1249 ἀναβιβάζοντες.

830 1381 928 1465 §202
961 1382 1015 1455 ric
1046 1382 1102 1458 μέν
1134 1380 1169 1455 δίς
1201 1381 1320 1461 πρώτην
1351 1383 1528 1463 άνατροΦίιν
1559 1385 1658 1449 αὐτῶν
1683 1384 1764 1464 (scil.
1788 1394 1976 1470 puerorum)

782 1488 917 1567 μητράσι
938 1487 990 1552 καί
1011 1489 1127 1560 τίτθαις
1151 1487 1202 1552 καὶ
1224 1490 1438 1567 παιδαγωγοῖς
1460 1490 1661 1569 ἐπιτρέπομεν
1683 1491 1739 1555 ὑπὸ
1758 1491 1976 1565 παιδείαις

783 1594 958 1672 ἐλευθερίοις
977 1591 1067 1671 άγειν
1086 1618 1122 1658 τε
1140 1593 1191 1656 οιαὶ
1213 1594 1335 1674 τρέφειν
1356 1594 1478 1666 αὐτούς.
1503 1596 1574 1660 Non
1595 1596 1756 1682 inlelligo;
1778 1619 1868 1675 nam,
1889 1599 1975 1682 quod

783 1701 881 1763 etiam
915 1720 971 1783 per
1000 1720 1034 1764 ee
1064 1704 1209 1784 apparet,
1242 1705 1412 1784 postquam
1443 1701 1482 1765 ad
1514 1702 1717 1786 pubertatem
1741 1710 1974 1786 pervenerunt,

782 1811 852 1868 tum
884 1804 1014 1868 demum
1038 1803 1279 1882 παραλαβόντες
1304 1805 1416 1875 αὐτοὺς
1439 1803 1621 1881 διδάσκομεν
1645 1803 1731 1871 άλλα
1758 1808 1814 1882 μέν
1837 1816 1891 1881 τῆς
1917 1813 1976 1885 ψυ·

780 1919 844 1991 γῆς
879 1911 1055 1986 μαθήματα
1092 1911 1143 1972 καί
1176 1908 1337 1985 γυμνάσια
1369 1909 1576 1990 προτιθέντες,
1609 1909 1712 1983 άλλως
1745 1911 1774 1975 δέ
1806 1914 1877 1990 πρὸς
1901 1913 1973 1985 τοὺς

781 2013 887 2086 πθνιυς
912 2014 965 2078 καί
989 2015 1032 2078 τά
1055 2011 1190 2092 σώματα
1214 2012 1370 2094 ἐθίζοντες.
1396 2015 1479 2094 Quid
1502 2014 1626 2102 igitur?
1649 2017 1736 2081 Num
1761 2019 1821 2082 sub
1843 2021 1975 2082 nutrici·

781 2120 842 2185 bue
866 2126 898 2185 ct
921 2120 1114 2206 paedagogia
1136 2122 1202 2184 iam
1226 2118 1397 2199 ἐλευθερίως
1422 2119 1638 2185 έπαιδεθοντοί
1662 2121 1825 2200 Quaenam
1846 2143 1882 2187 ea
1902 2146 1974 2187 παι-

781 2225 848 2289 δεία
872 2222 955 2289 fuit?
978 2226 1023 2289 Ut
1042 2246 1133 2289 mene
1152 2246 1228 2290 eana
1247 2226 1281 2287 in
1302 2246 1378 2290 sano
1398 2246 1526 2310 corpore
1544 2233 1736 2304 nasceretur,
1757 2226 1975 2291 educabantur

783 2331 874 2397 credo
890 2332 947 2395 ὑπὸ
968 2332 1158 2402 παιδιαῖς
1180 2331 1364 2410 ἐλευθερίοις.
1387 2329 1525 2395 Oderant
1538 2329 1652 2397 Graeci
1664 2352 1780 2416 pucros
1792 2353 1972 2417 praecoces:

783 2437 858 2502 audi
881 2436 975 2502 modo
1000 2434 1166 2502 Calliclem
1192 2435 1274 2520 apud
1300 2435 1467 2501 Platonem
1491 2439 1524 2500 in
1548 2436 1670 2522 Gorgia
1693 2459 1723 2521 p.
1748 2437 1814 2501 485
1828 2437 1870 2501 B:
1895 2436 1972 2502 ὅταν

783 2542 903 2606 παιδίον
933 2543 995 2625 lte,
1028 2536 1049 2622 ᾧ
1080 2539 1124 2605 ἐτι
1157 2542 1298 2619 προσήκει
1331 2542 1530 2617 διαλέγεσθαι
1555 2538 1650 2619 οὕτω,
1675 2539 1894 2620 ψελλιζθμενον
1919 2543 1972 2606 καὶ

782 2646 903 2726 παῖζον,
927 2647 1026 2727 χαίροι
1051 2670 1086 2709 τε
1110 2646 1162 2709 καί
1186 2644 1296 2727 χαρίεν
1318 2670 1369 2722 μοι
1394 2647 1542 2726 Φαίνεται
1566 2647 1618 2711 καί
1644 2648 1804 2725 ἐλευθέριον
1829 2647 1881 2710 καί
1905 2647 1975 2726 πρέ-

783 2776 839 2816 πον
868 2761 907 2831 τῇ
931 2757 985 2816 τοῦ
1010 2751 1131 2816 παιδίου
1155 2752 1276 2834 ἡλικία,
1302 2749 1375 2815 θταν
1399 2750 1431 2815 δέ
1454 2754 1563 2832 σαφῶς
1589 2751 1809 2829 διαλεγομένου
1833 2753 1971 2831 άκοθσιυ,

783 2856 887 2936 πιιιρθν
919 2881 949 2922 τι
980 2881 1031 2933 μοι
1062 2857 1145 2923 διαει·
1175 2863 1284 2937 χρῆμα
1317 2851 1393 2921 είναι
1426 2858 1477 2922 καί
1509 2859 1581 2941 άνιᾷ
1604 2881 1664 2934 μου
1687 2857 1729 2921 τά
1753 2854 1818 2921 ὦτα
1842 2857 1897 2921 καί
1920 2881 1971 2934 μοι

782 2964 865 3029 δοκεῖ
887 2962 1088 3043 δουλοπρεπές
1111 2986 1141 3026 τι
1166 2958 1252 3027 είναι.

827 3166 926 3250 §24:
952 3165 1066 3231 άτοπον
1090 3167 1152 3245 γάρ
1176 3166 1203 3229 εί
1227 3165 1270 3229 τά
1294 3164 1392 3240 σιιθτιι
1413 3166 1573 3245 νομίζομεν
1594 3166 1650 3231 ὑπὸ
1671 3168 1713 3245 τῷ
1733 3166 1825 3244 ἐλαίῳ
1846 3181 1973 3240 μαλατ-

782 3274 898 3347 τόμενα
922 3310 961 3319 -
988 3270 1163 3350 διαρκέςερα
1195 3271 1376 3347 γίγνεσθαι,
1409 3270 1443 3333 τὸ
1474 3271 1500 3334 δ’
1525 3270 1569 3333 ἐτι
1602 3269 1678 3351 ζωῆς
1712 3270 1847 3348 μετέχον
1879 3277 1971 3345 σῶμα

781 3380 825 3453 μέν
850 3375 896 3442 άν
919 3375 1043 3451 άμεινον
1063 3377 1213 3452 ἡγοίμεθα
1235 3375 1292 3438 ὑπὸ
1312 3379 1365 3440 τοῦ
1386 3375 1491 3439 ἐλαίου
1511 3374 1753 3449 διατεθήσεσθαι.
1779 3375 1972 3439 Admonitus

781 3484 889 3566 quiris
914 3485 1031 3547 sentiet
1054 3481 1254 3546 resecandam
1278 3501 1345 3545 ease
1368 3479 1558 3565 particulam
1581 3477 1637 3545 άν.

828 3698 918 3782 ς24.
950 3697 1108 3777 ἡγούμεθα
1138 3699 1218 3764 πολὺ
1250 3699 1388 3775 άμείνοσι
1411 3697 1646 3778 χρήσασθαι
1670 3704 1733 3767 τοῖς
1759 3695 1851 3767 οὕτως
1876 3698 1972 3769 άσιιν-

783 3805 883 3868 θεῖσιν.
909 3804 1032 3869 Mirum
1056 3804 1197 3870 nondum
1221 3812 1397 3868 correctum
1422 3803 1519 3867 fuisse
1542 3803 1779 3881 χρήσεσθαι.

827 4021 926 4106 §262
962 4022 1019 4103 θψέ
1055 4046 1090 4085 τε
1122 4019 1161 4086 θον
1192 4020 1275 4084 ίδίειν
1306 4021 1320 4084 θ
1352 4023 1482 4091 τοιοῦτος
1514 4017 1641 4098 άρξαιτο
1673 4019 1724 4084 καί
1756 4019 1899 4096 θλιγάιιις
1930 4020 1970 4085 άν

780 4130 954 4192 άσθενῶν
987 4126 1110 4207 Φανείις.
1140 4125 1292 4210 Ineptum
1316 4130 1364 4190 eet
1387 4124 1467 4189 illud
1492 4127 1630 4202 άσθενῶν,
1655 4145 1756 4209 quum
1780 4127 1971 4209 praesertim

779 4235 1000 4318 praecesserit:
1034 4233 1085 4297 διά
1116 4236 1205 4296 τοῦτο
1237 4232 1384 4307 ὑγιαίνειν
1416 4231 1557 4308 ἀνάγκη·
1591 4252 1671 4315 quae
1698 4233 1783 4295 euim
1808 4232 1883 4295 haec
1907 4252 1973 4295 eca-

779 4338 891 4403 hrities
910 4344 975 4403 eet:
996 4359 1121 4422 eemper
1140 4344 1217 4400 recte
1236 4334 1358 4402 valebit
1376 4340 1409 4401 et
1428 4359 1498 4399 raro
1516 4336 1642 4400 infirma
1654 4342 1763 4400 utetur
1775 4335 1970 4401 valetudiue.

781 4441 901 4507 Lucem
925 4443 1012 4508 dabit
1035 4443 1127 4506 Rhot.
1152 4463 1253 4526 praec.
1281 4442 1339 4506 10:
1365 4442 1546 4505 καταλιπὼν
1570 4441 1779 4517 άσθμαίνοντα
1799 4443 1850 4504 καί
1870 4441 1970 4518 ἱδρῶτι

781 4550 886 4627 πολλῷ
918 4547 1055 4632 συνθντα,
1090 4549 1139 4611 uti
1171 4553 1203 4611 et
1233 4546 1326 4630 §202
1360 4547 1411 4610 τὸν
1442 4546 1551 4625 ίδρῶτα
1576 4546 1688 4617 ίδθντες
1712 4547 1763 4610 καί
1788 4549 1823 4612 τθ
1848 4540 1969 4623 άσθμα.

780 4652 892 4737 Itaque
927 4652 1015 4717 rides
1049 4653 1102 4716 hic
1138 4672 1261 4737 quoque
1294 4672 1405 4717 veram
1436 4651 1604 4717 lectionem
1638 4672 1721 4716 esee:
1756 4652 1897 4729 ὀλιγάκις
1930 4651 1970 4715 ἂν

781 4758 1015 4833 άσθμαίνοιν
1037 4757 1162 4837 Φανείις.
