5125 6150
698 799 741 865 66
1181 819 1394 867 nunciemus

697 982 816 1049 distent
845 986 929 1047 inter
952 1005 985 1048 se
1009 985 1212 1049 καθίστασθαι
1236 982 1497 1064 acoemetensi
1521 988 1566 1049 itu
1591 985 1720 1070 quidem
1742 985 1884 1052 utillud

697 1089 861 1176 deprimo
885 1111 1020 1175 semper,
1044 1091 1104 1156 hoc
1128 1091 1166 1156 de
1189 1113 1317 1156 summo
1339 1091 1443 1179 gradu
1467 1097 1647 1176 usurpetur.

741 1196 898 1276 Quorsum
931 1198 1007 1262 haec
1038 1197 1166 1282 disputo
1190 1197 1227 1262 ds
1251 1199 1367 1283 quibus
1389 1202 1473 1263 inter
1497 1218 1606 1263 omnes
1629 1206 1770 1263 constare
1794 1197 1884 1265 debe

694 1300 770 1367 heti
801 1309 931 1389 propter
961 1324 997 1367 ea
1027 1324 1106 1388 quoe
1133 1310 1281 1369 annotate
1304 1306 1426 1389 reperio
1451 1307 1484 1368 in
1507 1306 1736 1369 commentario
1759 1301 1883 1371 Classe

694 1412 805 1473 niano:
836 1409 956 1474 scilicet
982 1410 1151 1475 manifesto
1175 1418 1281 1475 nostro
1304 1410 1389 1489 loco,
1414 1417 1452 1474 ut
1474 1418 1508 1475 et
1530 1409 1577 1475 ΙΙΙ
1600 1432 1626 1475 o.
1652 1409 1695 1475 68
1719 1413 1737 1495 ᾖ
1757 1413 1790 1488 4,
1815 1432 1884 1496 per·

694 1518 842 1601 ticipium
872 1538 1016 1598 praesens
1051 1516 1274 1592 καθιστάμενος
1316 1517 1448 1582 eundem
1492 1516 1556 1581 fere
1590 1519 1660 1581 vim
1694 1516 1812 1581 hebere
1846 1536 1883 1581 uc

695 1626 806 1707 partic.
832 1624 1004 1708 perfectu-m
1034 1624 1243 1696 καθεστηκώςτ
1275 1631 1349 1709 apte
1371 1626 1520 1709 componi
1543 1644 1634 1708 posse
1656 1622 1687 1687 Π
1710 1644 1736 1688 o.
1762 1621 1807 1687 36
1830 1621 1882 1707 §3

693 1731 798 1808 (ἡμεῖς
821 1726 885 1791 cide
911 1729 936 1792 σί
962 1727 1107 1803 μάλιστα
1130 1731 1160 1791 ἐν
1183 1739 1222 1814 τῇ
1247 1730 1530 1813 καθεστηκυίᾳ
1554 1729 1671 1812 νίλικίρ)
1694 1731 1806 1815 itaque
1825 1751 1880 1795 vv.

694 1836 898 1899 καθίστασθαι
922 1843 953 1900 et
977 1834 1129 1916 ιίιιμιίζειν
1151 1837 1386 1921 quodammodo
1409 1858 1476 1902 esse
1500 1857 1556 1921 pro
1579 1839 1768 1923 synonymis
1785 1836 1818 1917 ¹).

738 1940 796 2006 Est
815 1942 892 2007 haec
910 1948 1011 2020 certe,
1034 1949 1070 2006 ut
1089 1942 1194 2019 vides,
1215 1946 1434 2029 interpretatio
1455 1942 1627 2008 admodum
1647 1941 1880 2028 improbabilis,

693 2051 745 2113 oui
777 2055 883 2112 temen
906 2068 1015 2113 ensem
1039 2048 1143 2123 dedit,
1168 2052 1229 2113 nisi
1253 2048 1355 2125 fallor,
1378 2047 1450 2114 leve
1473 2049 1593 2114 scribae
1617 2055 1758 2114 erratum
1783 2070 1881 2114 unum

693 2154 746 2219 sed
769 2157 976 2219 necessariam
999 2154 1148 2220 vocuiem
1172 2176 1246 2220 cusu
1270 2158 1510 2241 praetereuntis.

736 2260 983 2326 Restitusndum
1007 2282 1074 2326 esse
1098 2264 1246 2326 coniicio:

782 2372 835 2431 τοῦ
858 2368 993 2441 πολέμου
1016 2366 1086 2447 ἄρτι
1111 2368 1337 2444 καθισταμένου
1360 2367 1412 2432 καί
1437 2366 1557 2445 (ἤδη)
1581 2366 1787 2448 ἀκμάζοντος.

736 2585 859 2651 Ibidem
882 2588 900 2671 ξ
920 2585 952 2650 2.

736 2693 788 2756 καί
820 2692 991 2767 πέμπουσιν
1011 2691 1195 2770 ἐξαπιναίως
1219 2691 1451 2771 τεσσαράκοντα
1475 2696 1567 2768 ναῦς,
1591 2693 1624 2756 αί
1650 2688 1761 2773 έπυχον
1786 2694 1877 2774 περί

691 2798 1002 2871 Πελοπόννησον
1026 2798 1416 2877 παρεσκευασμέναι
1442 2806 1570 2863 πλεῖν.

734 2903 940 2969 Miretiouem
974 2912 1082 2969 movet
1116 2904 1200 2990 quod
1231 2905 1262 2970 h.
1284 2904 1306 2969 l.
1338 2903 1496 2990 legimus,
1527 2905 1735 2969 Athenienses
1768 2906 1877 2971 subito

690 3013 805 3076 timore
836 3008 1011 3096 perculsos,
1043 3020 1078 3074 ut
1112 3017 1345 3076 anteverterent
1369 3009 1599 3098 Mytilenaeos‚
1623 3010 1791 3077 confestim
1815 3011 1876 3078 XL

689 3140 785 3182 naves
825 3120 949 3182 misisse
990 3141 1064 3202 quac
1093 3120 1185 3201 forte
1219 3117 1299 3180 circa
1336 3118 1566 3201 Peloponnesum
1599 3120 1641 3180 ud
1673 3118 1877 3200 accipendum

688 3232 840 3310 (quonam
863 3227 1072 3310 navigaturae
1080 3222 1106 3303 i)
1123 3231 1254 3305 paratae
1277 3232 1372 3289 erent.
1395 3225 1481 3290 Nem
1503 3224 1595 3289 alitor
1617 3232 1740 3290 vertere
1763 3227 1821 3289 vix
1840 3247 1876 3291 sc

688 3354 727 3395 ne
758 3334 813 3395 vix
845 3331 974 3414 quidem
1005 3330 1090 3395 licet.
1123 3331 1280 3415 Equidem
1309 3331 1495 3397 crediderim
1520 3333 1626 3416 potius
1649 3332 1710 3396 hoc
1732 3331 1876 3398 voluisse

688 3435 925 3522 Thucydidem:
958 3458 1055 3502 neves
1085 3436 1157 3501 illas
1187 3437 1266 3501 forte
1298 3438 1423 3502 fortuna
1447 3446 1522 3502 tune
1547 3439 1698 3522 temporis
1721 3439 1755 3502 in
1779 3445 1875 3523 portu

687 3542 932 3607 Atheniensium
956 3543 995 3607 ed
1018 3543 1236 3627 navigandum
1256 3546 1338 3608 circa
1358 3542 1612 3628 Peloponnesum
1631 3551 1755 3628 perstas
1775 3543 1874 3609 fuisse

686 3648 820 3734 ideoque
853 3649 1123 3734 transponendum
1156 3670 1240 3713 esse:
1273 3644 1307 3713 αί
1337 3648 1448 3729 ἔτυχον
1481 3649 1873 3728 παρεσκευασμέναι

687 3762 805 3819 πλεῖν
831 3755 916 3834 περί
943 3756 1262 3825 [Ιελοπθννιρσον.

732 3957 778 4022 111
801 3981 827 4022 ι.
854 3957 874 4021 4
897 3960 915 4043 o
937 3958 967 4022 ι.

731 4064 783 4129 καὶ
815 4065 970 4144 θνοκυχίρν
1002 4066 1197 4141 ποινσοίμενοι
1229 4064 1400 4140 πέμπουσιν
1428 4065 1457 4136 ές
1481 4067 1538 4136 τοὶς
1564 4067 1696 4138 ’Λθιίνας
1719 4066 1745 4130 σί
1771 4073 1869 4130 Μυτι-

722 4296 745 4352 l)
766 4294 857 4342 ‚utem
875 4291 1005 4354 dcrertiges
1020 4289 1103 4351 (ίίρτι
1121 4289 1314 4352 καθισταμένου)
1331 4291 1419 4340 konnte
1436 4307 1481 4340 von
1499 4292 1552 4340 dem
1570 4291 1657 4355 Kriege
1672 4291 1717 4340 mit
1731 4291 1869 4357 Beziehnug

684 4375 726 4421 nui
741 4375 821 4423 deesen
839 4375 922 4424 οἰστέον
939 4374 987 4422 und
999 4374 1102 4437 flustce
1120 4373 1181 4420 Jnhr
1199 4374 1330 4436 ιιιιιιιϋρὶίιθ
1348 4383 1429 4437 gessgt
1445 4374 1554 4432 werden,
1571 4389 1630 4437 genn
1646 4372 1778 4437 ehgeeehen
1791 4375 1868 4423 devon

684 4456 736 4503 dees
753 4472 783 4503 un
803 4473 898 4504 unserer
915 4456 990 4505 stelle
1008 4453 1189 4513 καθισταμένου
1207 4455 1244 4502 bei
1262 4456 1328 4503 einer
1344 4455 1439 4503 eolchen
1457 4457 1599 4519 Antiensnug
1616 4454 1653 4520 (d.
1662 4455 1685 4503 h.
1709 4477 1733 4498 =
1753 4456 1804 4505 ιεόί
1821 4456 1869 4505 σίνι-

683 4539 775 4595 stelles,
792 4539 917 4595 σι’κθνεθιιι,
933 4536 1085 4599 austrasiae)
1103 4537 1135 4585 im
1153 4536 1359 4586 entechiedeneteu
1377 4537 1548 4601 Widcreprnch
1566 4553 1594 4587 zu
1611 4535 1772 4602 ἀκμάζοντος
1785 4538 1869 4588 steheu

684 4620 772 4666 wurde.
797 4620 911 4666 (tffenber
932 4620 984 4666 sind
1007 4619 1045 4666 die
1069 4617 1150 4665 beiden
1176 4617 1265 4666 Stellen
1291 4619 1352 4678 (ΙΙΙ,
1370 4619 1415 4666 3.]
1436 4620 1482 4667 und
1503 4619 1554 4676 ΙΙΙ,
1573 4620 1649 4684 664)
1671 4619 1717 4668 mit
1740 4620 1776 4679 ΙΙ,
1794 4621 1869 4678 363,

683 4716 718 4747 wo
741 4701 848 4748 Perikies
870 4700 919 4748 sich
938 4702 984 4748 und
1002 4702 1080 4751 seiuen
1101 4701 1293 4763 Altersgenoseen
1313 4701 1351 4748 die
1369 4699 1536 4756 καθεστηκυῖα
1552 4699 1637 4754 ἡλικία
1654 4701 1754 4766 beilegt,
1772 4718 1801 4751 zu
1818 4718 1871 4752 ver·

683 4781 796 4844 gleicheu.
815 4819 887 4831 .....
907 4784 953 4829 Der
969 4784 1042 4830 Socho
1061 4784 1119 4832 nech
1139 4784 1312 4832 unterecheirlet
1330 4783 1380 4832 sich
1397 4782 1579 4844 καθισταμένου
1595 4800 1625 4832 an
1640 4799 1738 4834 nnecrer
1751 4786 1786 4834 St
1800 4786 1870 4834 ιιίοθέ

684 4865 814 4912 νοιιιιιίίίοί
841 4880 885 4912 son
912 4861 1082 4927 ἀκμάζοντος,
1109 4865 1189 4913 uomit
1213 4865 1326 4914 ebenfalle
1350 4867 1392 4914 nui
1412 4866 1450 4915 die
1472 4867 1578 4916 mittere
1594 4866 1695 4915 Periode
1711 4867 1752 4915 dee
1772 4867 1871 4933 Kricgee

683 4945 833 5008 hingrrieutet
851 4947 916 4993 wird.
