5125 6150
983 820 1026 866 ΔΙ)
1050 818 1281 867 ΔΒΙΒΤΟΡΗΑΝΙΒ
1303 818 1396 867 AVRS.

632 984 685 1048 Vs.
713 984 800 1049 1342
814 1005 881 1067 sqq.
907 987 952 1048 sic
976 985 1082 1069 pergit
1104 986 1248 1048 iuvenis:

770 1093 823 1154 οὐκ
848 1088 930 1154 ἔστιν
955 1091 1037 1155 οὐδὲν
1063 1093 1115 1154 ποῦ
1140 1091 1287 1153 πέτεσθαι
1312 1088 1509 1168 γλυκύτερον.

767 1196 818 1273 ἐρῶ
844 1194 870 1258 θ’
896 1192 997 1272 ἔγωγε
1021 1201 1080 1259 πιῖν
1103 1195 1133 1258 ἰν
1158 1192 1263 1273 θονιοιν
1287 1194 1393 1271 νθμοιν.

766 1301 943 1380 ὀρνιθομανῶ
968 1301 1031 1379 γὰρ
1055 1301 1106 1365 καί
1131 1299 1267 1378 πθπομαι
1291 1301 1343 1365 καί
1369 1300 1525 1377 βούλομαι

766 1407 855 1470 οἰκεῖν
879 1405 950 1482 μεθ’
975 1408 1057 1482 ὑμῶν
1082 1406 1134 1470 καί
1160 1406 1294 1481 ἐπιθυμῶ
1319 1413 1377 1471 πῶν
1401 1405 1509 1482 νθμοον.

630 1512 717 1592 Quae
747 1509 895 1596 pluribus
925 1512 1113 1575 nominibus
1142 1514 1219 1595 quin
1250 1514 1354 1576 cuivis
1378 1510 1566 1597 displiceant
1589 1532 1652 1576 non
1674 1519 1779 1596 potest

584 1618 665 1682 fieri.
696 1616 880 1682 Secundum
913 1623 1022 1681 autem
1053 1637 1201 1693 versum,
1237 1619 1293 1701 qui
1328 1623 1441 1702 quarto
1477 1619 1574 1681 nimis
1609 1621 1657 1681 est
1692 1619 1778 1681 simi·
1887 1651 1890 1657 ·

582 1723 642 1799 lis,
674 1743 736 1786 non
767 1721 849 1807 legit
879 1725 906 1785 is
939 1725 994 1806 qui
1025 1725 1058 1785 in
1086 1720 1216 1786 scholiis
1244 1722 1370 1786 scribit:
1404 1728 1498 1806 „post
1527 1744 1658 1787 versum
1689 1721 1777 1787 1342

583 1828 706 1894 codices
747 1828 900 1913 quosdam
941 1831 1037 1892 unius
1073 1848 1184 1892 versus
1219 1830 1361 1912 spatium
1395 1828 1543 1893 habuisse
1579 1829 1776 1907 indicatum,

583 1935 835 2018 Aristophanem
865 1940 975 1998 autem
1005 1935 1257 2018 grammaticum
1281 1932 1315 1996 id
1338 1932 1515 2018 explevisse
1539 1935 1646 1999 verbis
1669 1935 1721 2014 ἐρῶ
1735 1972 1777 1984 -

582 2040 713 2114 νόμον.”
734 2040 942 2121 decapitatum
961 2044 1066 2103 tamen
1082 2040 1215 2123 aprisco
1228 2042 1441 2123 grammatico
1454 2060 1547 2104 nemo
1560 2041 1728 2106 contendet
1741 2039 1778 2118 ¹),

581 2166 685 2230 neque
709 2147 817 2209 omitti
839 2150 960 2229 potest,
985 2146 1047 2208 nisi
1068 2150 1125 2208 ant
1143 2144 1304 2208 indicetur
1323 2143 1453 2220 lacuna,
1475 2152 1531 2209 aut
1551 2147 1613 2225 γὰρ
1626 2168 1673 2210 vs.
1689 2145 1777 2210 1344

580 2254 616 2316 in
647 2250 677 2314 tr
709 2256 864 2328 mutetur,
897 2258 954 2314 ant
985 2253 1133 2336 graviore
1166 2253 1265 2315 etiam
1295 2252 1376 2314 vitio
1409 2252 1467 2316 hos
1500 2272 1612 2316 versus
1635 2251 1777 2317 laborare

581 2378 760 2423 sumamus.
784 2357 826 2421 Et
849 2357 910 2421 hoc
933 2377 973 2420 ne
998 2356 1133 2420 dubium
1158 2354 1288 2441 quidem
1311 2359 1417 2442 potest
1441 2377 1525 2433 esse,
1547 2376 1623 2422 nam
1642 2359 1777 2423 verbum

582 2466 719 2540 πέτομαι
745 2485 793 2527 vs.
822 2461 909 2526 1344
930 2483 948 2527 a
968 2468 1118 2526 contextu
1140 2482 1236 2546 quam
1256 2465 1399 2527 maxime
1420 2468 1469 2527 est
1487 2461 1640 2527 alienum.
1665 2462 1776 2548 Itaque

582 2569 675 2634 Koch
707 2571 854 2633 coniecit:
888 2568 939 2632 καί
971 2567 1119 2632 πέτεσθαι
1149 2570 1306 2645 βούλομαι
1328 2569 1333 2654 i
1354 2567 1461 2647 κῷκεῖν
1492 2566 1560 2648 (vel
1581 2569 1679 2649 οἰκῶν)
1707 2570 1775 2645 μεθ’

583 2676 677 2752 ὑμῶν,
701 2674 805 2738 lenius
828 2673 984 2760 Blaydes:
1010 2673 1061 2738 καί
1086 2673 1252 2750 πεπθμενος
1276 2675 1432 2751 βούλομαι
1454 2674 1461 2760 Ι
1482 2675 1571 2738 οἰκεῖν
1595 2677 1662 2749 μεθ’
1683 2677 1774 2751 ὑμῶν.

582 2780 646 2846 Sed
676 2802 715 2844 ne
745 2783 790 2843 sic
822 2780 953 2864 quidem
983 2782 1061 2844 satis
1092 2786 1165 2865 apte
1196 2780 1273 2844 haec
1304 2781 1469 2845 cohaerere
1492 2786 1588 2864 atque
1612 2779 1777 2845 decurrere

582 2886 667 2950 mihi
691 2885 858 2963 videntur;
885 2891 1078 2970 quapropter
1101 2887 1245 2969 suspicor
1268 2888 1429 2949 comicum
1453 2885 1593 2950 dedisse:

764 2993 817 3055 οὐκ
841 2989 922 3055 ἔστιν
946 2989 1029 3055 οὐδὲν
1054 2996 1106 3055 ποῦ
1130 2990 1277 3054 πέτεσθαι
1302 2990 1499 3069 γλυκύτερον.

765 3098 944 3177 θρνιθομανῶ
969 3097 1019 3175 dt,
1044 3096 1096 3162 καί
1122 3099 1190 3174 μεθ’
1216 3099 1298 3173 ὑμῶν
1321 3098 1476 3175 βούλομαι

765 3205 873 3268 οἰκεῖν·
899 3204 952 3281 ἐρῶ
976 3205 1038 3279 γὰρ
1064 3205 1123 3267 πῶν
1148 3204 1177 3266 ἐν
1201 3201 1306 3282 θοιιπιν
1333 3203 1439 3279 νθμιον.

580 3310 672 3374 Haec
695 3330 770 3373 casn
794 3310 937 3386 turbata,
963 3309 1037 3373 dein
1058 3307 1231 3373 inutilibus
1254 3309 1447 3393 quibusdam
1471 3309 1696 3376 additamentis
1719 3312 1778 3373 im·

580 3418 684 3500 perite
707 3420 799 3479 ancta
821 3416 854 3477 in
879 3420 1015 3498 quatuor
1039 3413 1214 3478 versiculos
1238 3418 1423 3479 excrevisse.

630 3625 809 3710 Respondet
832 3625 1032 3690 Pisetaerns:

766 3731 856 3794 ποίιον
880 3732 993 3808 adicem
1018 3730 1126 3794 πολλοὶ
1151 3732 1215 3809 γὰρ
1236 3730 1350 3808 θονίθων
1376 3730 1482 3808 νθμοιθ

583 3838 685 3902 coium
719 3836 908 3914 ,,νο’μονι”
933 3838 1008 3921 qnid
1039 3838 1189 3921 loqueris!
1220 3836 1337 3920 infiniti
1365 3844 1435 3899 ιιιιιθ
1465 3859 1566 3900 eoram
1597 3836 1778 3914 ,,νθμοι”θ

582 3944 682 4008 Voces
706 3946 865 4007 nimirum
888 3944 1103 4029 homonymos
1124 3944 1188 4008 fere
1207 3942 1294 4019 ιθμος
1317 3951 1349 4008 et
1368 3943 1456 4018 νομθς
1477 3942 1568 4023 (aeol.
1589 3942 1690 4024 νθμοο)
1709 3948 1777 4010 sive

582 4051 663 4130 lepos
686 4057 718 4114 et
735 4073 853 4132 οιιοοιιο
875 4049 1006 4114 ludendi
1029 4053 1058 4115 ei
1078 4051 1230 4135 praebent
1248 4053 1432 4128 materiem,
1458 4053 1594 4115 memori
1614 4055 1651 4114 ut
1668 4053 1780 4136 opinor

582 4154 735 4221 versiculi
766 4154 947 4219 Alcmanis:
979 4150 1048 4219 οἰδα
1081 4156 1107 4220 δ’
1132 4156 1256 4234 ὅρνίχων
1288 4155 1393 4234 νθμοος
1427 4155 1549 4220 ποίνποιν
1565 4156 1601 4236 ²).
1626 4154 1678 4219 Sic
1701 4154 1780 4220 alibi

582 4263 676 4336 δῆμοι
713 4269 745 4325 et
780 4260 874 4337 θκμθς
912 4264 1144 4345 permiscentur
1158 4259 1194 4341 ³),
1227 4262 1339 4328 eodem
1369 4269 1478 4328 antem
1509 4262 1682 4327 verborum
1703 4260 1779 4326 lusu

582 4388 681 4451 supra
711 4388 788 4431 usus
812 4374 859 4431 cst
881 4370 1032 4445 nuntius,
1064 4369 1311 4433 Atheniensium
1335 4388 1439 4433 mores
1462 4368 1567 4433 subito
1590 4369 1780 4432 immutatos

582 4494 654 4539 esse
684 4473 838 4537 referens:
871 4471 950 4537 olim
987 4473 1129 4540 Lacones
1159 4478 1304 4542 imitatos
1335 4495 1421 4551 esse,
1453 4495 1537 4538 nnnc
1568 4473 1777 4553 θονιθομανεῖν.

582 4579 693 4662 Itaque
716 4617 758 4627 -
783 4581 829 4643 ait
854 4616 896 4628 —
919 4580 988 4643 ι’θθὶο
1010 4603 1073 4644 casm
1095 4582 1236 4644 νοιοοθοι

583 4748 780 4758 ⁶——

619 4839 647 4903 1)
664 4836 785 4887 Credibile
801 4836 826 4886 id
845 4853 894 4886 esse
912 4836 1003 4901 optimo
1019 4836 1073 4886 inre
1089 4837 1185 4902 negorit
1202 4852 1249 4886 van
1265 4836 1366 4886 IJccrcn
1381 4852 1447 4885 mens
1463 4839 1493 4887 θι
1505 4837 1574 4888 vitiis
1587 4838 1637 4888 οοιθ.
1651 4838 1695 4888 Ar.
1704 4852 1726 4903 p.
1737 4835 1777 4888 20.

619 4921 647 4983 2)
664 4919 742 4968 Alcm.
760 4919 789 4968 ir.
808 4919 847 4969 sl.
1215 4920 1243 4979 8)
1264 4918 1308 4982 Eq.
1328 4917 1378 4968 934
1396 4919 1467 4985 Vesp.
1486 4920 1527 4969 40.
