5125 6150
775 606 796 673 8
1279 623 1443 673 acaunus.

774 793 829 856 ubi
852 794 957 856 nescio
982 792 1053 875 quis
1077 798 1207 854 σιτεῖται
1232 790 1314 855 οὐδὲν
1337 797 1395 854 τῶν
1418 794 1593 854 πολυτελῶν
1615 790 1689 853 ἀλλ’
1713 785 1802 869 ἄρτου
1826 786 1860 865 df
1881 789 1957 866 ιίγο·

773 900 829 978 οἷος
865 897 915 961 καί
950 895 1032 974 ὄψον,
1068 894 1170 961 είποτι
1203 894 1366 974 εὐημερίας
1399 894 1513 974 ἡμέραν
1544 894 1715 974 ίπιτιλοίη,
1746 896 1902 975 δουπετείο
1936 896 1954 971 ἢ

773 1004 925 1084 φαυλίαι.
956 1001 1061 1067 Vilem
1091 1002 1171 1067 hanc
1201 1004 1339 1087 speciem
1370 1002 1467 1066 fuisse
1500 1000 1634 1079 dixeris,
1667 1004 1814 1086 quocirca
1835 1004 1956 1067 errarit

773 1109 972 1194 Lexiphanes
1007 1107 1075 1193 §fa
1118 1128 1219 1193 quum
1254 1108 1330 1172 facit
1363 1106 1597 1172 adulescentem
1630 1106 1777 1173 luxuriae
1810 1106 1957 1173 deditum

773 1216 910 1281 ίσίίουτοι
928 1214 1079 1295 φαυλίαι.
1100 1214 1209 1279 Obiter
1229 1215 1412 1279 notabimus
1432 1213 1517 1280 haud
1537 1213 1724 1279 dissimilem
1739 1213 1956 1301 corruptelam

772 1324 806 1386 in
836 1322 951 1407 Lysiae
982 1319 1130 1386 Oratione
1161 1320 1227 1401 περί
1260 1324 1313 1384 τοῦ
1344 1325 1435 1394 σηκοῦ
1459 1321 1477 1404 §
1500 1318 1556 1384 18:
1581 1319 1646 1396 ίμοί
1671 1322 1767 1385 τοίνυν
1791 1320 1904 1385 τοιίτοιυ
1928 1322 1955 1385 οἱ

773 1430 829 1507 μὲν
860 1426 964 1508 φίλοι,
996 1429 1022 1492 οί
1053 1428 1084 1493 δὲ
1108 1426 1243 1506 διοίφοοοι
1268 1426 1335 1505 περί
1361 1432 1418 1491 τῶν
1442 1428 1542 1504 ἐμῶν
1566 1426 1775 1507 τυγχάνουσιν
1798 1426 1893 1499 ὄντες.
1918 1426 1957 1492 In

773 1554 892 1619 nupera
915 1533 1053 1599 editione
1076 1532 1308 1599 Herwerdenus
1331 1534 1464 1597 retinuit
1488 1533 1585 1597 verba
1606 1533 1672 1612 περί
1696 1539 1755 1598 τῶν
1778 1534 1857 1611 ἐμῶν
1876 1554 1959 1619 quae

772 1638 851 1705 olim
872 1637 1047 1716 deleverat;
1070 1638 1256 1705 Weidnerus
1275 1644 1385 1704 autem
1403 1638 1656 1704 commendavit:
1678 1638 1745 1718 περί
1759 1645 1816 1704 τῶν
1830 1638 1955 1720 ίμίριον.

772 1746 807 1812 Si
838 1745 967 1830 quidem
999 1747 1095 1812 verba
1123 1754 1270 1831 corrupta
1293 1745 1496 1823 videbuntur,
1520 1744 1616 1831 longo
1639 1744 1763 1811 facilius
1786 1747 1958 1812 rescribere

773 1855 907 1939 poteris:
939 1851 1006 1931 περί
1037 1858 1095 1916 τῶν
1127 1852 1223 1917 ἐλαῶν
1253 1858 1424 1932 (ΕΛΛΩΝ
1438 1858 1649 1933 -ΕΜΩΝ).
1679 1849 1727 1918 Of.
1751 1854 1850 1918 etiam
1873 1850 1962 1917 Voll-

773 1959 904 2047 graffius
928 1959 1049 2026 Mnem.
1076 1957 1162 2024 1899
1187 1980 1217 2044 p.
1242 1956 1319 2024 223.

1255 2126 1477 2209 Philopaeadca.

820 2266 896 2350 §lt
922 2265 1044 2345 πολλοὶ,
1069 2261 1089 2329 ὦ
1113 2261 1276 2345 Τυχιοίδη,
1300 2262 1362 2332 ἕςίν
1386 2256 1497 2336 ῶτοὺο
1519 2262 1685 2342 ἀνθρώπους
1710 2264 1838 2338 ἐνίους
1858 2266 1961 2342 avar-

775 2369 861 2453 κιίζει
885 2371 927 2437 τὰ
951 2372 1049 2451 ψευδῆ
1073 2370 1187 2449 λέγειν.
1212 2370 1299 2435 Olim
1323 2390 1517 2435 correxeram
1541 2370 1669 2435 ἒνίοτι
1693 2370 1789 2456 idque
1812 2370 1959 2438 Mehlero

776 2480 915 2565 probavi.

821 2664 838 2746 ᾖ
860 2660 897 2726 3:
922 2661 957 2725 τὸ
980 2661 1012 2726 δὲ
1036 2661 1088 2724 καί
1112 2659 1217 2730 πίλοις
1243 2658 1297 2735 ἤδη
1321 2659 1372 2724 καί
1398 2656 1461 2732 ἔίνη
1488 2660 1620 2725 πολλοὶ
1645 2670 1723 2741 κοινῇ
1748 2660 1800 2725 καί
1825 2661 1960 2746 δημοσία

776 2768 959 2848 ψεύδεσθαι,
984 2773 1047 2837 πῶς
1071 2770 1103 2832 οὐ
1129 2767 1262 2844 alacrem
1286 2765 1391 2831 Malo:
1417 2763 1481 2839 ἔίνη
1506 2761 1589 2830 ῶλοι.

822 2958 897 3042 §72
930 2958 955 3021 εί
987 2958 1084 3021 τοίνυν
1117 2992 1159 3005 -
1188 2956 1239 3020 τὸν
1270 2955 1377 3020 ίδίυτα
1408 2963 1462 3028 τῆς
1494 2964 1643 3032 μυγαλῆς
1669 2992 1710 3004 -
1737 2957 1882 3030 ἐνδήσειεν
1912 2959 1959 3031 τίς

776 3063 874 3144 δέρμα
909 3061 1025 3136 λίοντοι
1062 3062 1130 3144 ῶοτι
1167 3062 1442 3142 οίτοδαρέντος
1481 3101 1522 3111 -
1559 3062 1671 3127 αὐτίκα
1707 3062 1886 3129 παιίετιιι
1921 3063 1960 3129 τδ

778 3169 923 3250 ἄλγημα.
949 3169 1160 3238 Commendo:
1186 3169 1388 3250 οίποδαοίν
1411 3175 1443 3234 et
1467 3168 1686 3234 studueras.

823 3359 913 3444 520.
938 3361 1046 3425 Primo
1071 3360 1185 3425 obtutu
1210 3363 1292 3424 mira
1315 3359 1464 3423 videntur
1487 3358 1559 3424 illa:
1584 3359 1691 3424 πολλοί
1718 3358 1829 3424 ἓιιιιντο
1853 3355 1958 3434 ὀβολοί

778 3466 850 3545 ποδς
882 3473 944 3530 τοῖν
974 3466 1075 3530 ποδοῖν
1106 3466 1200 3530 αὐτοῦ
1234 3466 1285 3529 καί
1319 3464 1405 3529 ἄλλα
1437 3465 1628 3542 νομισμῶτια
1659 3466 1778 3545 aoruca
1811 3463 1882 3546 πρὸς
1905 3464 1961 3530 τδν

778 3572 870 3651 μηρὸν
893 3574 969 3650 κηρῷ
993 3573 1204 3649 κεκολλημένα
1230 3571 1280 3634 καί
1306 3569 1434 3636 πέταλα
1454 3569 1488 3648 ἐξ
1507 3571 1638 3650 ῶογιίοου
1656 3574 1766 3656 itaque
1784 3571 1836 3637 hic
1856 3572 1962 3637 haesit

778 3678 1008 3744 Herwerdenus
1035 3685 1067 3742 et
1096 3681 1130 3742 iu
1160 3679 1270 3741 Μινοοι.
1306 3676 1390 3744 1879
1423 3701 1453 3764 p.
1480 3677 1522 3742 94
1555 3677 1789 3745 commendavit
1810 3681 1883 3758 πρὸς
1906 3680 1961 3746 τδν

778 3791 860 3860 μῆνα
879 3783 931 3849 vel
949 3783 1102 3858 μηνίσκον.
1129 3783 1291 3849 ldehlerus
1310 3788 1339 3848 ei
1360 3783 1398 3848 de
1419 3784 1596 3869 corruptela
1616 3806 1760 3850 assensus
1778 3791 1836 3862 est,
1849 3789 1961 3852 reiecit

778 3897 886 3957 autem
918 3894 1150 3955 correctionem.
1183 3889 1311 3956 Scilicet
1342 3896 1453 3955 neuter
1485 3912 1607 3956 memor
1637 3893 1699 3955 fuit
1731 3891 1895 3979 Rutgereii
1925 3896 1962 3958 in

786 3998 887 4062 Verria
915 3997 1096 4060 lectionibus
1121 4020 1149 4082 p.
1176 3996 1251 4072 461,
1276 4000 1330 4080 qui
1357 3999 1511 4060 lacerandi
1534 4019 1654 4063 morem
1680 4002 1802 4083 copiose
1821 3998 1963 4066 illustra·

779 4107 826 4168 vit
858 4103 1032 4188 itidemque
1062 4102 1194 4168 Luciani
1226 4106 1380 4168 rationem
1412 4104 1533 4168 habuit.
1567 4103 1722 4184 Quoniam
1746 4105 1839 4170 hodie
1862 4105 1963 4172 multi

780 4214 854 4273 sunt
885 4211 1000 4292 quibus
1030 4230 1090 4274 non
1123 4217 1171 4274 est
1202 4208 1307 4273 aditus
1331 4210 1369 4273 ad
1392 4210 1591 4276 doctissimos
1615 4210 1780 4297 Rutgersii
1803 4233 1964 4278 commen-

780 4317 891 4388 tarios,
914 4314 1002 4379 lubet
1022 4318 1143 4400 potiora
1163 4315 1318 4400 quaedam
1340 4337 1513 4401 excerpere.
1537 4316 1663 4383 Veteres
1683 4319 1739 4382 ubi
1759 4324 1832 4384 vota
1855 4340 1963 4386 conce-

779 4421 914 4504 pissent,
947 4429 1094 4505 concepta
1125 4419 1249 4485 tabellis
1277 4422 1497 4487 inscribebant.
1525 4423 1653 4489 Festus:
1682 4423 1756 4489 Vota
1778 4433 1963 4510 nuncupata

779 4524 929 4589 dicuntur
959 4546 1038 4610 quae
1068 4526 1227 4602 consules,
1261 4533 1421 4610 praetores
1450 4549 1525 4592 cum
1548 4533 1581 4592 iu
1604 4532 1801 4614 provinciam
1824 4530 1964 4615 proficis·

779 4636 903 4705 cuntur,
935 4631 1070 4702 faciunt:
1103 4654 1138 4698 ea
1168 4637 1199 4695 in
1232 4632 1355 4697 tabulas
1387 4637 1606 4718 praesentibus
1631 4636 1743 4701 multis
1767 4637 1961 4705 referuntur.

780 4735 949 4802 Suetonius
983 4740 1130 4824 Augusto
1166 4760 1190 4802 r.
1217 4737 1275 4804 97:
1314 4739 1392 4805 Vota
1428 4761 1507 4826 quae
1536 4745 1570 4806 in
1601 4746 1783 4828 proximum
1816 4743 1961 4813 lustrum
