5125 6150
1042 813 1156 861 rueme
1178 814 1364 863 nuscunus.
1727 793 1792 862 147

593 979 755 1056 dicimus,
788 977 844 1042 sed
875 977 987 1042 acerbo
1018 975 1187 1041 maledicto
1218 976 1438 1063 significamus
1462 978 1616 1063 quidquid
1639 978 1679 1042 ad
1700 977 1795 1042 illum

592 1085 763 1149 devenerit
785 1105 824 1148 ex
848 1084 1017 1147 hominum
1039 1085 1193 1146 memoria
1214 1082 1286 1147 tolli
1305 1090 1337 1146 et
1358 1090 1504 1148 aeternae
1522 1083 1604 1148 tradi
1624 1083 1795 1162 oblivioni3

593 1193 707 1274 ipsum
739 1187 976 1274 quodammodo
1000 1189 1136 1252 facimus
1160 1198 1217 1261 σῆς
1240 1189 1334 1261 λήθης
1360 1188 1502 1263 δαίμονα.
1528 1188 1638 1254 Nonne
1663 1196 1794 1276 ergoet

593 1296 696 1359 facete
727 1303 761 1358 et
792 1315 867 1359 vere
898 1293 1056 1356 literarum
1086 1293 1194 1355 obliuio
1225 1314 1372 1357 morosus
1403 1293 1520 1358 dicitur
1542 1299 1794 1380 grammaticus,

593 1403 650 1485 qui
675 1398 814 1463 stridula
838 1420 917 1464 voce
942 1401 1068 1463 miseris
1092 1399 1200 1482 pueris
1223 1404 1371 1482 poemata
1391 1401 1503 1463 recitat
1524 1420 1661 1485 suasque
1681 1399 1797 1465 odilla

593 1507 816 1569 annotationes
847 1502 949 1569 ferula
981 1524 1040 1567 sua
1070 1500 1231 1566 inculcat?
1261 1502 1329 1566 lam
1361 1508 1455 1581 tunc,
1487 1510 1524 1567 ut
1557 1508 1678 1589 opinor,
1705 1508 1792 1570 tacit'

595 1610 672 1674 dant
696 1609 922 1674 iusiurandum
945 1608 995 1673 illi
1018 1630 1069 1685 se,
1093 1606 1290 1691 simulatque
1313 1629 1352 1672 ex
1377 1610 1492 1674 umbra
1511 1610 1634 1675 scholae
1653 1614 1687 1675 in
1707 1613 1793 1676 vitae

593 1715 702 1780 lucem
725 1717 878 1790 exierint,
902 1734 1067 1799 nunquam
1092 1713 1223 1797 posthac
1242 1715 1410 1797 scriptores
1430 1714 1504 1779 illos
1524 1723 1712 1800 poetasque,
1736 1719 1791 1801 qui

594 1821 654 1885 sibi
681 1827 808 1884 tantum
833 1819 931 1884 taedii
954 1825 987 1884 et
1010 1818 1127 1883 doloris
1150 1818 1374 1895 exhibuerint,
1398 1820 1602 1904 adspecturos
1622 1821 1676 1887 sed
1697 1843 1793 1906 quan-

594 1929 699 1991 tocius
718 1929 753 1989 in
773 1924 930 2011 angulum
950 1927 1162 2000 coniectores,
1184 1924 1240 1988 ubi
1260 1923 1381 1988 lateant
1403 1924 1535 2009 pulvere
1554 1935 1586 1992 et
1605 1947 1792 1992 aranearum

595 2030 667 2096 telis
692 2030 878 2095 absconditi.
904 2029 973 2094 Hoc
997 2032 1051 2113 qui
1076 2028 1202 2094 credere
1221 2029 1319 2107 nolit,
1339 2032 1367 2094 is
1386 2051 1494 2095 secum
1516 2037 1643 2116 reputet
1662 2036 1718 2117 qui
1738 2032 1794 2097 fiat

596 2146 631 2201 ut
653 2141 763 2201 nostra
786 2143 890 2200 aetate
913 2139 1062 2219 antiquae
1083 2134 1196 2200 literae
1221 2157 1282 2200 non
1307 2135 1518 2222 negligantur
1541 2136 1646 2202 solum
1671 2146 1703 2203 et
1722 2160 1794 2203 con-

595 2248 784 2306 temnantur
815 2240 870 2305 sed
905 2243 1002 2304 etiam
1038 2240 1197 2324 plerisque
1233 2241 1306 2306 odio
1341 2242 1415 2304 sint.
1452 2237 1560 2307 Grave
1592 2249 1660 2307 erat
1691 2246 1793 2327 poetis

596 2347 751 2412 Romanis
774 2349 806 2409 in
832 2349 941 2410 vicum
961 2345 1077 2411 deferri
1100 2346 1292 2410 vendentem
1313 2352 1365 2410 tus
1384 2354 1415 2410 et
1436 2347 1565 2424 odores,
1586 2348 1640 2412 sed
1659 2352 1792 2435 gravius

596 2456 628 2516 in
659 2450 857 2515 Orbiliorum
888 2453 1054 2535 pervenire
1085 2471 1209 2514 manus.
1240 2450 1309 2515 Hos
1340 2472 1417 2537 ergo
1448 2455 1537 2516 omni
1559 2458 1792 2537 persequuntur

595 2561 739 2622 iocorum
761 2576 895 2640 genere,
920 2556 975 2620 sed
998 2576 1091 2619 nemo
1114 2554 1229 2619 salsius
1254 2575 1352 2640 quam
1373 2555 1565 2632 Bibaculus,
1585 2561 1640 2641 qui
1659 2557 1790 2622 illorum

597 2664 735 2747 principi
758 2661 817 2726 hoo
842 2661 962 2726 dederit
985 2682 1100 2726 nomen
1127 2659 1316 2737 „literarum
1339 2660 1568 2738 oblivionem’',
1588 2666 1706 2747 quique
1727 2685 1790 2737 non

597 2771 705 2833 minus
736 2768 895 2832 famosum
928 2765 1023 2831 illum
1055 2764 1219 2831 Valerium
1249 2763 1404 2831 Catonem
1435 2767 1560 2832 duobus
1583 2768 1790 2853 lepidissimis

597 2875 793 2939 carminibus
817 2875 1048 2957 perstrinxerit.

639 2980 758 3044 Nostro
795 2999 940 3044 sermone
974 2981 1003 3041 si
1036 2976 1182 3042 Bibaculi
1217 2980 1402 3042 convicium
1436 2981 1483 3043 ita
1514 2979 1642 3045 reddere
1673 2983 1723 3045 vis
1753 2988 1792 3044 ut

594 3108 688 3152 suam
711 3088 773 3151 sibi
797 3091 902 3150 servet
925 3085 1146 3161 acerbitatem,
1170 3086 1314 3170 imagine
1337 3085 1398 3149 tibi
1420 3086 1576 3150 utendum
1602 3094 1665 3165 est,
1687 3086 1792 3171 appel-

594 3193 775 3277 landusque
819 3189 961 3255 Orbilius
1005 3210 1082 3267 „een
1118 3189 1248 3275 doospot
1285 3190 1340 3255 der
1373 3190 1502 3275 poezie”
1539 3197 1608 3270 (σιῑς
1644 3194 1790 3266 ποιήσεως

595 3298 752 3378 πνιγεύς).

1050 3620 1092 3667 AD
1115 3620 1340 3668 Puuueacuuu.

644 3786 728 3851 Plus.
764 3784 862 3848 soba
901 3784 942 3847 14
973 3782 1084 3863 (Sint.)
1118 3780 1397 3849 Commemoratur
1427 3789 1584 3852 sententia
1614 3788 1770 3872 quaedam

594 3913 695 3977 quam
726 3889 822 3955 Solon
854 3890 1078 3973 pronuntiavit
1106 3888 1144 3954 de
1169 3889 1311 3953 divitum
1335 3911 1576 3977 pauperumque
1598 3892 1727 3958 litibus:
1753 3896 1792 3965 ὥς

594 3998 632 4061 τὸ
656 3995 719 4061 ἴσον
743 3996 927 4071 πόλεμον
951 3995 992 4059 σύ
1017 4002 1129 4059 ποιεῖ
1150 3995 1201 4058 καὶ
1226 4003 1289 4065 τοῖς
1310 4006 1513 4072 κτηματικοῖς
1533 4000 1720 4075 ἀρέσκειν
1740 3998 1790 4062 xci

594 4110 661 4174 τοῖς
687 4102 852 4179 σὶκσιὶμσσι,
878 4106 936 4165 σῶν
960 4101 1016 4176 μὶν
1039 4098 1115 4182 aidica
1139 4101 1191 4164 nal
1216 4102 1322 4183 σὶρεσῇ,
1347 4109 1405 4167 σῶν
1429 4101 1460 4167 δὲ
1484 4106 1584 4184 μέτρῳ
1605 4106 1657 4168 καὶ
1678 4104 1792 4183 ἀριθμῷ

595 4211 632 4273 τὸ
664 4206 727 4270 loos
758 4203 835 4283 ἕξειν
859 4207 1097 4281 προσδοκώντων.
1131 4204 1208 4284 Quis
1230 4207 1305 4270 binc
1329 4228 1456 4272 sensum
1483 4215 1594 4292 aptum
1619 4205 1794 4273 extundat?

596 4316 642 4379 At
672 4310 763 4375 nullo
794 4312 926 4396 negotio
958 4311 1086 4375 restitui
1118 4316 1223 4395 potest
1252 4313 1341 4376 iocus
1373 4319 1421 4377 sat
1444 4313 1579 4398 lepidus.
1605 4312 1792 4397 Legendum

596 4422 685 4483 enim
716 4421 766 4481 est
796 4416 932 4490 πόλεμον
964 4422 1047 4478 torsi
1067 4414 1184 4492 (deleto
1207 4416 1256 4495 οὐ)
1360 4418 1503 4493 delusos:
1527 4438 1622 4482 eausa
1645 4416 1721 4481 belli
1746 4422 1794 4481 est

594 4523 631 4587 rt
655 4520 732 4596 loos,
754 4521 814 4586 hoc
836 4523 923 4585 enim
946 4522 1092 4603 utrisque
1117 4519 1235 4604 placet,
1262 4521 1322 4586 hoe
1341 4526 1471 4607 utrique
1491 4527 1655 4607 expetunt.
1681 4522 1792 4587 Nonne

594 4629 671 4692 hinc
702 4647 812 4691 omnes
839 4631 1014 4689 nascuntur
1036 4624 1110 4689 lites
1134 4625 1218 4708 quod
1243 4626 1354 4691 eadem
1379 4650 1412 4693 re
1436 4630 1498 4692 duo
1521 4631 1619 4713 potiri
1641 4624 1792 4694 studenti

596 4734 638 4798 Et
663 4752 766 4797 nonne
789 4730 910 4796 salsum
933 4738 982 4796 est
1005 4729 1243 4809 ἀπροσδόκητον·
1275 4736 1437 4818 „aequites
1461 4734 1584 4798 bellum
1608 4732 1738 4820 parit'’?

1570 4853 1598 4919 J.
1624 4852 1653 4919 J.
1678 4853 1721 4918 H.

1089 4975 1283 4986 ——
