5125 6150
977 838 1020 884 no
1043 837 1271 886 smerorrrsurs
1294 839 1431 888 aaaron.
1734 824 1798 888 349

607 1008 661 1073 sed
684 1028 814 1093 pergere
832 1027 895 1070 non
916 1005 992 1069 licet
1012 1007 1201 1089 priusquam
1220 1005 1355 1070 absurda
1374 1006 1451 1071 haec
1471 1007 1569 1073 rerba
1588 1010 1802 1093 corrigantur,

607 1117 634 1178 ei
657 1113 770 1189 liceat,
794 1114 843 1175 sin
867 1114 994 1188 minus,
1018 1114 1182 1176 tententur
1204 1117 1300 1176 certe.
1323 1111 1406 1177 Nam
1430 1114 1539 1199 inepte
1560 1135 1719 1178 susurrare
1738 1114 1802 1179 dici

600 1220 737 1301 pubicae,
771 1221 826 1302 qui
859 1217 969 1282 ultimi
1001 1219 1244 1282 commemorati
1276 1222 1371 1295 eunt,
1402 1239 1464 1283 non
1497 1225 1546 1284 est
1578 1219 1663 1303 quod
1686 1219 1803 1285 multis

606 1325 712 1390 verbis
737 1324 963 1388 demonstrem.
989 1324 1085 1387 Prius
1106 1323 1271 1407 pulicum,
1296 1323 1369 1389 dein
1393 1322 1534 1388 culicum
1558 1326 1585 1388 si
1608 1324 1699 1390 fieret
1717 1347 1803 1390 men·

607 1434 670 1508 tio,
702 1429 784 1494 nihil
814 1428 937 1494 insoliti
967 1428 1137 1494 molestius
1170 1430 1301 1494 haberet
1326 1429 1483 1495 eiusmodi
1507 1429 1721 1517 synecdoche,
1746 1430 1802 1497 sed
1884 1460 1885 1464 ¹

607 1544 645 1600 ut
677 1557 760 1600 nunc
792 1535 889 1600 habet
919 1539 1046 1611 textus,
1079 1555 1176 1619 supra
1207 1555 1304 1620 quam
1336 1534 1400 1600 dici
1430 1540 1536 1620 potest
1564 1542 1612 1601 est
1633 1536 1800 1602 absurdus.

606 1642 690 1722 Quid
713 1638 836 1728 igitur?
859 1639 961 1705 alione
983 1640 1092 1705 ordine
1116 1640 1193 1705 haec
1216 1639 1383 1725 disponere
1403 1647 1475 1725 post
1493 1639 1574 1706 alios
1594 1639 1799 1707 conabimur?

605 1768 644 1811 an
675 1746 826 1811 lacunosa
855 1753 886 1810 et
917 1746 1049 1810 fortasse
1081 1744 1279 1811 conclamata
1311 1743 1477 1811 dicemus?
1505 1746 1576 1811 Non
1599 1750 1720 1832 opinor,
1744 1747 1800 1813 sed

605 1852 799 1917 animalcula
817 1850 952 1916 molesta
974 1859 1010 1915 ut
1029 1851 1240 1917 exturbantur
1260 1851 1335 1917 inde
1356 1873 1419 1937 quo
1440 1852 1590 1918 audacter
1606 1853 1801 1920 insiluerunt

605 1964 716 2024 auctor
739 1979 830 2035 sum,
856 1963 894 2021 ut
917 1957 1007 2023 locus
1030 1956 1086 2021 fiat
1111 1956 1184 2023 aliis
1207 1955 1425 2034 animalculis,
1450 1978 1530 2043 quae
1553 1960 1633 2024 item
1657 1958 1801 2024 mortali·

605 2066 665 2129 bus
688 2072 765 2129 sunt
784 2062 1011 2130 molestissima
1031 2063 1238 2147 sordiumque
1259 2064 1392 2128 comites
1413 2069 1609 2141 constantes,
1629 2063 1706 2130 huic
1725 2086 1800 2130 rero

604 2172 769 2235 enuntiato
792 2169 967 2234 salutifera.
1000 2170 1125 2232 Maroae
1149 2169 1237 2246 dico,
1261 2190 1342 2254 quae
1366 2169 1492 2254 quando
1516 2191 1580 2235 non
1603 2173 1800 2236 coniunctim

604 2297 679 2340 cum
711 2274 868 2340 culicibus
897 2272 1212 2339 commemorantur?
1236 2274 1280 2339 At
1303 2277 1475 2340 temeraria
1497 2275 1574 2340 haec
1598 2275 1801 2342 coniectura?

607 2381 679 2445 Non
710 2383 832 2465 opinor,
863 2400 939 2444 nam
969 2379 1061 2444 facile
1092 2382 1199 2464 potuit
1228 2379 1298 2445 fieri
1320 2385 1359 2444 ut
1382 2383 1500 2445 mentis
1524 2401 1628 2446 errore
1650 2381 1801 2447 librarius

606 2486 744 2551 alterum
776 2484 984 2550 bestiolarum
1015 2505 1117 2570 genus
1145 2485 1243 2548 nimis
1265 2485 1345 2549 bene
1369 2485 1431 2549 sibi
1454 2491 1567 2551 notum
1591 2487 1801 2553 substitueret

606 2592 715 2671 alteri3
740 2598 914 2677 potuerunt
936 2593 1035 2656 etiam
1059 2627 1101 2640 -
1126 2596 1159 2655 et
1181 2592 1240 2656 hoc
1264 2590 1419 2676 estquod
1442 2594 1586 2677 suspicor
1609 2592 1799 2659 —litteras

606 2706 756 2762 MTlssN
781 2718 855 2762 casu
881 2698 1020 2773 turbari,
1045 2697 1117 2761 dein
1142 2705 1290 2761 ΙΤΜΩΝ
1314 2698 1348 2760 in
1374 2705 1564 2762 ΨΤΛΑΩΝ
1590 2699 1687 2764 abire.

653 2804 746 2867 Absit
775 2805 880 2888 igitur
902 2811 940 2867 ut
964 2802 1002 2867 de
1025 2804 1113 2867 bisce
1136 2800 1340 2867 animalculis
1362 2801 1468 2869 valeat
1491 2803 1525 2869 id
1548 2804 1632 2889 quod
1656 2805 1695 2870 de
1717 2804 1800 2891 puli·

606 2910 696 2973 cibus
720 2929 738 2973 a
762 2907 871 2993 puella
894 2909 1033 2973 formosa
1055 2911 1235 2974 interemtis
1259 2908 1390 2973 canebat
1413 2907 1492 2974 olim
1515 2909 1662 2975 Esseisa:

1040 3037 1123 3092 „non
1145 3036 1202 3081 vos
1226 3014 1396 3081 hominum
1420 3016 1541 3082 eximet
1564 3037 1618 3082 ore

745 3121 863 3207 „longa
886 3121 970 3199 dies,
995 3142 1054 3186 sua
1077 3121 1155 3186 dum
1179 3123 1338 3187 constabit
1359 3124 1466 3208 gratia
1489 3121 1629 3188 Musis'’.

605 3228 681 3293 Mea
716 3236 800 3292 certe
830 3230 859 3291 si
891 3227 969 3311 quid
1000 3225 1109 3292 valent
1140 3232 1231 3305 vota,
1262 3228 1367 3291 casseri
1398 3228 1432 3291 hi
1457 3228 1577 3309 pulices
1608 3230 1798 3314 quantocius

606 3334 809 3400 delebuntur.

653 3439 715 3504 Sed
739 3459 848 3525 pergo.

653 3532 779 3625 Φίειρῶν
804 3544 831 3608 δ’
854 3543 978 3623 οίριίμίν
1001 3544 1053 3607 καί
1078 3544 1224 3610 κωνώπων
1247 3543 1300 3607 καί
1324 3550 1418 3621 μυιῶν
1442 3544 1508 3611 οὐδὲ
1533 3544 1616 3624 atys
1641 3568 1685 3612 σοι

654 3652 711 3715 ὑπὸ
734 3655 787 3715 τοῦ
811 3650 942 3723 πλιίίους
958 3649 992 3729 ¹),
1018 3642 1053 3714 αί
1074 3649 1255 3729 βομβοῦσαι
1279 3650 1347 3730 περί
1372 3651 1427 3726 τίρν
1452 3655 1596 3733 κεφαλὴν
1619 3653 1750 3731 ἀνιῶσιν,

653 3756 863 3836 ἐπεγείρουσαι
877 3756 929 3821 καί
942 3756 1134 3837 φροίζονσοιι·
1150 3756 1407 3834 ,,πεινιίσειςί”-
1415 3758 1512 3836 ,aar
1525 3760 1677 3825 ἐπανίστω
1685 3759 1720 3821 ί”
1729 3796 1760 3807 -

606 3863 645 3927 de
681 3864 797 3948 quibus
834 3862 938 3927 verbis
968 3864 1001 3925 in
1034 3866 1171 3927 transitu
1203 3864 1353 3941 observo,
1390 3865 1582 3951 particulam
1615 3863 1702 3928 οίλλοί
1734 3887 1798 3930 non

606 3968 825 4032 adversativam
855 3990 938 4033 nunc
969 3988 1037 4033 esse
1068 3968 1122 4033 sed
1150 3969 1341 4034 tereticam.
1367 3967 1558 4049 „blsuriest”
1582 3973 1715 4056 pauperi
1739 3969 1799 4036 cla·

607 4083 697 4138 mant
729 4072 847 4138 culices
878 4080 910 4138 st-
937 4094 1065 4138 muacae
1090 4076 1406 4162 circumstrepentes,
1434 4078 1590 4153 „esuries,
1614 4078 1677 4140 nisi
1701 4096 1798 4160 quam

603 4182 747 4264 primum
780 4179 819 4243 ad
843 4200 923 4264 opus
947 4179 1172 4263 quotidianum
1195 4186 1228 4247 te
1251 4182 1430 4267 accingas'.
1456 4183 1500 4247 At
1522 4184 1621 4247 etiam
1645 4181 1800 4247 dormitat

603 4283 678 4350 ille:
705 4287 804 4370 „quiu
828 4305 926 4370 surge
948 4282 1089 4370 igiturl’'
1115 4285 1220 4352 denuo
1243 4289 1387 4371 sopitum
1411 4288 1574 4370 increpant
1601 4293 1623 4367 ).

606 4390 673 4454 540
697 4391 769 4470 πρὸς
790 4389 821 4455 bt
841 4415 882 4469 ys
900 4389 1017 4462 τούτοις
1034 4392 1099 4456 ἄνθ’
1113 4392 1240 4470 ίματίου
1257 4392 1314 4471 μὲν
1333 4389 1418 4474 ἔχειν
1429 4391 1530 4473 aanor,
1543 4392 1613 4458 αντί
1626 4392 1658 4458 dd
1669 4392 1774 4467 κλίνης

696 4494 836 4572 στιβοίδα
856 4495 984 4576 σχοίνων
1006 4494 1112 4576 κορίων
1131 4499 1261 4575 μεστήν,
1283 4488 1300 4570 ἢ
1320 4499 1390 4570 τοὺς
1410 4495 1553 4571 εὕδοντας
1575 4498 1699 4579 ἐγείρει·
1792 4554 1796 4559 .

696 4601 748 4665 καί
761 4603 877 4681 Φορμίν
890 4600 975 4682 ἔχειν
988 4602 1056 4666 ἄντί
1069 4602 1210 4678 τοίπιρτος
1222 4601 1350 4682 σαπρίν,
1364 4603 1434 4668 ἄντί
1447 4603 1478 4669 δὲ
1490 4605 1745 4686 προσκεφαλαίου

639 4848 650 4894 l
655 4860 664 4905 ρ
683 4844 761 4893 Verba
778 4842 824 4893 ὑπο
843 4846 889 4893 τοῦ
906 4844 1014 4902 πλήθους
1034 4849 1060 4894 nt
1077 4846 1126 4894 aiut
1143 4845 1235 4894 sincera
1252 4860 1347 4903 sercou
1369 4844 1482 4909 languent
1500 4850 1572 4896 certe.

639 4929 665 4989 2)
687 4926 723 4976 Ge
737 4930 791 4976 aaa
808 4927 984 4991 οσοιροιίίριίειιί
1005 4955 1031 4964 -
1055 4926 1128 4975 dicar
1144 4933 1185 4975 ιια
1201 4928 1251 4976 dau
1269 4926 1325 4977 ίοσΙο
1342 4929 1397 4991 apl!
