5125 6150
1058 832 1309 882 Amsuolmrss.

637 999 691 1066 Vs.
718 998 792 1066 303.
862 997 912 1065 ἵνα
931 999 938 1086 Ι
957 997 1141 1077 μυστοδόκος
1165 997 1257 1076 δόμος

865 1106 895 1171 ἐν
918 1112 1061 1176 τελεταῖς
1085 1104 1196 1183 syloa
1219 1102 1518 1170 ἀναδείκνυται

586 1214 790 1280 Adnotatur:
822 1210 871 1279 cf.
903 1211 1000 1297 Soph.
1031 1211 1082 1277 El.
1116 1210 1204 1277 1458
1233 1211 1444 1277 ἀναδεικνύναι
1475 1210 1594 1290 τύλος,
1622 1212 1685 1276 nisi
1707 1209 1775 1277 illio

587 1320 798 1387 οὶνιιτιτνοόνιιι
830 1320 966 1402 [dudum
989 1319 1050 1384 hoo
1072 1321 1140 1404 ipse
1164 1320 1345 1404 proposui],
1370 1323 1402 1384 ot
1424 1323 1531 1383 nostro
1552 1317 1621 1383 looo
1643 1317 1776 1384 οἱνατότ-

589 1427 718 1493 ναται.”
751 1426 813 1491 Hio
837 1426 927 1491 verbi
949 1423 1159 1491 ἀναδεικνύναι
1182 1445 1261 1489 usus
1283 1424 1366 1489 mihi
1389 1444 1515 1509 quoque
1538 1430 1704 1510 suspectus
1726 1430 1775 1490 est

589 1533 775 1601 admodum.

636 1722 689 1788 Vs.
715 1721 790 1787 324.
1232 1720 1361 1801 χυροῦο’
1384 1714 1480 1784 αὗται
1503 1719 1585 1784 τόνυ
1608 1721 1724 1785 πολλοὶ

772 1828 822 1892 δια
846 1832 903 1889 τῶν
928 1827 1069 1891 κοόλιιν
1092 1824 1143 1890 καὶ
1168 1832 1227 1890 τῶν
1250 1824 1374 1890 δασόυν.

589 1935 672 2016 Quia
706 1931 787 1998 nihil
822 1935 904 1997 vitat
938 1932 981 1997 τόν
1015 1941 1105 1999 κοῖλοι
1140 1931 1239 1997 simul
1274 1930 1372 1997 δαοόα
1402 1952 1490 2010 esse,
1519 1930 1598 1997 olim
1621 1935 1771 2019 proposui

588 2047 736 2122 ψιλῶν,
769 2040 884 2125 quibus
917 2039 959 2103 τοι
983 2038 1080 2104 δαοόα
1104 2041 1221 2124 opponi
1242 2037 1390 2104 assolent.
1414 2038 1579 2123 Scriptura
1603 2046 1770 2107 ocronN

586 2151 656 2215 sivo
679 2153 850 2213 HCIAnN
874 2166 892 2210 a
916 2153 1089 2211 ΚΟΙΛΩΝ
1112 2166 1173 2210 non
1197 2143 1341 2210 multum
1365 2144 1473 2211 distat.

634 2336 686 2403 Vs.
720 2333 796 2401 377.
837 2335 1246 2415 κατακρημνάμεναι.
1289 2334 1373 2415 Quin
1407 2334 1521 2402 Veneti
1560 2334 1635 2402 libri
1674 2335 1771 2403 lertio

588 2440 896 2523 κατακριμνοόμεναι,
929 2462 1025 2527 quam
1055 2441 1200 2528 analogia
1230 2442 1400 2508 verborum
1432 2441 1595 2521 τιτνοόναι,
1619 2445 1772 2523 κιρνοόναι,

588 2550 754 2627 τιλνοὶναι,
779 2548 935 2613 οκιδνοόναι
958 2550 1050 2614 unius
1073 2554 1192 2626 tuetur,
1217 2570 1293 2614 vera
1316 2551 1357 2614 sit
1381 2570 1444 2614 non
1463 2548 1591 2627 dubito,
1610 2551 1771 2634 mirorque

586 2659 669 2723 hano
699 2678 763 2721 non
789 2661 948 2740 reosptam
970 2675 1037 2720 esse
1059 2675 1077 2719 a
1100 2655 1305 2733 Leouwenio‚
1335 2659 1452 2741 quippo
1474 2651 1534 2741 qui
1552 2655 1702 2722 similiter
1722 2658 1771 2720 iu·

586 2765 691 2830 dicare
725 2762 876 2828 rideatur
907 2764 942 2826 in
974 2761 1157 2826 Enohiridio
1191 2784 1223 2848 p.
1257 2759 1334 2839 517,
1370 2782 1433 2848 quo
1466 2761 1599 2829 lectores
1632 2761 1768 2849 ablegat.

584 2869 694 2955 Magis
724 2871 892 2954 magisque
922 2872 1051 2952 apparot
1074 2868 1215 2934 codicem
1236 2867 1333 2933 illum
1356 2868 1471 2934 multis
1494 2866 1573 2934 loeis
1596 2868 1771 2935 fideliorem

586 2996 653 3040 osso
671 2978 846 3061 scripturae
869 2974 1117 3060 Aristophanoae
1140 2979 1256 3041 testem
1279 2995 1376 3060 quam
1398 2975 1627 3041 Ravennatem.

632 3164 683 3231 Vs.
709 3164 788 3231 388.

675 3274 709 3347 vir
732 3273 783 3338 τόν
807 3270 951 3336 Ἀτόλλιι
975 3270 1026 3336 καὶ
1050 3271 1133 3337 δεινοὶ
1155 3277 1237 3337 τοιεῑ
1256 3275 1291 3349 γ’
1312 3273 1344 3352 (ἡ
1367 3270 1490 3352 γαττιὶρ
1513 3269 1595 3353 soil.)
1619 3269 1705 3344 εὑόός

1146 3380 1229 3460 [μοι,
1253 3376 1305 3442 καὶ
1330 3377 1521 3459 τετάρακται
1533 3426 1542 3457 ,

676 3482 799 3563 χῶττερ
820 3482 932 3564 βροντὴ
955 3482 990 3548 τό
1014 3481 1152 3565 ζωμίδιον
1176 3487 1334 3568 ταταγεῖ]
1357 3484 1409 3549 καὶ
1433 3483 1515 3550 δεινοὶ
1539 3482 1698 3570 stepaso,

678 3588 815 3670 οὶτρόμας
846 3595 961 3671 τρῶτον
991 3590 1133 3668 ταττοὶξ
1163 3589 1323 3670 ταττοόξ,
1355 3590 1406 3657 καὶ
1436 3591 1534 3656 ἔπιτ’
1564 3588 1678 3671 sedon
1708 3616 1768 3657 τα-

1510 3714 1519 3724 “
1566 3697 1766 3777 ταταττόξ.

677 3802 728 3866 καὶ
753 3796 827 3867 όταν
849 3799 946 3884 χέζω,
967 3802 1073 3884 κομιδῇ
1092 3801 1208 3887 βροντᾷ
1227 3799 1481 3884 ταταταττοόξ,
1501 3798 1600 3885 ὥσπερ
1620 3806 1743 3873 ἐκεῖναι.

584 3908 686 3974 Verba
715 3929 795 3994 quae
826 3912 927 3994 saepsi
958 3911 1099 3987 uncinis,
1135 3912 1202 3975 sive
1234 3931 1308 3976 vero
1338 3910 1562 3997 Aristophanis
1593 3918 1670 3977 sunt
1699 3915 1768 3980 sivo

583 4014 836 4101 interpolatoris,
860 4016 967 4080 abesse
990 4015 1137 4101 equidem
1158 4015 1254 4104 longo
1277 4015 1401 4083 malim.
1425 4015 1473 4085 cf.
1493 4017 1675 4084 Lesuwenii
1693 4026 1769 4085 nota

582 4123 703 4188 critica.

627 4309 680 4377 Vs.
705 4310 781 4377 394.
813 4310 931 4397 Streps.
964 4314 1056 4378 ταῦτ’
1087 4310 1147 4393 ἄρα
1179 4311 1231 4377 καὶ
1262 4311 1415 4393 τώνόματ’
1439 4313 1587 4388 όλλνόλοιν
1617 4314 1763 4397 βροντὴ

1470 4419 1522 4485 καὶ
1546 4420 1638 4500 τορδόρ
1661 4420 1762 4499 όμοόοι.

580 4521 710 4589 Scilicet
739 4523 836 4589 homo
867 4524 1010 4610 plebeius
1040 4530 1073 4591 st
1102 4524 1308 4605 illitteratus,
1332 4528 1394 4592 nisi
1418 4529 1546 4614 egregio
1569 4526 1671 4605 fallor,
1695 4548 1765 4612 pro·

580 4633 744 4695 nuntiasse
775 4631 948 4697 censendus
979 4640 1026 4698 ast
1058 4632 1164 4713 τρονδιὶ
1196 4640 1228 4698 et
1258 4633 1369 4712 τορδιὶ,
1397 4631 1449 4697 vel
1479 4632 1590 4711 βροντή
1613 4638 1646 4698 st
1667 4633 1762 4714 βορτιὶ

579 4739 662 4818 (sive
690 4738 763 4817 δή),
795 4744 833 4802 ut
864 4738 948 4803 haud
979 4760 1047 4805 raro
1070 4739 1155 4825 apud
1178 4736 1333 4815 Graecos,
1358 4738 1628 4824 quemadmodum
1650 4740 1688 4806 fit
1709 4741 1763 4807 ho

579 4843 694 4927 dieque
723 4846 756 4907 in
786 4843 900 4909 multis
928 4842 1117 4911 Germaniae
1139 4847 1327 4950 praesertim
1350 4846 1555 4931 regionibus,
1580 4868 1605 4912 τ
1628 4852 1663 4913 ot
1684 4845 1719 4927 β,
1743 4870 1762 4910 τ

578 4955 611 5015 et
633 4950 661 5029 δ,
685 4949 808 5035 plebeio
831 4972 974 5017 sermone
999 4951 1130 5017 oonfusa
1152 4971 1220 5017 esso
1241 4950 1332 5017 tituli
1354 4956 1522 5017 testantur.
