5125 6150
684 776 726 843 16
989 755 992 761 ’
1186 790 1352 841 uuerasue.

682 956 846 1022 Nimirum
869 955 1027 1022 Lucienus
1047 958 1079 1020 ei
1095 958 1249 1041 respicere
1269 958 1359 1021 visus
1378 960 1427 1022 est
1445 955 1528 1021 Plat.
1549 955 1678 1022 Theaet.
1700 980 1731 1043 p.
1746 955 1873 1023 laea:

683 1062 720 1129 τύ
750 1086 784 1129 τι
807 1063 912 1141 σίγμα
936 1068 994 1128 τῶν
1017 1062 1145 1140 ιθφύνον
1169 1062 1233 1141 θεέ,
1259 1062 1361 1144 ψθΦοι
1387 1086 1432 1136 τις
1456 1062 1555 1142 αθνον,
1579 1084 1681 1149 neque
1704 1063 1877 1130 Hemeter·

684 1170 796 1235 husius
818 1170 916 1235 huius
937 1169 998 1235 loci
1017 1171 1187 1235 immemor
1205 1170 1285 1249 fuit;
1306 1168 1448 1236 desidero
1467 1175 1574 1235 tamen
1593 1169 1741 1254 equidem
1760 1173 1876 1236 iocum

684 1275 779 1363 paulo
809 1275 983 1342 salsiorem.
1015 1277 1083 1340 Aut
1111 1277 1219 1340 omnia
1248 1297 1300 1340 me
1332 1274 1465 1353 fallunt,
1497 1283 1553 1341 aut
1582 1276 1687 1355 ψθφον
1710 1276 1878 1343 malesana

684 1384 834 1449 correctio
858 1390 923 1464 est3
948 1381 1209 1467 proficiscendum
1233 1386 1282 1446 est
1304 1381 1479 1448 electione
1501 1386 1555 1445 τοῦ
1579 1381 1691 1462 φθβιν,
1715 1404 1796 1469 quae
1817 1403 1877 1468 per

685 1510 717 1554 ee
748 1494 888 1574 spectata
919 1487 1053 1553 absurde
1077 1494 1142 1564 est,
1168 1487 1221 1552 sed
1246 1508 1307 1573 quo
1330 1491 1436 1574 magis
1458 1494 1505 1552 est
1527 1487 1677 1566 absurda,
1702 1509 1740 1554 eo
1762 1490 1877 1554 seriei·

685 1594 796 1663 milius
817 1594 979 1660 ridebitur
1001 1597 1088 1658 intus
1112 1594 1212 1660 celare
1234 1593 1268 1658 id
1292 1594 1375 1679 quod
1394 1615 1508 1661 rerum
1528 1601 1585 1660 est.
1608 1593 1670 1661 Sed
1688 1594 1766 1680 quid
1784 1615 1875 1660 cesso

686 1722 791 1768 meam
821 1703 1033 1786 suspicionem
1064 1698 1269 1786 expromere?
1302 1700 1332 1765 έν
1363 1700 1416 1780 ἴσῳ
1447 1701 1479 1766 δέ
1510 1703 1626 1767 κεῖσθαι
1650 1703 1692 1782 τῷ
1716 1701 1873 1767 Κθπτα.

685 1809 813 1873 Ittenim
843 1810 926 1872 inter
956 1808 990 1871 τδ
1023 1806 1131 1871 ιιθπτα
1157 1812 1189 1873 et
1211 1808 1245 1873 τδ
1268 1815 1312 1887 φῖ
1332 1810 1488 1895 exiguum
1513 1807 1681 1873 discrimen
1706 1813 1769 1885 est;
1796 1806 1876 1873 alibi

685 1915 763 1979 abiit
788 1917 821 1978 iu
844 1911 1003 2000 syllabam
1027 1912 1074 1978 ol·
1100 1913 1139 1977 cf.
1165 1913 1250 1978 Bast.
1276 1913 1315 1979 ad
1339 1912 1437 2000 Greg.
1463 1911 1605 1980 Corinth.
1630 1935 1660 1999 p.
1686 1912 1739 1979 82.

732 2135 749 2218 ξ
771 2131 808 2197 3:
832 2132 945 2197 δίκαιον
968 2126 1016 2197 οὖν
1039 2133 1098 2211 ούχ
1123 2133 1203 2209 ὑμᾶς
1223 2130 1251 2197 οἳ
1270 2132 1412 2215 διιισύζετε
1432 2136 1513 2211 νῦν,
1533 2132 1621 2197 ιἰλλὰ
1642 2130 1692 2196 sol
1713 2131 1756 2196 τὰ
1776 2132 1873 2197 λοιπὰ

686 2238 868 2319 γράμματα
891 2246 947 2314 τῆς
971 2238 1076 2319 πείρας
1103 2235 1187 2319 ἔχειν
1212 2238 1282 2305 τινὰ
1309 2239 1465 2319 φυλακήν.
1489 2239 1590 2326 Lege:
1617 2237 1743 2312 αθνον.

991 2424 1055 2502 (Ad
1080 2422 1225 2486 Timonem
1249 2422 1323 2488 vide
1346 2443 1442 2508 supra
1464 2443 1495 2508 p.
1523 2422 1568 2504 5.)

1071 2528 1258 2592 Prometheus
1279 2552 1304 2593 ε.
1334 2530 1491 2593 Caucasus.

734 2667 804 2753 §a
835 2666 1002 2732 Exclamat
1032 2666 1259 2733 Prometheus:
1296 2661 1344 2732 οἷα
1376 2667 1511 2732 πέπονθα
1536 2668 1549 2731 θ
1573 2665 1766 2745 κακοδαίμων
1790 2664 1872 2732 ιύδθν

690 2774 782 2841 δεινὸν
815 2773 1109 2853 ἐργασάμενοι.
1141 2771 1203 2840 Cui
1233 2773 1431 2840 Mercurius:
1457 2773 1537 2839 οὐδέν
1560 2774 1652 2838 δεινὸν
1676 2773 1871 2854 εέργθσιι;

689 2881 739 2947 Ita
769 2881 958 2947 Iacobitzius
990 2879 1106 2957 edidit,
1139 2901 1239 2964 quum
1263 2880 1342 2946 olim
1365 2888 1449 2947 recte
1472 2881 1633 2966 legeretur
1656 2878 1875 2959 εἰογασαέ-

690 3008 767 3060 νος·
799 2986 913 3052 itidem
942 2988 1116 3071 requiritur
1146 2987 1323 3082 perfectum
1354 2986 1470 3066 elpyc
1484 3010 1569 3064 σαι,
1601 2989 1696 3052 sicuti
1725 2989 1759 3052 iu
1788 3006 1875 3073 para·

689 3094 805 3182 graphi
828 3093 889 3159 fine
912 3098 995 3158 recte
1019 3092 1185 3158 scribitur:
1207 3093 1290 3178 δεινὰ
1310 3093 1509 3174 εἰργασμένος
1529 3094 1591 3175 φύς
1609 3093 1703 3171 μηδέν
1721 3092 1871 3168 ύδιιιύσας

689 3201 844 3278 δεδέσθαι,
869 3221 931 3265 non
955 3199 1176 3280 έργασύμενοι.

736 3404 813 3490 §71
843 3402 1026 3483 πειράσομαι
1058 3404 1331 3469 διαλύσασθαι
1365 3404 1406 3468 τὰ
1432 3404 1633 3482 ἐγκλήματα.
1665 3402 1793 3468 Dicitur
1814 3403 1873 3468 hoo

693 3514 796 3598 magis
819 3509 1121 3577 ἀπολύσασθαι.

738 3718 755 3801 §
776 3715 836 3780 21:
869 3714 913 3790 ein
941 3716 966 3779 δ’
991 3715 1044 3789 ἤδη
1070 3738 1115 3780 σοι
1138 3714 1189 3779 τδν
1213 3716 1352 3793 Θηβαῖον
1376 3711 1407 3779 δν
1431 3718 1493 3795 φὴς
1518 3713 1642 3793 τοξθτιιν
1666 3714 1873 3795 ἐπιφανῆναι,

692 3824 738 3895 olo
763 3821 960 3887 παύσειεν
984 3821 1227 3899 θνατεμνθμενον
1251 3823 1308 3886 ὑπὸ
1332 3826 1385 3886 τοῦ
1408 3819 1513 3900 ὀρνέου.
1537 3819 1669 3907 Scripsit
1692 3820 1873 3897 Lucienus,

693 3929 829 3996 seribere
851 3933 935 3993 certe
958 3927 1084 3993 debuit:
1110 3924 1148 4000 tc
1172 3927 1322 3993 παύσει
1348 3930 1375 3991 π’
1400 3925 1653 4004 θνατεμνύμενον.

1142 4111 1270 4175 Deorum
1294 4110 1430 4191 Dioloqt.

739 4248 791 4314 IV.
816 4248 855 4314 2:
887 4248 929 4313 ret
961 4247 992 4312 δέ
1024 4247 1171 4326 πρθβατα
1202 4248 1272 4318 locos
1304 4249 1330 4313 ol
1365 4248 1450 4314 λύιιοι
1482 4246 1786 4327 διαρπάσονται
1810 4252 1875 4328 ἤδη.

694 4354 767 4420 Non
801 4355 969 4441 diripient,
1014 4354 1067 4420 sed
1102 4355 1295 4441 discerpent,
1332 4353 1564 4432 dilacerabunt3
1601 4358 1737 4422 scribam
1773 4362 1876 4447 igitur

695 4459 1012 4526 διασπάσονται.
1049 4459 1128 4526 Vide
1159 4461 1252 4528 modo
1285 4460 1357 4526 XII.
1391 4461 1425 4525 l:
1459 4460 1542 4526 δέδια
1573 4464 1617 4535 αὖ
1650 4463 1781 4545 κελεύσῃ
1805 4467 1876 4540 τούι

696 4567 896 4644 Κορύβαντας
920 4566 1137 4645 συλλαβόντας
1162 4591 1197 4632 σε
1220 4565 1470 4648 διἀσπύσασύαι,
1494 4566 1610 4631 XVIII.
1633 4568 1669 4633 l:
1691 4569 1878 4648 διασπασθῆ-

696 4697 744 4738 ναι
765 4673 893 4747 ποιήσας
916 4673 1047 4749 ὑπὸτῆς
1067 4674 1197 4753 μητρός,
1224 4674 1311 4739 ΧΙΧ.
1334 4674 1372 4739 l:
1395 4674 1424 4745 ἕο
1446 4673 1495 4738 τὸν
1515 4673 1673 4754 Τύρταιον
1687 4678 1876 4756 ἐμβαλοῦσα

697 4779 714 4853 ἢ
739 4782 817 4852 adri
842 4778 1066 4859 διεσπασμένη,
1091 4781 1177 4847 alibi.
1207 4780 1358 4848 Ceterum
1378 4781 1462 4865 quod
1482 4780 1561 4846 olim
1580 4782 1731 4849 edebatur
1753 4786 1879 4867 διεστύ-

696 4909 805 4962 σαντι,
830 4888 928 4950 etiam
950 4884 1013 4950 alio
1035 4891 1163 4953 nomine
1187 4891 1341 4952 vitiosum
1364 4893 1421 4950 est.
