5125 6150
794 820 859 887 188
1301 837 1469 889 uumerus.

789 1000 931 1080 εἰκάζειν.
966 999 1175 1067 Consentiunt
1207 1021 1316 1065 omnes
1347 1000 1386 1064 de
1415 999 1605 1085 vulgaribus
1635 1019 1672 1065 ac
1700 998 1822 1063 vilibus
1852 998 1975 1062 artibus

789 1107 843 1172 hic
861 1111 931 1193 agi;
952 1106 1036 1171 unde
1055 1109 1268 1170 necessarium
1290 1112 1339 1170 est
1358 1104 1639 1183 εύτελετέροιν.
1660 1102 1708 1170 Gi
1728 1104 1829 1169 Reitz.
1846 1125 1878 1188 p.
1899 1103 1975 1167 582.

834 1304 852 1385 ξ
873 1301 926 1366 34.
953 1304 1054 1366 Prisci
1076 1302 1228 1367 mortales
1248 1299 1371 1374 dmum
1391 1302 1509 1373 ἑαυτοῖς
1533 1300 1748 1382 χλανίδας.
1772 1300 1846 1364 vita
1865 1301 1977 1364 descri-

788 1408 879 1472 bitur
896 1409 1064 1472 hominum
1084 1411 1140 1492 qui
1159 1408 1305 1472 nondum
1326 1408 1395 1471 ἆντί
1416 1414 1503 1477 λιτῆς
1523 1408 1603 1485 ὑφῆς
1621 1410 1656 1470 τὸ
1669 1407 1796 1471 κάλλιον
1808 1406 1976 1469 ίποίκιλαν.

788 1512 834 1577 Hi
856 1514 1036 1591 χλαίνας
1061 1516 1168 1599 magis
1191 1513 1350 1577 habebant
1372 1533 1469 1596 quam
1492 1512 1658 1588 χλανιδας.
1691 1510 1738 1578 cf.
1763 1509 1875 1577 Cobeti
1904 1510 1975 1574 ίότ.

789 1619 870 1682 Dect.
902 1640 933 1703 p.
961 1618 1025 1682 150
1056 1627 1088 1682 et
1120 1617 1196 1683 364.
1230 1618 1338 1682 [itiam
1369 1618 1506 1682 conferri
1531 1620 1650 1702 poterit
1672 1616 1803 1702 Trypho
1827 1637 1877 1701 ap.
1901 1616 1979 1679 Am·

788 1725 935 1787 monium
957 1744 989 1807 p.
1016 1722 1091 1787 146.

833 1908 932 1992 §39:
968 1913 1065 1986 γρᾶες
1099 1909 1129 1973 δὲ
1166 1910 1218 1973 καί
1255 1909 1472 1988 θεραπαινίδων
1502 1909 1516 1971 ί
1548 1908 1788 1986 ούμμορΦος
1819 1905 1915 1985 ὄχλος
1947 1908 1977 1970 ἒν

788 2014 891 2095 κύκλῳ
914 2019 1071 2091 περιεςῖισι
1096 2014 1266 2079 mulierem
1292 2015 1404 2079 cubitu
1427 2022 1629 2099 surgentem:
1654 2013 1709 2077 sed
1731 2012 1878 2097 quidest
1900 2012 1980 2085 ούμ-

789 2125 905 2196 copon
928 2116 1043 2198 ίχλοςί
1067 2119 1203 2184 Vertunt
1225 2123 1432 2205 interpretes:
1457 2118 1597 2183 similem
1621 2117 1811 2182 ancillarum
1831 2139 1978 2204 gregem,

789 2225 874 2310 quod
893 2246 986 2289 sensu
1006 2245 1145 2289 vacuum
1165 2233 1223 2290 est.
1251 2223 1353 2289 Incidi
1372 2225 1520 2309 equidem
1539 2226 1591 2287 in:
1613 2224 1627 2287 ί
1648 2223 1850 2302 συρφετὸς
1870 2222 1978 2302 ίχλος.

834 2405 925 2488 ξ42.
961 2405 1160 2470 Describitur
1181 2404 1357 2469 mulierum
1381 2404 1543 2480 ακιιισμίς.
1562 2407 1685 2483 Ἀκροις
1710 2402 1875 2475 δακτύλοις
1900 2405 1980 2467 ἐπι-

788 2512 1030 2591 γράφονται
1061 2519 1120 2574 τῶν
1151 2512 1383 2589 παρακειμένων
1415 2508 1525 2578 ἕκατον
1554 2512 1761 2587 ιίπογεύονται
1785 2511 1899 2580 νύκτας
1925 2510 1976 2573 ἐπί

789 2618 908 2687 τούτοις
933 2618 1159 2693 διηγοῦμαι
1183 2616 1235 2679 καί
1260 2618 1330 2686 τοὺς
1356 2616 1636 2696 ἑτερίχροιτας
1661 2612 1780 2684 ὕπνους.
1816 2614 1978 2700 Interpres

787 2724 846 2787 hoc
877 2723 938 2786 sibi
968 2721 1149 2807 intelligere
1174 2721 1303 2786 videtur
1326 2724 1503 2807 vertitque:
1530 2723 1689 2799 ,summis
1711 2720 1822 2805 digitis
1846 2741 1901 2805 per
1924 2741 1978 2804 ap

787 2828 893 2911 posita
927 2827 1014 2910 quari
1048 2826 1198 2889 scribendi
1233 2849 1324 2890 οαιιεα
1359 2826 1464 2890 ductis
1494 2825 1623 2911 singule
1652 2825 1834 2909 degustent,
1867 2831 1977 2889 noctes

786 2933 870 2994 inter
896 2931 973 2995 haec
996 2937 1177 2995 enarrantes
1201 2938 1233 2996 et
1257 2931 1377 2996 diversi
1400 2930 1516 2995 coloris
1539 2929 1699 2994 somnos.''
1731 2931 1830 3015 Aegri
1852 2931 1977 2993 somnia

786 3033 864 3099 haec
895 3040 970 3099 sunt
1001 3056 1057 3099 nec
1088 3037 1184 3099 nimis
1214 3034 1341 3100 difficile
1365 3042 1413 3100 est
1435 3038 1572 3121 reperire
1595 3034 1680 3119 quod
1703 3032 1793 3099 lat-et.
1824 3034 1974 3099 Primum

786 3139 938 3204 mulieres
961 3143 1121 3224 appositos
1145 3142 1230 3205 cibos
1253 3142 1426 3226 degustant
1448 3143 1600 3205 extremis
1623 3140 1736 3225 digitis
1760 3160 1822 3203 non
1848 3139 1978 3216 ἐπιγρα-

785 3249 920 3321 Φουοαι,
952 3244 1035 3329 quod
1059 3244 1154 3308 nihili
1177 3252 1243 3321 est,
1267 3246 1322 3310 sed
1347 3246 1634 3323 ἐπιψαύουσαι.
1658 3244 1779 3309 Deinde
1802 3251 1875 3329 post
1898 3246 1976 3308 απο-

786 3351 930 3425 γεύονται
960 3349 1052 3434 plene
1074 3351 1368 3435 interpungendum
1391 3357 1491 3414 estet
1514 3350 1746 3435 supplendum:
1770 3357 1803 3428 (r
1812 3350 1836 3428 ί)
1861 3374 1975 3422 ννκτας

785 3454 836 3517 tet
857 3453 973 3523 τούτοις
998 3455 1202 3529 διηγῶμαι
1229 3456 1281 3518 καί
1307 3455 1376 3526 τοὺς
1401 3457 1678 3537 ε’νερύχρωτας
1704 3452 1827 3533 ύπνους;
1849 3456 1975 3519 Postre-

784 3581 877 3623 mum
905 3558 986 3622 illud
1017 3560 1219 3640 ἕνερύχροιτας
1250 3559 1363 3626 Cobeti
1388 3567 1453 3636 est,
1486 3561 1556 3623 ίαν.
1584 3561 1659 3623 dect.
1685 3582 1716 3645 p.
1741 3559 1817 3623 258.
1842 3558 1973 3624 Veteres

783 3667 989 3748 interpretes,
1025 3663 1173 3750 Guyetus
1209 3672 1241 3730 et
1276 3663 1453 3742 Gesnerus,
1489 3667 1523 3729 in
1553 3665 1637 3729 clara
1666 3665 1737 3729 luce
1769 3667 1851 3728 caeci
1875 3664 1972 3729 duces

783 3770 923 3833 fuerunt.
947 3767 995 3835 cf.
1021 3778 1180 3854 praeterea
1204 3770 1288 3835 Diei.
1311 3771 1442 3835 Meretr.
1467 3770 1519 3836 VI.
1545 3769 1576 3834 3.

829 3953 847 4035 ᾖ
867 3951 921 4016 44.
945 3950 1008 4015 Hic
1031 3951 1126 4036 paulo
1149 3953 1307 4018 difficilior
1324 3952 1413 4017 locus
1432 3959 1490 4016 est.
1515 3952 1626 4017 Serme
1646 3958 1694 4016 est
1713 3952 1751 4016 de
1770 3950 1971 4016 adulescente

783 4059 840 4141 qui
863 4077 956 4121 mane
978 4057 1088 4120 cubitu
1112 4061 1233 4144 surgit:
1259 4057 1364 4135 ύρίριος
1388 4060 1508 4129 οἰναςοὶς
1529 4058 1562 4121 ἐκ
1583 4065 1636 4129 τῆς
1657 4054 1774 4134 οὶζύγοιι
1795 4059 1896 4128 κοίτης
1916 4057 1969 4119 τὸν

783 4162 833 4225 ίπί
865 4168 923 4224 τῶν
953 4163 1102 4236 ίμμοίτων
1130 4163 1176 4226 ἔτι
1207 4165 1312 4226 λοιπὸν
1336 4159 1426 4227 ύπνον
1449 4161 1677 4241 ἀπονιψάμενος
1702 4161 1789 4226 ὕδατι
1813 4164 1888 4240 λιτῷ
1915 4163 1969 4226 καί

782 4269 837 4339 τίιν
868 4266 980 4345 ἱερὸν
1012 4267 1168 4344 χλαμύδα
1199 4277 1269 4338 ταῖς
1301 4270 1445 4345 ίπιομίοις
1475 4271 1613 4346 περύναις
1644 4268 1799 4346 ουρρύφας
1826 4268 1889 4331 οὶπί
1913 4276 1969 4340 τῆς

782 4370 926 4451 πατρῴας
947 4371 1034 4442 ἑςίας
1055 4370 1226 4453 ἐξέρχεται.
1251 4373 1304 4437 Sic
1323 4373 1430 4439 locum
1450 4374 1550 4437 edidit
1569 4373 1776 4449 Iacobitaius,
1795 4373 1847 4437 sed
1866 4395 1970 4458 quum

780 4475 860 4540 olim
891 4477 1027 4542 editores
1058 4480 1122 4541 iam
1156 4481 1350 4544 mirarentur
1380 4498 1536 4563 quaenam
1560 4499 1596 4542 ea
1619 4483 1702 4542 esset
1725 4479 1791 4556 iepai
1816 4481 1969 4557 χλαμύς,

781 4602 880 4666 quum
904 4584 937 4643 in
962 4580 1033 4646 aliis
1056 4581 1146 4646 libris
1169 4581 1298 4668 legatur
1320 4585 1502 4664 χιτωνίσκον
1523 4582 1680 4661 χλανίδα,
1700 4589 1772 4667 post
1791 4580 1969 4647 Graevium

780 4685 922 4749 Reitzius
953 4685 1070 4750 edidit:
1099 4689 1278 4767 χιτωνίσκον
1304 4690 1355 4752 καί
1381 4688 1529 4767 χλανίδα.
1553 4687 1624 4752 Non
1648 4695 1695 4751 est
1718 4708 1792 4752 sane
1815 4686 1970 4752 aelectio

780 4789 995 4866 verisimilior,
1015 4795 1142 4857 etiamsi
1161 4793 1300 4872 χλανίδα
1320 4795 1471 4870 fortasse,
1491 4792 1574 4877 quod
1595 4794 1716 4868 nescio,
1737 4813 1793 4876 pro
1812 4793 1971 4869 χλαμύδα

780 4897 890 4978 reponi
919 4894 1049 4972 debeat;
1080 4897 1135 4961 sed
1165 4919 1222 4962 cur
1252 4898 1382 4963 tandem
1406 4897 1531 4977 calepti
1555 4893 1693 4961 dicitur?
1717 4894 1970 4963 commendatur
