5125 6150
1064 824 1105 870 au
1129 824 1358 872 amsuorusnrs
1381 823 1471 872 sves.
1802 808 1866 873 457

685 988 767 1073 quae
801 991 835 1054 in
869 989 1029 1055 codicibus
1063 992 1108 1054 sic
1144 996 1218 1055 sunt
1254 989 1386 1056 tradita:
1428 990 1571 1055 σαννύκα
1605 991 1867 1073 βακταρικροῦσα.

685 1097 849 1161 Posterius
879 1101 987 1161 autem
1018 1097 1153 1161 verbum
1185 1098 1248 1162 viri
1281 1096 1365 1162 docti
1395 1095 1517 1162 dudum
1549 1103 1633 1164 reete
1667 1101 1869 1185 interpretati

685 1208 761 1269 sunt
785 1203 940 1287 βακτηρίᾳ
964 1207 1093 1283 κρούσω,
1117 1206 1206 1289 prius
1229 1224 1304 1269 vero
1328 1210 1513 1290 corruptum
1538 1205 1681 1283 habetur,
1705 1210 1867 1293 proposita

685 1315 796 1376 autem
819 1315 893 1375 sunt
916 1309 1057 1374 καυνούκα
1082 1311 1213 1395 (uestem)
1235 1316 1267 1374 ot
1291 1310 1351 1374 σοιὺ
1376 1310 1456 1390 κούρα
1480 1315 1573 1390 (tuum
1592 1320 1703 1395 caput).
1727 1312 1789 1379 Sed
1810 1312 1867 1379 deo

685 1416 823 1504 Scythae
859 1417 935 1502 quid
969 1439 1043 1483 oum
1073 1439 1150 1483 vooe
1183 1419 1251 1482 sive
1286 1420 1408 1503 persica
1444 1419 1609 1500 (καννύκη)
1644 1422 1712 1487 sive
1746 1423 1868 1507 poetica

685 1522 823 1603 (κροῦτιρύ
845 1524 1002 1610 Equidem
1025 1527 1189 1610 integrum
1213 1524 1292 1589 duco
1314 1525 1348 1589 id
1372 1524 1456 1610 quod
1479 1527 1629 1611 praebent
1647 1527 1785 1606 codices,
1806 1530 1868 1593 nisi

687 1630 771 1715 quod
796 1630 902 1695 addito
926 1634 1031 1716 potius
1054 1635 1183 1696 accentu
1207 1635 1267 1694 σαῦ
1292 1631 1371 1694 νύκα
1394 1631 1505 1697 scribo.
1532 1633 1617 1697 Male
1635 1634 1802 1716 dispereas,
1826 1672 1865 1686 -·

687 1736 835 1802 barbarus
866 1737 943 1803 dicit
972 1741 1018 1802 ita
1041 1743 1077 1802 ut
1100 1742 1222 1823 potest,
1251 1775 1289 1786 -
1315 1738 1370 1800 tibi
1386 1740 1476 1822 focate
1500 1740 1645 1803 excutiam
1661 1742 1789 1823 pellem:
1813 1747 1866 1807 σοῦ

686 1845 740 1916 την
775 1842 868 1920 νούκην
899 1844 964 1925 (vel
994 1843 1029 1907 rt
1061 1845 1162 1924 saluos)
1194 1853 1232 1926 τῇ
1263 1843 1420 1927 βακτηρίᾳ
1451 1845 1573 1926 κρούσω.
1598 1846 1659 1927 Qui
1683 1849 1797 1915 similis
1820 1854 1869 1915 est

684 1951 900 2016 barbarismus
935 1958 1030 2036 atquo
1064 1950 1164 2037 legati
1198 1951 1312 2017 Persae
1345 1953 1379 2015 in
1414 1953 1684 2034 Acharnensibus,
1731 1955 1868 2043 Scythae

682 2054 805 2122 lictoris
834 2062 867 2122 in
892 2058 1241 2144 Thesmophoriazusis3
1268 2058 1360 2140 pellis
1384 2064 1492 2124 autom
1516 2066 1573 2125 aut
1595 2060 1696 2127 leonis
1718 2063 1869 2130 Nemeaei

683 2164 802 2229 dieitur
831 2170 887 2229 aut
917 2167 1018 2250 ipsius
1048 2164 1197 2230 Herculis
1228 2166 1322 2243 cutio,
1348 2167 1615 2251 quomadmodum
1639 2167 1716 2234 alibi
1738 2173 1771 2234 in
1796 2193 1868 2238 oon·

684 2273 775 2335 viciis
799 2270 837 2335 de
860 2272 989 2337 homine
1012 2279 1186 2358 usurpatur
1208 2293 1270 2337 vox
1295 2272 1399 2352 βύρσα
1415 2271 1449 2354 ¹).

731 2377 775 2440 At
803 2376 974 2455 Hercules,
1005 2399 1088 2443 nune
1119 2400 1243 2465 quoque
1269 2377 1400 2445 liberius
1432 2378 1594 2466 aliquanto
1627 2383 1722 2448 verba
1749 2383 1867 2450 sodalis

686 2487 928 2570 interpretatus:
953 2486 1046 2561 Φησὶν
1070 2481 1104 2551 εὖ
1128 2486 1231 2565 λέγειν
1254 2489 1354 2566 πάνυ,
1379 2489 1493 2552 ονκνούινο
1516 2512 1623 2553 meeum
1640 2492 1794 2576 sefacere
1813 2492 1867 2556 ille

685 2591 740 2656 cit.
764 2590 845 2656 Dein
870 2595 1013 2677 sequitur
1036 2591 1176 2678 Neptuni
1199 2614 1308 2658 vorsus
1332 2595 1416 2658 uude
1440 2594 1622 2679 disputandi
1645 2596 1704 2661 feei
1723 2598 1865 2663 initium.

728 2697 806 2763 Mor
840 2699 1020 2765 Pisetaerus
1055 2703 1185 2784 insuper
1217 2703 1250 2764 iu
1287 2703 1529 2766 matrimonium
1564 2704 1666 2787 poscit
1701 2705 1865 2770 Baclanaza

684 2803 792 2888 deam;
825 2826 887 2889 qua
918 2806 956 2871 de
985 2828 1018 2870 re
1050 2813 1219 2892 postquam
1249 2806 1381 2872 Herculi
1405 2807 1519 2873 callide
1542 2812 1717 2894 persuasit,
1744 2809 1867 2890 „lycos

686 2912 881 2991 παραδίδωμί
899 2913 964 2977 σοι”
987 2913 1069 2978 olera
1089 2935 1163 2978 vooe
1182 2914 1233 2978 hio
1253 2913 1425 2991 exclamat;
1448 2913 1616 3001 Neptunus
1628 2937 1703 2982 soro
1715 2918 1866 2983 τοῦναντύα

684 3019 869 3101 ψηφίζεται.
889 3020 999 3107 Itaque
1020 3021 1213 3086 Pisetaerus:
1237 3021 1288 3098 »ἐν
1308 3022 1350 3101 τῷ
1371 3020 1541 3103 Τριβαλλῷ
1562 3026 1625 3088 τοῖν
1643 3022 1677 3088 τὸ
1694 3025 1864 3104 rericus,

683 3133 715 3192 ot
746 3127 784 3192 ad
814 3131 921 3214 ipsum
952 3127 1133 3193 Triballum
1165 3147 1352 3193 conversus:
1386 3129 1439 3206 „rl
1469 3128 1508 3194 σὺ
1539 3128 1684 3209 λέγεις;”
1713 3169 1750 3180 -
1776 3132 1863 3198 Τωιο

681 3232 754 3311 ille,
779 3236 983 3300 vehementer
1006 3256 1089 3299 nume
1113 3256 1238 3320 quoque
1261 3255 1381 3322 negans
1405 3240 1466 3317 (vs.
1494 3234 1610 3318 loru:

910 3342 1021 3407 καλοὶνι
1048 3340 1178 3422 κόραυνα
1203 3342 1255 3406 καὶ
1279 3341 1412 3420 μεγάλα
1435 3341 1604 3418 βασιλιναῦ

909 3448 1000 3529 ύρνιτο
1024 3449 1227 3527 παραδίδωμι.

685 3552 807 3634 Quibus
836 3556 954 3621 auditis
983 3556 1138 3621 Hercules
1161 3558 1351 3621 veteratorio
1374 3555 1476 3622 denuo
1499 3555 1631 3622 artificio
1654 3578 1731 3623 usus
1754 3562 1864 3624 statim

686 3661 858 3728 exclamet:
886 3663 1095 3743 ,,ταραδιῦναι
1118 3662 1238 3740 λέγεθ’,
1263 3669 1296 3728 at
1320 3665 1441 3747 optimo
1465 3664 1533 3727 iure
1557 3662 1726 3747 Neptunus
1744 3671 1867 3730 couten-

684 3770 731 3834 dit
762 3771 931 3836 barbarum
961 3769 1180 3835 truculentum
1210 3768 1272 3834 alia
1302 3771 1409 3834 omnia
1442 3789 1577 3833 censere.
1611 3768 1694 3834 Nam
1725 3770 1784 3836 hoo
1816 3776 1865 3836 est

685 3876 768 3962 quod
798 3877 896 3941 dixit:
922 3877 1279 3961 praetereuntiumque
1304 3875 1440 3957 proellum
1470 3875 1573 3938 σοι’ύιιι
1597 3876 1680 3938 trudi
1702 3877 1787 3954 nolo,
1812 3879 1866 3953 την

685 3984 783 4055 καλην
816 3983 867 4046 καὶ
898 3981 1044 4060 ραενοὲλην
1075 3983 1160 4062 κόρην
1191 3982 1358 4047 Βασίλειαν
1391 3981 1423 4045 ού
1448 3980 1640 4061 παραδίδωμι
1665 3989 1726 4052 τοῖς
1751 3980 1864 4061 ὄρνισιν.

685 4090 747 4156 Sed
777 4090 882 4156 blaeso
909 4113 961 4156 ore
985 4094 1030 4156 ita
1052 4091 1111 4155 hoo
1134 4090 1212 4155 dicit
1234 4095 1271 4154 ut
1294 4086 1424 4175 liuguae
1448 4086 1585 4155 Graecae
1608 4109 1682 4153 eum
1706 4090 1782 4154 sinit
1805 4092 1866 4154 im-

684 4200 808 4283 peritia.
843 4197 1026 4262 Scribamus
1062 4197 1154 4261 modo
1189 4202 1316 4260 Βασῖλιν
1351 4196 1409 4272 αὖ,
1444 4197 1495 4259 usi
1524 4194 1742 4260 observatione
1771 4198 1868 4281 prisci

682 4306 864 4388 interpretis
898 4306 930 4367 in
962 4302 1089 4367 scholiis
1120 4302 1159 4367 ad
1192 4303 1266 4367 Aah.
1301 4299 1376 4378 104,
1409 4300 1464 4365 ubi
1497 4301 1576 4364 Ἰοῦσν
1599 4298 1641 4365 κύ
1665 4322 1721 4386 pro
1746 4304 1865 4368 Ἰαοναῦ

684 4410 890 4493 probabiliter
909 4413 1106 4496 proponitur.
1131 4407 1343 4494 Negationem
1353 4409 1437 4471 euim
1451 4409 1579 4471 omuino
1591 4408 1710 4492 requiri
1721 4408 1866 4474 arbitror.

685 4514 776 4595 Quod
806 4521 952 4581 autema
976 4519 1074 4580 sensit
1097 4535 1157 4580 van
1181 4511 1393 4588 Herwerden,
1416 4533 1478 4576 non
1502 4518 1609 4577 tamen
1632 4515 1666 4577 in
1689 4513 1747 4578 hoo
1771 4533 1864 4579 versu

683 4642 754 4686 eam
776 4621 873 4686 latero
896 4624 1076 4706 suspicatus
1099 4619 1153 4685 sed
1177 4617 1264 4700 ύρνιτ’
1288 4621 1303 4683 t
1326 4618 1435 4698 (ποῦ)
1459 4617 1651 4696 παραδίδωμι
1674 4619 1811 4685 scribens
1831 4622 1864 4684 in

683 4749 778 4794 vorsu
810 4730 954 4811 sequenti
981 4726 1097 4792 oollota
1119 4726 1228 4791 Photii
1251 4724 1359 4811 glossa
1382 4722 1538 4789 sublestae
1561 4723 1651 4789 fidei:
1677 4725 1864 4802 brutrucum

689 4880 882 4889 ——.-.———

721 4957 746 5018 1)
764 4954 799 5018 sq
826 4955 882 5003 ooo.
