5125 6150
955 846 998 891 no
1021 844 1153 892 666666
1176 844 1446 894 acmnrmnrsns.
1726 829 1792 895 289

590 1012 750 1092 ricantia
775 1020 836 1093 (66.
865 1010 931 1096 15).
958 1011 1122 1094 Namque,
1148 1014 1197 1074 uti
1222 1010 1307 1088 dixi,
1332 1032 1491 1076 recurrere
1517 1015 1585 1078 eius
1608 1035 1723 1078 nomen
1747 1017 1794 1079 vi·

591 1121 689 1186 detur
722 1122 757 1183 in
788 1116 886 1183 titulo
917 1137 1026 1181 recens
1057 1122 1183 1199 reperto
1209 1114 1527 1183 30112319566.
1555 1118 1585 1196 3,
1610 1139 1672 1203 quo
1697 1118 1792 1184 titulo

591 1226 823 1314 polemarchus
852 1222 983 1308 quidam
1016 1220 1167 1285 laudatur
1199 1221 1426 1301 Ἀπολλόδωρος
1457 1223 1622 1303 sertata
1654 1233 1715 1305 (66.
1747 1224 1791 1304 4).

592 1332 692 1396 Hunc
722 1330 865 1415 lapidem
895 1326 1058 1392 Perdrizet
1082 1329 1265 1412 exscripsit,
1290 1326 1385 1392 illum
1410 1327 1558 1414 Lolling;
1582 1332 1648 1394 utri
1672 1331 1792 1394 vitium

592 1437 765 1503 oculorum
788 1433 1016 1519 imputandum
1041 1435 1100 1509 sit,
1125 1433 1209 1517 quod
1233 1456 1254 1496 a
1279 1454 1353 1497 cum
1375 1457 1383 1496 r
1404 1434 1601 1511 confuderit,
1623 1434 1791 1500 diiudicari

591 1543 700 1608 adhuc
731 1562 794 1606 non
825 1546 941 1624 potest.
974 1538 1109 1622 Lapides
1140 1540 1259 1602 iterum
1291 1539 1512 1622 perscrutandi
1543 1546 1634 1617 sunt;
1659 1540 1791 1605 fortasse

591 1655 670 1714 tunc
704 1647 845 1732 patebit,
879 1645 1050 1709 lectionem
1081 1644 1249 1728 utriusqus
1281 1643 1403 1721 valere,
1436 1644 1491 1709 sed
1521 1644 1692 1729 lapicidam
1724 1648 1789 1712 iam

591 1755 776 1838 antiquitus
806 1755 840 1815 in
870 1750 969 1815 altero
999 1747 1105 1834 lapids
1137 1752 1328 1833 peccavisse.
1360 1750 1444 1815 Nam
1470 1789 1511 1800 -
1536 1751 1596 1816 hoc
1619 1752 1702 1816 mihi
1726 1753 1790 1818 fere

589 1867 739 1926 constare
769 1858 898 1923 videtur
921 1894 964 1905 —
990 1877 1074 1920 error
1104 1855 1184 1919 latet
1216 1858 1323 1921 666616
1353 1859 1442 1940 quis,
1467 1857 1630 1922 hominem
1654 1859 1789 1923 eundem

587 1970 622 2031 in
646 1967 858 2050 inscriptione
882 1969 1017 2047 utraque
1042 1968 1198 2026 tenemus.
1230 1961 1321 2041 Quod
1346 1968 1431 2027 certe
1454 1965 1574 2027 mirum
1598 1967 1631 2027 in
1655 1964 1791 2029 modum

589 2073 755 2155 conspirat
786 2090 861 2135 eum
890 2071 948 2145 iis,
980 2088 1060 2152 quae
1084 2088 1179 2152 supra
1202 2067 1241 2132 de
1264 2073 1368 2133 aetate
1392 2067 1482 2133 tituli
1507 2072 1674 2155 utriusque
1697 2091 1791 2156 appa·

589 2184 739 2242 ruerunt.
776 2173 951 2259 Oatalogus
985 2175 1073 2237 enim
1104 2170 1175 2238 IGS
1209 2173 1224 2236 1
1258 2194 1309 2238 no.
1335 2170 1425 2238 2720
1458 2177 1540 2239 circa
1571 2196 1691 2240 annum
1722 2175 1790 2241 210

588 2285 715 2348 1661666
751 2287 815 2357 est,
859 2279 1083 2365 polemarchus
1117 2281 1225 2363 itaque
1262 2280 1325 2343 1611
1362 2279 1591 2359 Ἀπολλόδωρος
1626 2280 1791 2362 Γασάνδρω

588 2393 677 2454 eirea
700 2407 822 2451 annum
845 2384 919 2450 180.
941 2384 1072 2448 [lentior
1093 2385 1254 2461 71166166,
1276 2386 1334 2468 qui
1353 2383 1576 2469 polemarchus
1597 2386 1695 2450 simul
1715 2408 1790 2451 cum

589 2516 626 2559 eo
661 2492 725 2557 fuit
756 2489 1015 2571 (11οΗ23195
1040 2510 1089 2553 66.
1115 2487 1175 2574 3,),
1205 2491 1273 2554 6166
1298 2487 1384 2554 111166
1408 2492 1476 2555 6166
1499 2495 1590 2575 pater
1613 2492 1676 2556 fuit
1699 2495 1791 2557 'Ata-

589 2601 658 2665 uteo
683 2598 862 2674 nentium,
888 2618 984 2682 quem
1008 2617 1089 2660 anno
1113 2597 1240 2660 circiter
1263 2593 1330 2660 240
1351 2596 1481 2680 ephebis
1501 2597 1789 2683 Acraephiensibus

588 2705 790 2789 adscriptum
815 2724 883 2768 esse
907 2704 1068 2767 novimus.

636 2810 768 2887 Restat,
792 2817 829 2874 ut
853 2809 891 2874 de
914 2813 1018 2873 aetate
1041 2808 1184 2872 dicamus
1207 2807 1429 2894 catalogorum
1450 2807 1538 2875 BGH
1559 2808 1682 2876 23.196
1704 2812 1788 2877 no.4

589 2924 623 2982 et
650 2918 681 2980 5.
707 2915 794 2995 Quae
817 2917 1039 2998 inscriptiones
1062 2914 1179 2978 idcirco
1205 2918 1347 2998 tempore
1369 2917 1453 2980 inter
1476 2936 1543 2980 sese
1566 2937 1628 2981 non
1651 2916 1787 2994 distant,

589 3044 668 3090 cum
699 3024 732 3085 in
762 3020 869 3106 lapide
900 3019 1011 3086 eodem
1041 3041 1108 3085 sese
1132 3021 1303 3105 excipiant.
1328 3018 1465 3085 Initium
1489 3020 1716 3107 disputationis
1739 3028 1788 3089 661

589 3128 774 3195 faciendum
798 3129 837 3192 ab
861 3129 1069 3212 inscriptione
1092 3123 1163 3191 IGS
1190 3126 1206 3189 1
1232 3147 1283 3191 66.
1306 3125 1394 3193 4127
1419 3134 1472 3204 (=
1484 3127 1605 3193 Michel
1624 3150 1674 3194 66.
1697 3128 1788 3209 234).

589 3235 836 3300 Demonstravit
866 3234 953 3297 enim
983 3235 1049 3296 iarn
1080 3231 1260 3308 Perdrieet,
1285 3252 1457 3317 supparem
1481 3253 1548 3298 esse
1572 3236 1670 3298 aetati
1695 3233 1786 3300 tituli

589 3338 691 3406 BGH.
716 3338 849 3404 23.196
874 3361 923 3404 66.
950 3338 969 3400 5
994 3337 1078 3402 hunc
1103 3336 1238 3401 titulum
1262 3335 1334 3402 IGS
1355 3337 1373 3401 1
1400 3360 1449 3403 66.
1470 3337 1570 3405 4127.
1595 3338 1788 3418 Quaerens

589 3455 702 3511 tamen
733 3446 817 3510 unde
848 3441 1073 3530 cognoscitur?
1104 3441 1234 3508 Sollerti
1265 3441 1455 3509 Holleauxii
1477 3446 1622 3530 ingenio,
1647 3447 1703 3530 qui
1726 3448 1789 3532 pri-

589 3574 667 3618 mus
696 3550 837 3636 lapidem
869 3549 986 3625 edidit,
1010 3548 1201 3634 iampridem
1225 3551 1379 3634 contigit,
1404 3570 1479 3613 cnm
1502 3550 1560 3615 hac
1582 3553 1786 3635 inscriptione

589 3658 688 3723 aliam
722 3656 873 3722 conferre.
902 3654 991 3718 Vidit
1014 3657 1117 3732 enim,
1144 3654 1323 3732 Δινόμαχον
1349 3654 1501 3719 1166661166
1523 3654 1785 3740 polemarchum,

589 3766 650 3850 qui
681 3765 714 3826 in
744 3764 848 3847 capite
880 3759 970 3825 tituli
1001 3758 1072 3826 IGS
1099 3761 1115 3824 1
1142 3782 1192 3824 no.
1220 3757 1495 3839 41271audatur,
1525 3762 1678 3827 11666066
1703 3772 1787 3828 Arva

589 3870 709 3949 μάχω,
740 3870 832 3933 66166
851 3866 958 3951 legem
979 3868 1064 3931 inter
1087 3867 1337 3951 Acraephienses
1360 3866 1490 3931 ferentis
1514 3871 1702 3933 memoriam
1726 3890 1788 3933 ser-

588 3978 685 4041 vavit
705 3975 869 4058 inscriptio
889 3969 959 4037 les
981 3972 997 4035 1
1020 3993 1070 4036 66.
1093 3969 1182 4037 2708
1202 3978 1254 4051 (=
1265 3969 1388 4036 Michel
1407 3993 1457 4035 no.
1471 3971 1561 4052 233),
1581 3976 1649 4038 6166
1662 3979 1786 4059 patrem

589 4084 662 4146 6166
692 4078 797 4144 filium
827 4078 935 4142 fuisse.
968 4075 1107 4154 Filium,
1140 4099 1202 4141 non
1233 4083 1357 4162 patrem
1380 4077 1478 4142 fuisse
1502 4099 1586 4143 nunc
1609 4079 1785 4144 ostendam.

589 4185 723 4251 Titulus
743 4183 814 4250 IGS
838 4184 853 4247 1
876 4205 926 4248 no.
947 4180 1037 4248 2708
1058 4187 1162 4247 661616
1181 4204 1244 4247 666
1265 4183 1410 4247 diversus
1430 4189 1478 4248 661
1497 4184 1536 4247 ab
1554 4184 1652 4249 titulo
1666 4206 1788 4270 praece-

589 4293 681 4357 denti
700 4288 770 4356 IGS
794 4290 809 4354 l
837 4311 887 4354 66.
909 4287 1014 4368 2707;
1040 4309 1114 4353 nam
1136 4288 1242 4374 lapide
1263 4289 1374 4354 eodem
1396 4291 1607 4355 continentur.
1631 4289 1786 4354 Frustum

588 4397 809 4481 inscriptionis
832 4392 902 4460 IGS
928 4395 943 4458 1
970 4416 1020 4460 66.
1046 4391 1135 4460 2707
1160 4400 1225 4458 est:
1251 4416 1313 4459 non
1338 4393 1477 4479 amplius
1496 4396 1626 4459 nomina
1645 4396 1786 4481 quinque

589 4503 631 4570 ad
663 4523 720 4566 666
751 4502 958 4566 devenerunt.
991 4501 1018 4565 E
1050 4521 1187 4584 quorum
1210 4521 1344 4566 numero
1371 4501 1543 4579 Σωκράτεις
1569 4499 1714 4577 Eiarinon
1737 4509 1786 4568 est

589 4616 652 4688 (66.
684 4606 728 4686 2).
764 4606 860 4671 11666
891 4612 1000 4670 autem
1031 4606 1197 4670 hominem
1230 4605 1360 4670 aliunde
1391 4608 1618 4691 cognovimus;
1650 4609 1786 4673 recurrit

589 4717 677 4779 enim
709 4714 742 4776 iu
776 4710 872 4776 111616
903 4708 974 4777 IGS
1001 4711 1016 4774 1
1051 4732 1102 4776 66.
1128 4709 1213 4776 2721
1246 4717 1308 4790 (66.
1334 4710 1377 4791 6).
1411 4714 1505 4777 Aetas
1534 4712 1600 4776 iam
1623 4734 1718 4797 supra
1739 4716 1787 4777 in·

589 4822 699 4885 661611
735 4818 831 4882 huius
867 4816 975 4881 tituli:
1012 4818 1095 4881 circa
1127 4838 1246 4881 annum
1280 4816 1347 4881 210
1379 4816 1478 4902 lapidi
1509 4821 1700 4884 commissus
1727 4825 1786 4886 661.

589 4926 680 5005 0666
711 4923 862 5008 probant,
893 4926 975 4988 circa
1007 4943 1127 4987 annum
1160 4921 1227 4986 210
1261 4927 1404 4987 exaratos
1434 4942 1502 4988 esse
1533 4922 1644 4989 titulos
1674 4921 1784 4992 leel
1853 4941 1855 4945 ’
