5125 6150
1152 832 1293 879 anemos.
1743 809 1809 874 203

676 996 737 1061 Pro
763 998 913 1083 asyndeto
936 1000 1006 1061 ordo
1024 999 1123 1080 plebs,
1149 997 1232 1082 quod
1255 1003 1338 1061 certe
1361 998 1458 1060 buius
1478 995 1540 1061 loci
1560 998 1706 1071 nonest,
1727 1000 1810 1059 recta

628 1102 727 1167 altere
750 1104 885 1169 Medicei
909 1125 1022 1169 manus
1041 1111 1072 1169 et
1093 1105 1223 1189 quidam
1242 1105 1424 1169 inferiores:
1445 1105 1515 1167 ordo
1529 1102 1808 1185 plebsqaehabent.

674 1212 755 1274 Anu.
781 1210 848 1286 XV,
874 1211 926 1275 59.
951 1212 1014 1290 (Ad
1038 1212 1118 1276 forte
1141 1213 1262 1276 facinus
1287 1212 1436 1275 Pisonem
1456 1212 1532 1274 socii
1552 1209 1760 1273 adhortantur
1779 1213 1810 1271 et

628 1314 700 1379 aliis
724 1320 923 1403 argumentis
946 1323 978 1381 et
1000 1318 1090 1397 hoc):

673 1421 804 1486 Frustra
834 1423 1000 1487 silentium
1030 1430 1062 1488 et
1084 1422 1177 1487 tidem
1201 1427 1234 1488 in
1259 1427 1308 1487 tot
1331 1424 1528 1487 consciorum
1552 1422 1668 1485 animis
1691 1425 1723 1484 et
1746 1439 1809 1483 cor·

625 1530 754 1612 poribus
777 1549 912 1611 operare:
937 1532 1093 1594 cruciatui
1116 1537 1172 1593 aut
1195 1532 1336 1614 praemio
1360 1535 1473 1593 cuncte
1497 1530 1606 1613 pervia
1630 1546 1708 1591 esse.

672 1635 770 1699 Unice
794 1657 907 1700 rerum
930 1635 1057 1700 videtur
1079 1635 1164 1721 quod
1188 1635 1357 1701 deteriores
1379 1635 1512 1699 habent:
1536 1633 1663 1715 sperari.

670 1740 713 1804 H.
737 1742 777 1818 ΙΙ,
804 1740 856 1806 37.
888 1742 991 1822 (Quod
1018 1745 1131 1807 attinet
1154 1742 1248 1806 adid
1272 1741 1358 1826 quod
1382 1739 1526 1806 nonnulli
1550 1739 1698 1815 tradunt,
1722 1739 1807 1822 cogi·

626 1855 707 1910 tasse
731 1846 853 1912 Vitellii
882 1856 914 1912 et
937 1848 1070 1913 Othonis
1094 1849 1214 1913 milites
1238 1849 1274 1912 de
1299 1850 1397 1913 armis
1421 1846 1572 1932 ponendis
1595 1852 1627 1911 et
1651 1845 1729 1910 bono
1753 1842 1808 1908 ali-

624 1975 686 2038 quo
710 1956 898 2038 imperatore
922 1954 1085 2041 eligendo,
1110 1955 1192 2020 mibi
1215 1954 1364 2020 credibile
1388 1975 1459 2018 non·
1475 1952 1635 2032 videturz)

668 2059 792 2144 legatos
823 2081 857 2125 ao
890 2060 1000 2136 duces,
1033 2082 1150 2147 magna
1180 2082 1219 2126 ex
1242 2067 1331 2146 perte
1354 2061 1451 2125 luxus
1474 2061 1626 2146 egestatis
1650 2057 1804 2123 scelerum

624 2167 684 2230 sibi
707 2170 862 2244 consciae,
886 2170 948 2232 nisi
967 2166 1128 2252 pollutum
1149 2170 1401 2253 obstrictumque
1419 2166 1534 2230 meritis
1553 2167 1806 2250 suisprincipem

646 2293 779 2337 assutos.

623 2293 787 2463 pUtique
822 2400 895 2444 curn
933 2379 1185 2457 „deterioribus”
1221 2379 1393 2467 legendnm
1426 2379 1564 2442 moribus.
1607 2375 1805 2441 Obstrictnm

623 2487 709 2547 enim
737 2486 851 2548 meritis
873 2486 935 2549 sata
958 2489 1134 2571 principem
1157 2488 1254 2550 etiarn
1280 2485 1332 2551 vel
1354 2487 1469 2571 optimi
1492 2485 1552 2548 sibi
1576 2488 1746 2568 expetunt,
1772 2486 1805 2548 at

621 2592 749 2654 osoribus
772 2594 838 2655 suis
861 2591 1050 2657 obstrictum
1074 2594 1251 2677 prinoipem
1275 2591 1357 2657 velle
1380 2590 1538 2657 malorum
1563 2594 1621 2654 est.

668 2697 711 2760 H.
735 2696 776 2774 ΙΙ,
802 2698 854 2763 55.
878 2698 988 2763 Novae
1011 2701 1200 2763 narrationis
1223 2701 1268 2763 sic
1291 2698 1328 2763 fit
1350 2701 1498 2763 initium:

667 2802 815 2869 Notabile
834 2804 998 2885 cirpeniam
1016 2806 1080 2869 fuit
1098 2826 1160 2890 quo
1172 2804 1315 2869 Licinius
1323 2802 1456 2870 Caecina
1467 2801 1659 2869 Marcellum
1670 2801 1805 2886 Eprium

621 2916 660 2974 nt
683 2912 835 2996 ambigua
857 2911 1062 2976 disserentem
1085 2915 1215 2977 invasit.

669 3017 731 3082 Pro
756 3023 902 3104 corrupto
927 3019 1089 3100 maeoniam
1112 3018 1277 3085 Bclrkerus
1300 3018 1429 3103 inopium
1448 3020 1590 3084 coniecit.
1614 3016 1720 3083 Satius
1739 3020 1806 3081 erat

621 3145 638 3187 e
664 3123 915 3200 „deterioribus”
940 3128 1095 3210 recipere:
1121 3126 1192 3189 inde
1214 3126 1354 3207 inopiam.

666 3230 708 3293 H.
734 3230 790 3308 ΙΙΙ,
815 3231 867 3296 25.
893 3233 1067 3318 Postquam
1091 3232 1247 3317 impulsos
1267 3235 1366 3297 sensit
1384 3233 1515 3312 (hostes)
1535 3234 1692 3297 Antonius
1711 3230 1806 3296 denso

621 3339 749 3420 agmine
773 3339 953 3401 obturbabat.
977 3337 1091 3402 Laxati
1116 3338 1239 3403 ordines
1262 3339 1508 3424 abrumpuntur.
1603 3336 1805 3423 Spargentur

621 3442 822 3508 festinatione
845 3444 1044 3508 consectandi
1067 3447 1213 3510 victores.

666 3548 857 3633 Recipienda
881 3556 928 3614 est
952 3549 1146 3615 deteriorum
1169 3549 1264 3615 lectio
1287 3546 1431 3615 obturbat.

665 3654 708 3717 H.
734 3653 790 3731 ΙΙΙ,
817 3655 869 3720 51.
902 3654 1132 3721 Celeberrimos
1161 3662 1305 3722 auctores
1335 3657 1452 3734 babeo,
1480 3661 1603 3722 tantam
1627 3658 1802 3724 victoribus

620 3760 772 3824 adversus
801 3761 848 3826 fas
879 3763 1029 3846 nefasque
1058 3765 1304 3828 inreverentiam
1335 3763 1432 3828 fuisse
1459 3770 1496 3828 ut
1518 3766 1685 3850 gregarius
1709 3784 1803 3849 eques

619 3871 758 3931 occisum
788 3888 806 3932 a
829 3889 861 3932 se
884 3872 1029 3955 proxima
1052 3871 1117 3933 acie
1141 3870 1271 3934 fratrem
1295 3870 1453 3954 protessus
1476 3874 1654 3955 praemium
1678 3893 1697 3936 a
1719 3870 1804 3935 duci·

618 3975 678 4039 bus
709 3977 852 4058 petierit;
885 3997 941 4040 nec
972 3975 1037 4039 illis
1059 3983 1115 4040 aut
1137 3975 1291 4041 bonorare
1315 3997 1384 4041 earn
1408 3976 1535 4043 caedem
1559 3980 1610 4042 ius
1633 3978 1803 4042 hominum

618 4088 674 4146 aut
697 4080 809 4146 ulcisci
832 4084 913 4146 ratio
936 4080 1014 4146 belli
1036 4084 1257 4167 permittebat:
1291 4083 1473 4148 distulerant
1495 4092 1660 4168 tamquam
1683 4084 1803 4148 maiora

618 4190 773 4252 meritum
796 4208 893 4273 quarn
916 4209 996 4272 quae
1020 4191 1130 4253 statim
1152 4188 1384 4255 exolverentur.

662 4293 746 4357 Illud
779 4293 960 4357 distulerant
991 4302 1057 4360 tam
1085 4301 1263 4360 contortam
1287 4300 1422 4382 requirit
1446 4295 1623 4381 explicandi
1646 4297 1801 4360 rationem

616 4410 652 4464 ut
684 4403 780 4463 etiam
812 4407 907 4484 etque
938 4404 1035 4466 etiam
1067 4402 1306 4468 deliberandum
1328 4403 1475 4468 rideatur
1498 4424 1598 4468 nonne
1622 4407 1800 4487 praestata

615 4506 823 4571 deterioribus
857 4509 997 4591 accipere
1028 4508 1210 4573 distulerant
1240 4510 1323 4594 quod
1353 4513 1422 4595 ipsa
1453 4508 1579 4595 flagitat
1608 4510 1799 4573 narrationis

616 4619 740 4676 natura.

660 4718 702 4782 H.
727 4718 783 4795 ΙΙΙ,
810 4717 861 4783 69.
886 4717 993 4804 Igitur
1016 4725 1182 4805 tamquam
1207 4724 1311 4787 omnis
1334 4719 1514 4806 respublica
1536 4724 1571 4786 in
1595 4723 1702 4787 sinum
1725 4720 1798 4787 Ves-

616 4826 739 4910 pasiani
763 4826 925 4888 recessisset
948 4846 973 4890 e.
1000 4846 1029 4909 q.
1054 4847 1078 4889 s.

661 4931 713 4995 Sic
733 4931 914 5010 Medioeus,
935 4952 1018 4997 recte
1038 4954 1120 4997 nunc
1139 4932 1245 4998 editur
1264 4934 1404 5000 oessbset.
1430 4938 1473 5000 At
1492 4936 1663 5001 deteriores
1681 4935 1800 5003 babent
