5125 6150
693 827 758 893 304
1129 847 1171 894 11
1195 848 1303 894 uanas
1326 849 1440 896 111111

691 1009 876 1078 credamus?
900 1011 1143 1091 Μντραγυρτοιὶ,
1167 1015 1289 1097 opinor,
1314 1017 1425 1078 statim
1449 1015 1753 1094 1111111111;ο1νδρα
1774 1017 1891 1098 Φρύγα

692 1125 724 1184 11
745 1126 881 1194 γυναῖκα
903 1118 1039 1195 Φρυγίαν
1063 1118 1207 1203 Phrygio
1232 1117 1336 1183 cultui
1360 1120 1433 1185 inde
1456 1121 1495 1184 ab
1518 1123 1611 1186 initio
1636 1122 1762 1188 additos
1787 1125 1891 1191 fuisse

691 1247 754 1290 non
777 1246 859 1310 nego
867 1246 874 1302 ;
902 1224 956 1288 sed
980 1223 1089 1288 nullus
1113 1231 1183 1287 tum
1209 1225 1340 1309 quidem
1363 1228 1396 1288 in
1420 1226 1584 1312 Phrygiae
1608 1229 1684 1294 deae
1708 1229 1803 1295 cultu
1829 1232 1892 1297 Ro

691 1353 786 1396 mano
808 1352 888 1408 ,sua
907 1331 1051 1394 membra
1069 1330 1196 1395 secandi
1215 1331 1379 1414 impetus'’
1399 1334 1548 1418 cognitus
1568 1340 1646 1412 erat,
1666 1338 1744 1419 quin
1765 1358 1807 1401 ne
1828 1337 1891 1402 boo

691 1438 823 1524 quidem
846 1459 902 1523 pro
927 1443 1012 1501 certo
1036 1435 1146 1501 licebit
1170 1436 1344 1514 affirmare,
1369 1437 1521 1514 βαίτολον
1544 1440 1643 1505 fuisse
1666 1439 1760 1505 deam
1785 1463 1890 1526 quae,

691 1550 728 1609 ut
752 1544 887 1609 Ovidius
910 1545 955 1607 ait

825 1653 894 1734 ipse
917 1648 1027 1714 sedens
1051 1646 1194 1733 plaustro
1217 1655 1309 1733 porta
1333 1655 1380 1714 est
1403 1651 1530 1715 1111111
1553 1647 1687 1736 Capena.

737 1755 853 1823 Cultus
875 1758 986 1819 matris
1006 1755 1133 1828 Idaeae,
1160 1775 1256 1839 quam
1280 1776 1319 1820 ne
1343 1754 1456 1820 Livius
1480 1757 1629 1841 quidem,
1653 1760 1716 1821 nisi
1739 1780 1806 1824 uno
1830 1760 1889 1826 illo

689 1862 760 1927 loco
784 1883 846 1947 quo
871 1862 908 1925 de
928 1861 1067 1925 adventu
1087 1862 1156 1924 eius
1176 1863 1325 1946 exponit,
1346 1883 1489 1945 unquam
1510 1862 1751 1927 Pessinuntiam
1773 1872 1888 1944 vocat,

688 1970 801 2054 primis
823 1967 1022 2051 temporibus
1045 1988 1108 2031 non
1132 1969 1266 2031 excessit
1289 1971 1393 2031 castae
1416 1988 1608 2051 severasque
1628 1967 1799 2055 religionis
1821 1993 1889 2035 mo

689 2072 778 2138 dum.
799 2070 883 2138 (lum
902 2093 982 2135 anno
1006 2070 1068 2136 186
1089 2070 1365 2136 senatusconsulto
1385 2078 1516 2136 cautum
1538 2078 1586 2138 est
1608 2095 1733 2159 „nequa
1749 2075 1890 2141 Baccha·

689 2179 775 2244 nalia
794 2178 916 2244 Romae
936 2198 1016 2242 neve
1040 2180 1074 2241 in
1098 2176 1192 2243 ltalia
1214 2178 1352 2255 essent''‚
1378 2199 1417 2243 ne
1441 2179 1537 2243 verbo
1561 2179 1690 2263 quidem
1711 2183 1745 2244 iu
1766 2182 1887 2247 Matris

689 2284 814 2351 cultum
838 2282 1091 2348 animadvertere
1114 2303 1239 2347 necesse
1262 2281 1442 2348 videbatur.
1471 2283 1625 2362 11111111,
1650 2306 1748 2369 quam
1774 2287 1888 2372 procul

688 2392 794 2457 absint
816 2390 854 2454 ab
879 2391 967 2469 omni
991 2396 1121 2454 externa
1141 2391 1367 2474 superstitione
1391 2410 1428 2454 ea
1451 2410 1531 2474 quae
1555 2397 1740 2474 spectantur
1758 2395 1794 2456 in
1813 2392 1886 2479 lege

687 2497 825 2575 Fannia,
858 2498 978 2580 viginti
1002 2496 1142 2579 quinque
1166 2497 1256 2559 11111
1280 2501 1353 2579 post
1376 2492 1436 2560 SC.
1462 2495 1499 2558 de
1524 2495 1777 2562 Bacchanalibus
1801 2498 1884 2576 lata,

687 2625 750 2690 qua
775 2602 948 2680 „iubentur
966 2602 1124 2685 principes
1144 2603 1287 2665 civitatis
1309 2603 1364 2684 qui
1383 2599 1469 2664 ludis
1490 2598 1730 2685 Megalensibus
1749 2607 1883 2689 antiquo

686 2711 752 2774 ritu
787 2708 996 2783 mut'tarent,
1030 2709 1135 2770 iurare
1171 2705 1256 2790 apud
1291 2704 1434 2769 consules
1469 2707 1575 2771 verbis
1606 2711 1788 2793 conceptis,
1822 2732 1883 2774 non

686 2812 825 2899 amplius
848 2815 882 2876 iu
903 2809 1048 2897 singulas
1067 2831 1178 2875 coenas
1198 2816 1349 2895 sumptus
1368 2832 1434 2875 esse
1456 2811 1593 2876 facturos
1614 2833 1712 2897 quam
1733 2822 1883 2881 centenos

686 2923 878 3004 vicenosque
912 2919 1011 3000 aeris,
1046 2923 1171 3001 praeter
1203 2916 1275 2982 olus
1306 2923 1338 2980 et
1368 2917 1416 2982 far
1448 2924 1480 2982 et
1510 2920 1625 2982 vinum
1657 2920 1742 2985 etc.’'
1781 2920 1880 3002 (Gall.

685 3026 726 3091 11.
753 3025 822 3105 24).

731 3132 792 3199 Sed
811 3130 933 3216 aliquot
953 3132 1043 3195 annis
1062 3140 1149 3214 post,
1170 3151 1261 3206 cum,
1282 3132 1365 3194 11111
1384 3131 1503 3214 ubique
1522 3134 1555 3196 in
1575 3129 1710 3219 Cybeles
1724 3133 1883 3220 religione

685 3239 794 3315 fiebat,
814 3240 861 3301 ita
880 3235 1000 3301 Romae
1022 3257 1147 3320 quoque
1167 3238 1318 3300 crevisset
1331 3236 1531 3301 horridarum
1544 3237 1600 3303 ille
1613 3242 1879 3306 caerimoniarum

684 3365 774 3410 amor
784 3365 847 3428 quo
860 3343 949 3406 furor
960 3340 1175 3426 Corybantius
1187 3345 1321 3407 miseros
1332 3342 1478 3406 homines
1490 3344 1677 3428 abripiebat,
1688 3367 1764 3410 oum
1776 3352 1882 3433 magis

685 3454 852 3536 magisque
874 3450 961 3513 sama
982 3446 1183 3513 inclaruisset
1203 3450 1327 3511 rituum
1348 3448 1571 3525 orientalium,
1593 3458 1729 3516 exeunte
1749 3456 1797 3518 ita
1817 3456 1882 3520 fere

684 3555 808 3620 saeculo
833 3560 906 3620 ante
929 3552 1097 3620 Christum
1120 3554 1274 3630 secundo,
1299 3552 1426 3618 Idaeam
1447 3561 1583 3620 matrem
1605 3557 1690 3641 apud
1711 3579 1744 3622 se
1765 3560 1882 3626 habere

684 3684 744 3726 non
766 3664 843 3726 satis
863 3663 971 3724 visum
991 3667 1038 3724 est
1057 3659 1219 3723 Romania.
1241 3659 1439 3723 Pessinuntii
1459 3659 1574 3745 templi
1587 3682 1714 3726 summa
1727 3669 1881 3730 sanctitas

683 3775 755 3833 tum
778 3770 843 3831 iam
869 3767 923 3829 diu
948 3769 987 3830 iis
1011 3768 1139 3851 cognita
1163 3771 1240 3829 erat.
1266 3764 1369 3843 Quam
1393 3766 1503 3830 aedem
1528 3767 1690 3833 Attalidae
1711 3776 1880 3856 tantopere

683 3872 864 3950 coluerant,
885 3893 955 3936 eam
976 3871 1107 3936 heredes
1128 3869 1229 3935 Attali
1250 3871 1352 3935 colere
1371 3894 1432 3936 non
1446 3871 1648 3937 destiterunt.
1669 3874 1799 3940 Etcum
1813 3880 1879 3942 iam

683 4001 757 4065 prae
781 3981 979 4043 sanctissimo
1000 3980 1063 4041 ritu
1085 3977 1287 4041 Pessinuntio
1309 3977 1434 4041 sordere
1454 3978 1616 4043 videret-ur
1637 3979 1746 4045 cultus
1767 3982 1880 4049 Idaeae

683 4086 799 4150 Matris
830 4088 1000 4168 antiquior,
1032 4087 1118 4147 11111
1147 4086 1250 4169 coepit
1273 4084 1358 4167 apud
1382 4083 1541 4149 Romanos
1566 4086 1681 4169 cupido
1706 4090 1879 4174 recipiendi

681 4195 806 4277 ipsum,
828 4192 1017 4255 Pessinunte
1039 4190 1121 4274 quod
1142 4191 1374 4267 asservabatur,
1394 4190 1521 4268 βρέτας.
1544 4190 1591 4255 111
1611 4193 1727 4276 cupido
1752 4197 1878 4279 quando

681 4297 808 4384 expleta
827 4299 885 4372 sit,
908 4299 1010 4381 possis
1033 4295 1153 4360 efficere
1178 4317 1216 4359 ex
1240 4298 1280 4358 iis
1304 4316 1385 4379 quae
1409 4302 1516 4360 narrat
1537 4279 1730 4362 Plutarchus
1750 4302 1784 4363 111
1805 4299 1878 4366 Vita

682 4405 779 4470 Marii
810 4425 836 4467 1.
865 4401 922 4466 17:
956 4403 1022 4480 περὶ
1056 4407 1160 4465 τοῦτον
1192 4402 1223 4466 δέ
1247 4426 1310 4473 πως
1334 4401 1385 4464 τὸν
1409 4401 1515 4483 χρόνον
1540 4406 1574 4480 (1.
1599 4425 1625 4468 e.
1650 4407 1734 4469 circa
1758 4427 1878 4473 anuum

683 4510 762 4589 102)
782 4508 917 4588 ἀφίκετο
937 4509 988 4571 καὶ
1011 4507 1155 4583 Barcinae
1177 4509 1210 4571 ἐκ
1231 4512 1466 4585 Πεσσινοῦντος,
1487 4508 1500 4572 d
1521 4514 1575 4579 τῆς
1589 4510 1737 4585 μεγάλης
1752 4515 1877 4591 Μητρὸς

680 4616 791 4695 ἱερεὺς,
816 4613 1036 4691 ἀπαγγέλλων
1056 4616 1093 4685 ὡς
1120 4617 1136 4690 ἡ
1162 4614 1224 4684 θεὸς
1249 4614 1282 4677 ἕν
1307 4620 1364 4677 τῶν
1388 4615 1562 4691 ἀνακτόρων
1587 4616 1670 4695 αὐτῷ
1697 4617 1875 4697 ἐφθέγξατο

680 4722 762 4792 νίκην
793 4722 844 4785 καὶ
877 4722 986 4798 κροὶτος
1020 4720 1156 4797 πολέμου
1188 4720 1348 4796 Ῥωμαίοις
1374 4716 1535 4798 ὑπάρχειν.
1561 4728 1617 4794 τῆς
1642 4721 1672 4785 δὲ
1698 4726 1877 4801 συγκλήτου

680 4827 881 4903 προσθεμέννρς
912 4825 964 4888 acl
997 4835 1035 4905 ari
1069 4829 1122 4905 θεῷ
1154 4825 1226 4890 ναὸν
1259 4826 1399 4888 ἐπινίκιον
1427 4825 1607 4906 ἱδρύσασθαι
1632 4830 1873 4908 ψηφισαμένης,

678 4932 728 4993 τὸν
753 4931 896 5007 Barcinae
922 4933 965 5003 εἷς
985 4930 1036 4994 τὸν
1057 4932 1150 5008 δῆμον
1170 4932 1354 5010 προελθόντα
1375 4930 1425 4996 nal
1447 4936 1551 4997 rubra
1571 4932 1759 5011 βουλόμενον
1780 4938 1877 5003 εἰπεῖν
