<?xml version="1.0" encoding="UTF-8"?>
<!DOCTYPE html PUBLIC "-//W3C//DTD XHTML 1.0 Transitional//EN"
    "http://www.w3.org/TR/xhtml1/DTD/xhtml1-transitional.dtd">
<html xmlns="http://www.w3.org/1999/xhtml" xml:lang="en" lang="en">
 <head>
  <title>
</title>
<meta http-equiv="Content-Type" content="text/html;charset=utf-8" />
  <meta name='ocr-system' content='tesseract 3.04.00' />
  <meta name='ocr-capabilities' content='ocr_page ocr_carea ocr_par ocr_line ocrx_word'/>
</head>
<body>
  <div class='ocr_page' id='page_1' title='image "./mnemosyne04verdgoog_0906.png"; bbox 0 0 5125 6150; ppageno 0'>
   <div class='ocr_carea' id='block_1_1' title="bbox 1066 847 1882 911">
    <p class='ocr_par' dir='ltr' id='par_1_1' title="bbox 1066 847 1882 911">
     <span class='ocr_line' id='line_1_1' title="bbox 1066 847 1882 911; baseline 0 -1"><span class='ocrx_word' id='word_1_1' title='bbox 1066 861 1109 910; x_wconf 81' lang='lat' dir='ltr'>ru</span> <span class='ocrx_word' id='word_1_2' title='bbox 1132 862 1364 911; x_wconf 75' lang='lat' dir='ltr'>aamrorrreme</span> <span class='ocrx_word' id='word_1_3' title='bbox 1386 861 1523 910; x_wconf 74' lang='lat' dir='ltr'>sucrum</span> <span class='ocrx_word' id='word_1_4' title='bbox 1818 847 1882 910; x_wconf 78' lang='lat'>421</span> 
     </span>
    </p>
   </div>
   <div class='ocr_carea' id='block_1_2' title="bbox 681 1026 1889 5027">
    <p class='ocr_par' dir='ltr' id='par_1_2' title="bbox 690 1026 1887 2066">
     <span class='ocr_line' id='line_1_2' title="bbox 692 1026 1887 1114; baseline -0.001 -20"><span class='ocrx_word' id='word_1_5' title='bbox 692 1032 822 1095; x_wconf 85' lang='lat' dir='ltr'>vixerit.</span> <span class='ocrx_word' id='word_1_6' title='bbox 846 1029 915 1106; x_wconf 83' lang='lat' dir='ltr'>Sic,</span> <span class='ocrx_word' id='word_1_7' title='bbox 938 1033 976 1092; x_wconf 91' lang='lat' dir='ltr'>nt</span> <span class='ocrx_word' id='word_1_8' title='bbox 995 1049 1012 1092; x_wconf 92' lang='lat' dir='ltr'>e</span> <span class='ocrx_word' id='word_1_9' title='bbox 1033 1026 1129 1092; x_wconf 92' lang='lat' dir='ltr'>Pluto</span> <span class='ocrx_word' id='word_1_10' title='bbox 1150 1027 1258 1093; x_wconf 87' lang='lat' dir='ltr'>fabula</span> <span class='ocrx_word' id='word_1_11' title='bbox 1279 1027 1426 1114; x_wconf 82' lang='lat' dir='ltr'>exempla</span> <span class='ocrx_word' id='word_1_12' title='bbox 1446 1028 1621 1112; x_wconf 91' lang='lat' dir='ltr'>proferam,</span> <span class='ocrx_word' id='word_1_13' title='bbox 1641 1032 1769 1092; x_wconf 89' lang='lat' dir='ltr'>iurenis</span> <span class='ocrx_word' id='word_1_14' title='bbox 1790 1030 1887 1094; x_wconf 86' lang='lat' dir='ltr'>verba</span> 
     </span>
     <span class='ocr_line' id='line_1_3' title="bbox 693 1135 1887 1219; baseline 0.001 -21"><span class='ocrx_word' id='word_1_15' title='bbox 693 1137 771 1215; x_wconf 79' lang='lat' dir='ltr'>„dia</span> <span class='ocrx_word' id='word_1_16' title='bbox 802 1143 846 1199; x_wconf 79' lang='lat' dir='ltr'>eet</span> <span class='ocrx_word' id='word_1_17' title='bbox 874 1157 910 1198; x_wconf 71' lang='lat' dir='ltr'>ea</span> <span class='ocrx_word' id='word_1_18' title='bbox 933 1157 988 1219; x_wconf 78' lang='lat' dir='ltr'>qao</span> <span class='ocrx_word' id='word_1_19' title='bbox 1011 1135 1110 1197; x_wconf 79' lang='lat' dir='ltr'>calidi</span> <span class='ocrx_word' id='word_1_20' title='bbox 1125 1135 1223 1219; x_wconf 77' lang='lat' dir='ltr'>scere</span> <span class='ocrx_word' id='word_1_21' title='bbox 1246 1135 1389 1197; x_wconf 74' lang='lat' dir='ltr'>Milesii’&#39;</span> <span class='ocrx_word' id='word_1_22' title='bbox 1415 1136 1519 1199; x_wconf 82' lang='lat' dir='ltr'><strong>acerbi</strong></span> <span class='ocrx_word' id='word_1_23' title='bbox 1542 1135 1626 1198; x_wconf 91' lang='lat' dir='ltr'>nibil</span> <span class='ocrx_word' id='word_1_24' title='bbox 1649 1135 1802 1200; x_wconf 90' lang='lat' dir='ltr'>haberent</span> <span class='ocrx_word' id='word_1_25' title='bbox 1825 1139 1887 1199; x_wconf 92' lang='lat' dir='ltr'>nisi</span> 
     </span>
     <span class='ocr_line' id='line_1_4' title="bbox 690 1239 1887 1325; baseline -0.002 -18"><span class='ocrx_word' id='word_1_26' title='bbox 690 1249 805 1307; x_wconf 91' lang='lat' dir='ltr'>notum</span> <span class='ocrx_word' id='word_1_27' title='bbox 838 1248 914 1304; x_wconf 97' lang='grc' dir='ltr'>ωηο</span> <span class='ocrx_word' id='word_1_28' title='bbox 945 1242 1101 1325; x_wconf 89' lang='lat' dir='ltr'>temporis</span> <span class='ocrx_word' id='word_1_29' title='bbox 1124 1239 1158 1303; x_wconf 92' lang='lat' dir='ltr'>id</span> <span class='ocrx_word' id='word_1_30' title='bbox 1182 1239 1297 1304; x_wconf 90' lang='lat' dir='ltr'>fnisset</span> <span class='ocrx_word' id='word_1_31' title='bbox 1320 1241 1543 1325; x_wconf 80' lang='lat' dir='ltr'>proverbium3</span> <span class='ocrx_word' id='word_1_32' title='bbox 1569 1261 1670 1325; x_wconf 90' lang='lat' dir='ltr'>neque</span> <span class='ocrx_word' id='word_1_33' title='bbox 1694 1240 1789 1305; x_wconf 86' lang='lat' dir='ltr'>enula</span> <span class='ocrx_word' id='word_1_34' title='bbox 1813 1262 1887 1325; x_wconf 93' lang='lat' dir='ltr'>que·</span> 
     </span>
     <span class='ocr_line' id='line_1_5' title="bbox 691 1344 1886 1432; baseline -0.002 -20"><span class='ocrx_word' id='word_1_35' title='bbox 691 1352 793 1412; x_wconf 88' lang='lat' dir='ltr'>ritaus</span> <span class='ocrx_word' id='word_1_36' title='bbox 826 1369 899 1429; x_wconf 79' lang='lat' dir='ltr'>„per</span> <span class='ocrx_word' id='word_1_37' title='bbox 929 1347 1052 1409; x_wconf 80' lang='lat' dir='ltr'>anulum</span> <span class='ocrx_word' id='word_1_38' title='bbox 1081 1368 1125 1409; x_wconf 76' lang='lat' dir='ltr'>rae</span> <span class='ocrx_word' id='word_1_39' title='bbox 1150 1345 1335 1426; x_wconf 80' lang='lat' dir='ltr'>pertratae&#39;’</span> <span class='ocrx_word' id='word_1_40' title='bbox 1362 1348 1440 1430; x_wconf 91' lang='lat' dir='ltr'>quin</span> <span class='ocrx_word' id='word_1_41' title='bbox 1465 1344 1559 1410; x_wconf 87' lang='lat' dir='ltr'>solito</span> <span class='ocrx_word' id='word_1_42' title='bbox 1583 1366 1620 1410; x_wconf 93' lang='lat' dir='ltr'>ea</span> <span class='ocrx_word' id='word_1_43' title='bbox 1643 1351 1746 1411; x_wconf 88' lang='lat' dir='ltr'>aetate</span> <span class='ocrx_word' id='word_1_44' title='bbox 1770 1367 1886 1432; x_wconf 88' lang='lat' dir='ltr'>genere</span> 
     </span>
     <span class='ocr_line' id='line_1_6' title="bbox 691 1451 1885 1538; baseline -0.002 -20"><span class='ocrx_word' id='word_1_45' title='bbox 691 1452 843 1538; x_wconf 90' lang='lat' dir='ltr'>loquendi</span> <span class='ocrx_word' id='word_1_46' title='bbox 875 1457 987 1516; x_wconf 89' lang='lat' dir='ltr'>utatur</span> <span class='ocrx_word' id='word_1_47' title='bbox 1017 1451 1156 1515; x_wconf 89' lang='lat' dir='ltr'>dubitari</span> <span class='ocrx_word' id='word_1_48' title='bbox 1186 1456 1309 1535; x_wconf 89' lang='lat' dir='ltr'>potest,</span> <span class='ocrx_word' id='word_1_49' title='bbox 1335 1471 1408 1514; x_wconf 90' lang='lat' dir='ltr'>uam</span> <span class='ocrx_word' id='word_1_50' title='bbox 1433 1454 1478 1515; x_wconf 91' lang='lat' dir='ltr'>sic</span> <span class='ocrx_word' id='word_1_51' title='bbox 1501 1452 1631 1515; x_wconf 92' lang='lat' dir='ltr'>demum</span> <span class='ocrx_word' id='word_1_52' title='bbox 1655 1454 1689 1515; x_wconf 89' lang='lat' dir='ltr'>in</span> <span class='ocrx_word' id='word_1_53' title='bbox 1712 1451 1885 1516; x_wconf 86' lang='lat' dir='ltr'>ridiculum</span> 
     </span>
     <span class='ocr_line' id='line_1_7' title="bbox 693 1555 1884 1644; baseline -0.001 -20"><span class='ocrx_word' id='word_1_54' title='bbox 693 1560 875 1644; x_wconf 80' lang='lat' dir='ltr'>detorqueri</span> <span class='ocrx_word' id='word_1_55' title='bbox 906 1561 1013 1644; x_wconf 90' lang='lat' dir='ltr'>potuit</span> <span class='ocrx_word' id='word_1_56' title='bbox 1038 1556 1121 1621; x_wconf 88' lang='lat' dir='ltr'>illud</span> <span class='ocrx_word' id='word_1_57' title='bbox 1146 1556 1315 1621; x_wconf 81' lang='lat' dir='ltr'>dicterium</span> <span class='ocrx_word' id='word_1_58' title='bbox 1339 1577 1357 1621; x_wconf 89' lang='lat' dir='ltr'>a</span> <span class='ocrx_word' id='word_1_59' title='bbox 1381 1555 1574 1642; x_wconf 79' lang='lat' dir='ltr'>Chremylo,</span> <span class='ocrx_word' id='word_1_60' title='bbox 1599 1558 1778 1620; x_wconf 77' lang='lat' dir='ltr'>incerniccti</span> <span class='ocrx_word' id='word_1_61' title='bbox 1800 1564 1884 1623; x_wconf 88' lang='lat' dir='ltr'>certe</span> 
     </span>
     <span class='ocr_line' id='line_1_8' title="bbox 692 1662 1883 1749; baseline -0.001 -20"><span class='ocrx_word' id='word_1_62' title='bbox 692 1664 829 1729; x_wconf 90' lang='lat' dir='ltr'>anulum</span> <span class='ocrx_word' id='word_1_63' title='bbox 848 1663 888 1728; x_wconf 91' lang='lat' dir='ltr'>ad</span> <span class='ocrx_word' id='word_1_64' title='bbox 906 1662 989 1727; x_wconf 89' lang='lat' dir='ltr'>illud</span> <span class='ocrx_word' id='word_1_65' title='bbox 1010 1684 1089 1748; x_wconf 92' lang='lat' dir='ltr'>opus</span> <span class='ocrx_word' id='word_1_66' title='bbox 1108 1664 1228 1746; x_wconf 80' lang='lat' dir='ltr'>requiri</span> <span class='ocrx_word' id='word_1_67' title='bbox 1247 1662 1438 1746; x_wconf 73' lang='lat' dir='ltr'>perhibenti.</span> <span class='ocrx_word' id='word_1_68' title='bbox 1459 1663 1530 1727; x_wconf 88' lang='lat' dir='ltr'>Nisi</span> <span class='ocrx_word' id='word_1_69' title='bbox 1544 1663 1690 1727; x_wconf 90' lang='lat' dir='ltr'>homines</span> <span class='ocrx_word' id='word_1_70' title='bbox 1703 1701 1745 1711; x_wconf 89' lang='lat'><em>-</em></span> <span class='ocrx_word' id='word_1_71' title='bbox 1758 1663 1883 1749; x_wconf 89' lang='lat' dir='ltr'>puellae</span> 
     </span>
     <span class='ocr_line' id='line_1_9' title="bbox 691 1767 1883 1856; baseline -0.002 -21"><span class='ocrx_word' id='word_1_72' title='bbox 691 1773 881 1856; x_wconf 90' lang='lat' dir='ltr'>praesertim</span> <span class='ocrx_word' id='word_1_73' title='bbox 919 1807 961 1817; x_wconf 94' lang='lat'><em>-</em></span> <span class='ocrx_word' id='word_1_74' title='bbox 996 1771 1094 1833; x_wconf 89' lang='lat' dir='ltr'>nimis</span> <span class='ocrx_word' id='word_1_75' title='bbox 1130 1775 1259 1844; x_wconf 91' lang='lat' dir='ltr'>tenues,</span> <span class='ocrx_word' id='word_1_76' title='bbox 1295 1767 1450 1854; x_wconf 89' lang='lat' dir='ltr'>graciles,</span> <span class='ocrx_word' id='word_1_77' title='bbox 1486 1771 1615 1854; x_wconf 91' lang='lat' dir='ltr'>perticis</span> <span class='ocrx_word' id='word_1_78' title='bbox 1649 1769 1771 1834; x_wconf 86' lang='lat' dir='ltr'>similes</span> <span class='ocrx_word' id='word_1_79' title='bbox 1807 1776 1883 1835; x_wconf 93' lang='lat' dir='ltr'>tunc</span> 
     </span>
     <span class='ocr_line' id='line_1_10' title="bbox 692 1872 1884 1960; baseline -0.001 -21"><span class='ocrx_word' id='word_1_80' title='bbox 692 1877 846 1960; x_wconf 87' lang='lat' dir='ltr'>temporis</span> <span class='ocrx_word' id='word_1_81' title='bbox 876 1878 910 1939; x_wconf 90' lang='lat' dir='ltr'>in</span> <span class='ocrx_word' id='word_1_82' title='bbox 941 1895 1085 1939; x_wconf 82' lang='lat' dir='ltr'>sermone</span> <span class='ocrx_word' id='word_1_83' title='bbox 1117 1872 1268 1937; x_wconf 80' lang='lat' dir='ltr'>familiari</span> <span class='ocrx_word' id='word_1_84' title='bbox 1298 1875 1345 1937; x_wconf 89' lang='lat' dir='ltr'>ita</span> <span class='ocrx_word' id='word_1_85' title='bbox 1380 1873 1640 1959; x_wconf 72' lang='lat' dir='ltr'>designabantur,</span> <span class='ocrx_word' id='word_1_86' title='bbox 1675 1874 1783 1939; x_wconf 85' lang='lat' dir='ltr'>fatuus</span> <span class='ocrx_word' id='word_1_87' title='bbox 1815 1881 1884 1940; x_wconf 87' lang='lat' dir='ltr'>erat</span> 
     </span>
     <span class='ocr_line' id='line_1_11' title="bbox 694 1979 984 2066; baseline -0.014 -19"><span class='ocrx_word' id='word_1_88' title='bbox 694 1979 863 2066; x_wconf 81' lang='lat' dir='ltr'>Ohremyli</span> <span class='ocrx_word' id='word_1_89' title='bbox 887 1983 984 2045; x_wconf 91' lang='lat' dir='ltr'>iocus.</span> 
     </span>
    </p>

    <p class='ocr_par' dir='ltr' id='par_1_3' title="bbox 691 2084 1889 3228">
     <span class='ocr_line' id='line_1_12' title="bbox 738 2084 1885 2170; baseline 0.003 -20"><span class='ocrx_word' id='word_1_90' title='bbox 738 2085 800 2150; x_wconf 79' lang='lat' dir='ltr'>Sed</span> <span class='ocrx_word' id='word_1_91' title='bbox 831 2085 870 2149; x_wconf 89' lang='lat' dir='ltr'>de</span> <span class='ocrx_word' id='word_1_92' title='bbox 900 2084 970 2150; x_wconf 89' lang='lat' dir='ltr'>loco</span> <span class='ocrx_word' id='word_1_93' title='bbox 1001 2106 1096 2170; x_wconf 90' lang='lat' dir='ltr'>quem</span> <span class='ocrx_word' id='word_1_94' title='bbox 1127 2105 1223 2169; x_wconf 92' lang='lat' dir='ltr'>supra</span> <span class='ocrx_word' id='word_1_95' title='bbox 1252 2084 1392 2149; x_wconf 83' lang='lat' dir='ltr'>indicavi</span> <span class='ocrx_word' id='word_1_96' title='bbox 1424 2085 1502 2169; x_wconf 92' lang='lat' dir='ltr'>quid</span> <span class='ocrx_word' id='word_1_97' title='bbox 1524 2085 1753 2151; x_wconf 81' lang='lat' dir='ltr'>statuendum?</span> <span class='ocrx_word' id='word_1_98' title='bbox 1777 2087 1885 2153; x_wconf 82' lang='lat' dir='ltr'>Etiam</span> 
     </span>
     <span class='ocr_line' id='line_1_13' title="bbox 694 2189 1885 2275; baseline 0.004 -21"><span class='ocrx_word' id='word_1_99' title='bbox 694 2192 805 2268; x_wconf 80' lang='lat' dir='ltr'>„Batti</span> <span class='ocrx_word' id='word_1_100' title='bbox 823 2190 987 2272; x_wconf 78' lang='lat' dir='ltr'>eitpdiroa&#39;’</span> <span class='ocrx_word' id='word_1_101' title='bbox 1008 2192 1214 2254; x_wconf 87' lang='lat' dir='ltr'>notissimum</span> <span class='ocrx_word' id='word_1_102' title='bbox 1236 2189 1404 2273; x_wconf 88' lang='lat' dir='ltr'>aliquando</span> <span class='ocrx_word' id='word_1_103' title='bbox 1424 2192 1630 2275; x_wconf 89' lang='lat' dir='ltr'>proverbium</span> <span class='ocrx_word' id='word_1_104' title='bbox 1651 2193 1749 2258; x_wconf 88' lang='lat' dir='ltr'>fuisse</span> <span class='ocrx_word' id='word_1_105' title='bbox 1768 2195 1885 2272; x_wconf 90' lang='lat' dir='ltr'>eredas,</span> 
     </span>
     <span class='ocr_line' id='line_1_14' title="bbox 691 2296 1887 2381; baseline 0.004 -21"><span class='ocrx_word' id='word_1_106' title='bbox 691 2300 720 2361; x_wconf 90' lang='lat' dir='ltr'>si</span> <span class='ocrx_word' id='word_1_107' title='bbox 750 2299 902 2381; x_wconf 88' lang='lat' dir='ltr'>inspicias</span> <span class='ocrx_word' id='word_1_108' title='bbox 932 2299 1147 2380; x_wconf 78' lang='lat' dir='ltr'>interpretum</span> <span class='ocrx_word' id='word_1_109' title='bbox 1177 2296 1423 2360; x_wconf 86' lang='lat' dir='ltr'>observationes.</span> <span class='ocrx_word' id='word_1_110' title='bbox 1457 2296 1580 2376; x_wconf 80' lang='lat' dir='ltr'>Quibus</span> <span class='ocrx_word' id='word_1_111' title='bbox 1613 2303 1720 2363; x_wconf 91' lang='lat' dir='ltr'>tamen</span> <span class='ocrx_word' id='word_1_112' title='bbox 1751 2302 1887 2366; x_wconf 88' lang='lat' dir='ltr'>minime</span> 
     </span>
     <span class='ocr_line' id='line_1_15' title="bbox 693 2401 1887 2489; baseline 0.003 -23"><span class='ocrx_word' id='word_1_113' title='bbox 693 2424 767 2467; x_wconf 91' lang='lat' dir='ltr'>sum</span> <span class='ocrx_word' id='word_1_114' title='bbox 802 2402 950 2467; x_wconf 90' lang='lat' dir='ltr'>credulus</span> <span class='ocrx_word' id='word_1_115' title='bbox 986 2402 1145 2486; x_wconf 89' lang='lat' dir='ltr'>equidem.</span> <span class='ocrx_word' id='word_1_116' title='bbox 1181 2401 1253 2465; x_wconf 90' lang='lat' dir='ltr'>Non</span> <span class='ocrx_word' id='word_1_117' title='bbox 1287 2422 1348 2484; x_wconf 93' lang='lat' dir='ltr'>quo</span> <span class='ocrx_word' id='word_1_118' title='bbox 1380 2422 1495 2487; x_wconf 82' lang='lat' dir='ltr'>negem</span> <span class='ocrx_word' id='word_1_119' title='bbox 1528 2403 1626 2467; x_wconf 91' lang='lat' dir='ltr'>fuisse</span> <span class='ocrx_word' id='word_1_120' title='bbox 1659 2425 1801 2488; x_wconf 88' lang='lat' dir='ltr'>unquam</span> <span class='ocrx_word' id='word_1_121' title='bbox 1832 2409 1887 2489; x_wconf 91' lang='lat' dir='ltr'>qui</span> 
     </span>
     <span class='ocr_line' id='line_1_16' title="bbox 694 2507 1888 2593; baseline 0.003 -21"><span class='ocrx_word' id='word_1_122' title='bbox 694 2509 917 2592; x_wconf 87' lang='lat' dir='ltr'>Aristophanis</span> <span class='ocrx_word' id='word_1_123' title='bbox 939 2507 1017 2572; x_wconf 89' lang='lat' dir='ltr'>haec</span> <span class='ocrx_word' id='word_1_124' title='bbox 1041 2507 1137 2571; x_wconf 88' lang='lat' dir='ltr'>verba</span> <span class='ocrx_word' id='word_1_125' title='bbox 1160 2509 1377 2583; x_wconf 86' lang='lat' dir='ltr'>imitarentur,</span> <span class='ocrx_word' id='word_1_126' title='bbox 1399 2544 1440 2554; x_wconf 95' lang='lat'>—</span> <span class='ocrx_word' id='word_1_127' title='bbox 1463 2528 1658 2592; x_wconf 90' lang='lat' dir='ltr'>quamquam</span> <span class='ocrx_word' id='word_1_128' title='bbox 1678 2512 1888 2593; x_wconf 90' lang='lat' dir='ltr'>paucissimos</span> 
     </span>
     <span class='ocr_line' id='line_1_17' title="bbox 694 2611 1886 2699; baseline 0.001 -21"><span class='ocrx_word' id='word_1_129' title='bbox 694 2614 791 2678; x_wconf 90' lang='lat' dir='ltr'>fuisse</span> <span class='ocrx_word' id='word_1_130' title='bbox 815 2616 958 2699; x_wconf 91' lang='lat' dir='ltr'>suspicor</span> <span class='ocrx_word' id='word_1_131' title='bbox 980 2634 1037 2678; x_wconf 91' lang='lat' dir='ltr'>nec</span> <span class='ocrx_word' id='word_1_132' title='bbox 1060 2615 1121 2677; x_wconf 87' lang='lat' dir='ltr'>nisi</span> <span class='ocrx_word' id='word_1_133' title='bbox 1144 2615 1228 2677; x_wconf 89' lang='lat' dir='ltr'>inter</span> <span class='ocrx_word' id='word_1_134' title='bbox 1251 2611 1496 2698; x_wconf 89' lang='lat' dir='ltr'>ludimagistros</span> <span class='ocrx_word' id='word_1_135' title='bbox 1520 2634 1587 2678; x_wconf 88' lang='lat' dir='ltr'>esse</span> <span class='ocrx_word' id='word_1_136' title='bbox 1612 2614 1822 2698; x_wconf 88' lang='lat' dir='ltr'>quaerendos,</span> <span class='ocrx_word' id='word_1_137' title='bbox 1845 2654 1886 2665; x_wconf 91' lang='lat'><strong>—</strong></span> 
     </span>
     <span class='ocr_line' id='line_1_18' title="bbox 692 2718 1889 2806; baseline 0.001 -21"><span class='ocrx_word' id='word_1_138' title='bbox 692 2720 747 2785; x_wconf 90' lang='lat' dir='ltr'>sed</span> <span class='ocrx_word' id='word_1_139' title='bbox 777 2724 887 2805; x_wconf 93' lang='lat' dir='ltr'>ipsum</span> <span class='ocrx_word' id='word_1_140' title='bbox 917 2720 1165 2804; x_wconf 88' lang='lat' dir='ltr'>Aristophanem</span> <span class='ocrx_word' id='word_1_141' title='bbox 1196 2718 1276 2783; x_wconf 92' lang='lat' dir='ltr'>alios</span> <span class='ocrx_word' id='word_1_142' title='bbox 1309 2740 1392 2783; x_wconf 89' lang='lat' dir='ltr'>nunc</span> <span class='ocrx_word' id='word_1_143' title='bbox 1423 2722 1529 2804; x_wconf 90' lang='lat' dir='ltr'>sequi,</span> <span class='ocrx_word' id='word_1_144' title='bbox 1562 2719 1594 2783; x_wconf 94' lang='lat' dir='ltr'>id</span> <span class='ocrx_word' id='word_1_145' title='bbox 1619 2741 1712 2806; x_wconf 91' lang='lat' dir='ltr'>nego.</span> <span class='ocrx_word' id='word_1_146' title='bbox 1737 2721 1889 2786; x_wconf 78' lang='lat' dir='ltr'>Nascitur</span> 
     </span>
     <span class='ocr_line' id='line_1_19' title="bbox 691 2825 1886 2911; baseline 0 -21"><span class='ocrx_word' id='word_1_147' title='bbox 691 2848 776 2891; x_wconf 90' lang='lat' dir='ltr'>nunc</span> <span class='ocrx_word' id='word_1_148' title='bbox 800 2827 1025 2911; x_wconf 88' lang='lat' dir='ltr'>proverbium,</span> <span class='ocrx_word' id='word_1_149' title='bbox 1052 2827 1146 2888; x_wconf 89' lang='lat' dir='ltr'>-si</span> <span class='ocrx_word' id='word_1_150' title='bbox 1169 2825 1377 2910; x_wconf 83' lang='lat' dir='ltr'>proverbium</span> <span class='ocrx_word' id='word_1_151' title='bbox 1402 2826 1461 2890; x_wconf 94' lang='lat' dir='ltr'>hoc</span> <span class='ocrx_word' id='word_1_152' title='bbox 1484 2825 1613 2889; x_wconf 87' lang='lat' dir='ltr'>ridetur</span> <span class='ocrx_word' id='word_1_153' title='bbox 1633 2825 1821 2904; x_wconf 89' lang='lat' dir='ltr'>dicendum,</span> <span class='ocrx_word' id='word_1_154' title='bbox 1846 2865 1886 2876; x_wconf 92' lang='lat'>-</span> 
     </span>
     <span class='ocr_line' id='line_1_20' title="bbox 693 2929 1887 2999; baseline 0.003 -3"><span class='ocrx_word' id='word_1_155' title='bbox 693 2954 755 2997; x_wconf 92' lang='lat' dir='ltr'>non</span> <span class='ocrx_word' id='word_1_156' title='bbox 779 2935 863 2996; x_wconf 82' lang='lat' dir='ltr'>vixit</span> <span class='ocrx_word' id='word_1_157' title='bbox 887 2938 987 2996; x_wconf 89' lang='lat' dir='ltr'>antea.</span> <span class='ocrx_word' id='word_1_158' title='bbox 1013 2930 1187 2996; x_wconf 86' lang='lat' dir='ltr'>Videamus</span> <span class='ocrx_word' id='word_1_159' title='bbox 1211 2931 1328 2996; x_wconf 91' lang='lat' dir='ltr'>locum.</span> <span class='ocrx_word' id='word_1_160' title='bbox 1354 2929 1417 2995; x_wconf 91' lang='lat' dir='ltr'>Ubi</span> <span class='ocrx_word' id='word_1_161' title='bbox 1441 2930 1530 2995; x_wconf 88' lang='lat' dir='ltr'>Iusto</span> <span class='ocrx_word' id='word_1_162' title='bbox 1555 2934 1624 2997; x_wconf 86' lang='lat' dir='ltr'>viro</span> <span class='ocrx_word' id='word_1_163' title='bbox 1647 2930 1803 2997; x_wconf 89' lang='lat' dir='ltr'>ultimum</span> <span class='ocrx_word' id='word_1_164' title='bbox 1827 2935 1887 2999; x_wconf 90' lang='lat' dir='ltr'>hoc</span> 
     </span>
     <span class='ocr_line' id='line_1_21' title="bbox 693 3033 1884 3125; baseline 0.004 -24"><span class='ocrx_word' id='word_1_165' title='bbox 693 3040 838 3124; x_wconf 88' lang='lat' dir='ltr'>roganti:</span> <span class='ocrx_word' id='word_1_166' title='bbox 877 3036 1051 3113; x_wconf 77' lang='lat' dir='ltr'>„Poteritne</span> <span class='ocrx_word' id='word_1_167' title='bbox 1076 3037 1153 3119; x_wconf 78' lang='lat' dir='ltr'>fieri</span> <span class='ocrx_word' id='word_1_168' title='bbox 1183 3043 1217 3099; x_wconf 84' lang='lat' dir='ltr'>ut</span> <span class='ocrx_word' id='word_1_169' title='bbox 1248 3033 1374 3099; x_wconf 71' lang='lat' dir='ltr'>comitii</span> <span class='ocrx_word' id='word_1_170' title='bbox 1406 3043 1458 3099; x_wconf 83' lang='lat' dir='ltr'>tca</span> <span class='ocrx_word' id='word_1_171' title='bbox 1489 3037 1628 3101; x_wconf 78' lang='lat' dir='ltr'>mates?”</span> <span class='ocrx_word' id='word_1_172' title='bbox 1663 3037 1884 3125; x_wconf 80' lang='lat' dir='ltr'>Sycophanta:</span> 
     </span>
     <span class='ocr_line' id='line_1_22' title="bbox 693 3143 1513 3228; baseline -0.001 -22"><span class='ocrx_word' id='word_1_173' title='bbox 693 3143 888 3221; x_wconf 73' lang='lat' dir='ltr'>„Minimas”</span> <span class='ocrx_word' id='word_1_174' title='bbox 914 3181 956 3191; x_wconf 88' lang='lat'>—</span> <span class='ocrx_word' id='word_1_175' title='bbox 981 3143 1166 3228; x_wconf 88' lang='lat' dir='ltr'>respondet,</span> <span class='ocrx_word' id='word_1_176' title='bbox 1192 3180 1234 3190; x_wconf 92' lang='lat'><em>-</em></span> <span class='ocrx_word' id='word_1_177' title='bbox 1261 3166 1341 3219; x_wconf 83' lang='lat' dir='ltr'>„aaa</span> <span class='ocrx_word' id='word_1_178' title='bbox 1365 3143 1513 3220; x_wconf 80' lang='lat' dir='ltr'>metabo’&#39;,</span> 
     </span>
    </p>

    <p class='ocr_par' dir='ltr' id='par_1_4' title="bbox 681 3247 1887 5027">
     <span class='ocr_line' id='line_1_23' title="bbox 1240 3247 1656 3325; baseline 0.002 -12"><span class='ocrx_word' id='word_1_179' title='bbox 1240 3250 1301 3314; x_wconf 74' lang='grc' dir='ltr'>οὐδ’</span> <span class='ocrx_word' id='word_1_180' title='bbox 1326 3248 1364 3313; x_wconf 68' lang='grc' dir='ltr'>ἂν</span> <span class='ocrx_word' id='word_1_181' title='bbox 1388 3249 1413 3312; x_wconf 74' lang='lat' dir='ltr'>si</span> <span class='ocrx_word' id='word_1_182' title='bbox 1439 3248 1518 3323; x_wconf 71' lang='lat' dir='ltr'>deinc</span> <span class='ocrx_word' id='word_1_183' title='bbox 1542 3247 1582 3325; x_wconf 68' lang='lat' dir='ltr'>at</span> <span class='ocrx_word' id='word_1_184' title='bbox 1606 3273 1656 3325; x_wconf 75' lang='grc' dir='ltr'>μοι</span> 
     </span>
     <span class='ocr_line' id='line_1_24' title="bbox 919 3354 1527 3420; baseline 0.001 -3"><span class='ocrx_word' id='word_1_185' title='bbox 919 3355 970 3419; x_wconf 71' lang='grc' dir='ltr'>τὸν</span> <span class='ocrx_word' id='word_1_186' title='bbox 993 3359 1130 3420; x_wconf 79' lang='grc' dir='ltr'>Πλοῦτον</span> <span class='ocrx_word' id='word_1_187' title='bbox 1153 3356 1248 3419; x_wconf 71' lang='grc' dir='ltr'><strong><em>αὑτὸν</em></strong></span> <span class='ocrx_word' id='word_1_188' title='bbox 1271 3354 1323 3418; x_wconf 78' lang='lat' dir='ltr'>xci</span> <span class='ocrx_word' id='word_1_189' title='bbox 1348 3355 1382 3418; x_wconf 80' lang='grc' dir='ltr'>τὸ</span> <span class='ocrx_word' id='word_1_190' title='bbox 1407 3354 1527 3419; x_wconf 75' lang='grc' dir='ltr'>Βάττου</span> 
     </span>
     <span class='ocr_line' id='line_1_25' title="bbox 692 3458 1887 3550; baseline 0.005 -25"><span class='ocrx_word' id='word_1_191' title='bbox 692 3461 775 3541; x_wconf 83' lang='lat' dir='ltr'>Quid</span> <span class='ocrx_word' id='word_1_192' title='bbox 806 3458 1008 3526; x_wconf 79' lang='lat' dir='ltr'>addendum?</span> <span class='ocrx_word' id='word_1_193' title='bbox 1039 3460 1149 3525; x_wconf 88' lang='lat' dir='ltr'>Unum</span> <span class='ocrx_word' id='word_1_194' title='bbox 1181 3466 1230 3525; x_wconf 91' lang='lat' dir='ltr'>est</span> <span class='ocrx_word' id='word_1_195' title='bbox 1261 3459 1455 3525; x_wconf 83' lang='lat' dir='ltr'>vccabulum</span> <span class='ocrx_word' id='word_1_196' title='bbox 1480 3461 1581 3544; x_wconf 88' lang='lat' dir='ltr'>quod,</span> <span class='ocrx_word' id='word_1_197' title='bbox 1605 3464 1668 3525; x_wconf 90' lang='lat' dir='ltr'>nisi</span> <span class='ocrx_word' id='word_1_198' title='bbox 1692 3465 1789 3529; x_wconf 90' lang='lat' dir='ltr'>iocari</span> <span class='ocrx_word' id='word_1_199' title='bbox 1815 3468 1887 3550; x_wconf 90' lang='lat' dir='ltr'>quie</span> 
     </span>
     <span class='ocr_line' id='line_1_26' title="bbox 692 3558 1887 3653; baseline 0.003 -21"><span class='ocrx_word' id='word_1_200' title='bbox 692 3567 791 3646; x_wconf 81' lang='lat' dir='ltr'>velit,</span> <span class='ocrx_word' id='word_1_201' title='bbox 816 3558 922 3653; x_wconf 73' lang='lat' dir='ltr'>potest</span> <span class='ocrx_word' id='word_1_202' title='bbox 945 3568 1116 3652; x_wconf 90' lang='lat' dir='ltr'>subiungi:</span> <span class='ocrx_word' id='word_1_203' title='bbox 1141 3567 1175 3630; x_wconf 77' lang='lat' dir='ltr'>ri</span> <span class='ocrx_word' id='word_1_204' title='bbox 1199 3568 1377 3647; x_wconf 73' lang='grc' dir='ltr'>χρυσίον.</span> <span class='ocrx_word' id='word_1_205' title='bbox 1405 3566 1522 3644; x_wconf 80' lang='lat' dir='ltr'>„Nolo,</span> <span class='ocrx_word' id='word_1_206' title='bbox 1548 3568 1665 3631; x_wconf 81' lang='lat' dir='ltr'>etiamsi</span> <span class='ocrx_word' id='word_1_207' title='bbox 1689 3569 1786 3651; x_wconf 79' lang='lat' dir='ltr'>ipsam</span> <span class='ocrx_word' id='word_1_208' title='bbox 1810 3574 1887 3635; x_wconf 83' lang='lat' dir='ltr'>divi·</span> 
     </span>
     <span class='ocr_line' id='line_1_27' title="bbox 691 3672 1884 3760; baseline 0.005 -25"><span class='ocrx_word' id='word_1_209' title='bbox 691 3675 804 3736; x_wconf 83' lang='lat' dir='ltr'>tiarum</span> <span class='ocrx_word' id='word_1_210' title='bbox 833 3675 918 3737; x_wconf 79' lang='lat' dir='ltr'>deum</span> <span class='ocrx_word' id='word_1_211' title='bbox 948 3673 1022 3735; x_wconf 78' lang='lat' dir='ltr'>miti</span> <span class='ocrx_word' id='word_1_212' title='bbox 1052 3675 1143 3736; x_wconf 81' lang='lat' dir='ltr'>donee</span> <span class='ocrx_word' id='word_1_213' title='bbox 1166 3679 1195 3735; x_wconf 84' lang='lat' dir='ltr'>et</span> <span class='ocrx_word' id='word_1_214' title='bbox 1218 3695 1286 3754; x_wconf 79' lang='lat' dir='ltr'>opes</span> <span class='ocrx_word' id='word_1_215' title='bbox 1313 3672 1522 3756; x_wconf 75' lang='lat' dir='ltr'>Cpreaoicoa’&#39;.</span> <span class='ocrx_word' id='word_1_216' title='bbox 1548 3672 1634 3752; x_wconf 80' lang='lat' dir='ltr'>Quae</span> <span class='ocrx_word' id='word_1_217' title='bbox 1659 3675 1884 3760; x_wconf 82' lang='lat' dir='ltr'>gradationem</span> 
     </span>
     <span class='ocr_line' id='line_1_28' title="bbox 691 3778 1884 3863; baseline 0.003 -21"><span class='ocrx_word' id='word_1_218' title='bbox 691 3778 852 3863; x_wconf 90' lang='lat' dir='ltr'>quandam</span> <span class='ocrx_word' id='word_1_219' title='bbox 884 3778 1041 3854; x_wconf 87' lang='lat' dir='ltr'>efficiunt,</span> <span class='ocrx_word' id='word_1_220' title='bbox 1067 3780 1157 3863; x_wconf 88' lang='lat' dir='ltr'>quasi</span> <span class='ocrx_word' id='word_1_221' title='bbox 1181 3778 1269 3842; x_wconf 87' lang='lat' dir='ltr'>Batti</span> <span class='ocrx_word' id='word_1_222' title='bbox 1292 3778 1436 3842; x_wconf 87' lang='lat' dir='ltr'>thesauri</span> <span class='ocrx_word' id='word_1_223' title='bbox 1461 3780 1525 3842; x_wconf 90' lang='lat' dir='ltr'>sint</span> <span class='ocrx_word' id='word_1_224' title='bbox 1549 3779 1643 3844; x_wconf 73' lang='lat' dir='ltr'>adrat</span> <span class='ocrx_word' id='word_1_225' title='bbox 1667 3785 1720 3844; x_wconf 83' lang='grc' dir='ltr'>τοῦ</span> <span class='ocrx_word' id='word_1_226' title='bbox 1744 3781 1884 3846; x_wconf 72' lang='grc' dir='ltr'>Πλούτου</span> 
     </span>
     <span class='ocr_line' id='line_1_29' title="bbox 690 3882 1884 3971; baseline 0.002 -23"><span class='ocrx_word' id='word_1_227' title='bbox 690 3884 909 3964; x_wconf 74' lang='lat' dir='ltr'>raovrreirspir</span> <span class='ocrx_word' id='word_1_228' title='bbox 929 3908 970 3949; x_wconf 82' lang='lat' dir='ltr'>rr.</span> <span class='ocrx_word' id='word_1_229' title='bbox 994 3882 1101 3948; x_wconf 84' lang='lat' dir='ltr'>Facile</span> <span class='ocrx_word' id='word_1_230' title='bbox 1125 3889 1233 3948; x_wconf 91' lang='lat' dir='ltr'>autem</span> <span class='ocrx_word' id='word_1_231' title='bbox 1258 3884 1350 3948; x_wconf 92' lang='lat' dir='ltr'>nobis</span> <span class='ocrx_word' id='word_1_232' title='bbox 1374 3885 1528 3970; x_wconf 90' lang='lat' dir='ltr'>fingimus</span> <span class='ocrx_word' id='word_1_233' title='bbox 1554 3885 1612 3949; x_wconf 90' lang='lat' dir='ltr'>hoc</span> <span class='ocrx_word' id='word_1_234' title='bbox 1635 3891 1796 3969; x_wconf 90' lang='lat' dir='ltr'>tempore,</span> <span class='ocrx_word' id='word_1_235' title='bbox 1822 3908 1884 3971; x_wconf 95' lang='lat' dir='ltr'>quo</span> 
     </span>
     <span class='ocr_line' id='line_1_30' title="bbox 688 3988 1884 4076; baseline 0.001 -21"><span class='ocrx_word' id='word_1_236' title='bbox 688 3991 834 4076; x_wconf 88' lang='lat' dir='ltr'>Aegypti</span> <span class='ocrx_word' id='word_1_237' title='bbox 875 4011 929 4053; x_wconf 85' lang='lat' dir='ltr'>rex</span> <span class='ocrx_word' id='word_1_238' title='bbox 971 3992 1182 4053; x_wconf 87' lang='lat' dir='ltr'>mercenarios</span> <span class='ocrx_word' id='word_1_239' title='bbox 1223 3988 1337 4074; x_wconf 88' lang='lat' dir='ltr'>grandi</span> <span class='ocrx_word' id='word_1_240' title='bbox 1373 3991 1518 4054; x_wconf 85' lang='lat' dir='ltr'>mercede</span> <span class='ocrx_word' id='word_1_241' title='bbox 1552 3990 1764 4066; x_wconf 78' lang='lat' dir='ltr'>conducebat,</span> <span class='ocrx_word' id='word_1_242' title='bbox 1800 3994 1884 4056; x_wconf 89' lang='lat' dir='ltr'>inter</span> 
     </span>
     <span class='ocr_line' id='line_1_31' title="bbox 688 4093 1884 4181; baseline 0.003 -21"><span class='ocrx_word' id='word_1_243' title='bbox 688 4097 900 4161; x_wconf 88' lang='lat' dir='ltr'>Athenienses</span> <span class='ocrx_word' id='word_1_244' title='bbox 929 4098 1056 4181; x_wconf 91' lang='lat' dir='ltr'>saepius</span> <span class='ocrx_word' id='word_1_245' title='bbox 1089 4116 1268 4160; x_wconf 88' lang='lat' dir='ltr'>sermonem</span> <span class='ocrx_word' id='word_1_246' title='bbox 1303 4097 1401 4161; x_wconf 88' lang='lat' dir='ltr'>fuisse</span> <span class='ocrx_word' id='word_1_247' title='bbox 1433 4099 1530 4161; x_wconf 86' lang='lat' dir='ltr'>etiam</span> <span class='ocrx_word' id='word_1_248' title='bbox 1562 4094 1599 4159; x_wconf 93' lang='lat' dir='ltr'>de</span> <span class='ocrx_word' id='word_1_249' title='bbox 1624 4093 1814 4181; x_wconf 79' lang='lat' dir='ltr'>Cyrenaica,</span> <span class='ocrx_word' id='word_1_250' title='bbox 1838 4120 1884 4164; x_wconf 90' lang='lat' dir='ltr'>re·</span> 
     </span>
     <span class='ocr_line' id='line_1_32' title="bbox 686 4200 1883 4287; baseline 0.003 -22"><span class='ocrx_word' id='word_1_251' title='bbox 686 4205 785 4287; x_wconf 89' lang='lat' dir='ltr'>gione</span> <span class='ocrx_word' id='word_1_252' title='bbox 815 4204 920 4266; x_wconf 82' lang='lat' dir='ltr'>vicina</span> <span class='ocrx_word' id='word_1_253' title='bbox 952 4207 983 4266; x_wconf 92' lang='lat' dir='ltr'>et</span> <span class='ocrx_word' id='word_1_254' title='bbox 1014 4202 1053 4266; x_wconf 93' lang='lat' dir='ltr'>ob</span> <span class='ocrx_word' id='word_1_255' title='bbox 1086 4200 1218 4265; x_wconf 82' lang='lat' dir='ltr'>divitias</span> <span class='ocrx_word' id='word_1_256' title='bbox 1250 4200 1388 4276; x_wconf 87' lang='lat' dir='ltr'>incluta,</span> <span class='ocrx_word' id='word_1_257' title='bbox 1421 4204 1473 4266; x_wconf 89' lang='lat' dir='ltr'>cui</span> <span class='ocrx_word' id='word_1_258' title='bbox 1504 4200 1597 4266; x_wconf 88' lang='lat' dir='ltr'>Plato</span> <span class='ocrx_word' id='word_1_259' title='bbox 1630 4202 1717 4287; x_wconf 90' lang='lat' dir='ltr'>leges</span> <span class='ocrx_word' id='word_1_260' title='bbox 1747 4204 1883 4269; x_wconf 88' lang='lat' dir='ltr'>scribere</span> 
     </span>
     <span class='ocr_line' id='line_1_33' title="bbox 686 4303 1883 4388; baseline 0 -17"><span class='ocrx_word' id='word_1_261' title='bbox 686 4306 810 4383; x_wconf 82' lang='lat' dir='ltr'>noluit,</span> <span class='ocrx_word' id='word_1_262' title='bbox 837 4308 1003 4387; x_wconf 58' lang='grc' dir='ltr'>»χαλεπὸν</span> <span class='ocrx_word' id='word_1_263' title='bbox 1025 4308 1089 4385; x_wconf 76' lang='grc' dir='ltr'>γὰρ</span> <span class='ocrx_word' id='word_1_264' title='bbox 1113 4303 1188 4371; x_wconf 76' lang='grc' dir='ltr'><strong><em>εἶναι</em></strong></span> <span class='ocrx_word' id='word_1_265' title='bbox 1213 4309 1383 4383; x_wconf 73' lang='grc' dir='ltr'>νομοθετεῖν</span> <span class='ocrx_word' id='word_1_266' title='bbox 1407 4305 1499 4377; x_wconf 78' lang='grc' dir='ltr'>οὕτως</span> <span class='ocrx_word' id='word_1_267' title='bbox 1525 4306 1741 4388; x_wconf 78' lang='grc' dir='ltr'>εὖτυχοῡσιν”.</span> <span class='ocrx_word' id='word_1_268' title='bbox 1779 4311 1883 4373; x_wconf 75' lang='lat' dir='ltr'>haeer-</span> 
     </span>
     <span class='ocr_line' id='line_1_34' title="bbox 681 4413 1884 4497; baseline 0.003 -22"><span class='ocrx_word' id='word_1_269' title='bbox 681 4414 798 4497; x_wconf 79' lang='lat' dir='ltr'>pitiwnr</span> <span class='ocrx_word' id='word_1_270' title='bbox 829 4420 956 4490; x_wconf 85' lang='lat' dir='ltr'>autem,</span> <span class='ocrx_word' id='word_1_271' title='bbox 981 4413 1173 4477; x_wconf 86' lang='lat' dir='ltr'>divitiarum</span> <span class='ocrx_word' id='word_1_272' title='bbox 1197 4414 1266 4478; x_wconf 83' lang='lat' dir='ltr'>fons</span> <span class='ocrx_word' id='word_1_273' title='bbox 1292 4418 1368 4476; x_wconf 90' lang='grc' dir='ltr'>ωηο</span> <span class='ocrx_word' id='word_1_274' title='bbox 1394 4416 1547 4496; x_wconf 88' lang='lat' dir='ltr'>temporis</span> <span class='ocrx_word' id='word_1_275' title='bbox 1570 4413 1795 4491; x_wconf 87' lang='lat' dir='ltr'>inexhaustus,</span> <span class='ocrx_word' id='word_1_276' title='bbox 1820 4434 1884 4479; x_wconf 88' lang='lat' dir='ltr'>me·</span> 
     </span>
     <span class='ocr_line' id='line_1_35' title="bbox 686 4517 1881 4605; baseline 0.001 -23"><span class='ocrx_word' id='word_1_277' title='bbox 686 4518 753 4583; x_wconf 90' lang='lat' dir='ltr'>lius</span> <span class='ocrx_word' id='word_1_278' title='bbox 773 4539 870 4602; x_wconf 93' lang='lat' dir='ltr'>quam</span> <span class='ocrx_word' id='word_1_279' title='bbox 889 4526 993 4582; x_wconf 90' lang='lat' dir='ltr'>cetere</span> <span class='ocrx_word' id='word_1_280' title='bbox 1013 4539 1094 4603; x_wconf 92' lang='lat' dir='ltr'>quae</span> <span class='ocrx_word' id='word_1_281' title='bbox 1112 4517 1216 4603; x_wconf 85' lang='lat' dir='ltr'>Libya</span> <span class='ocrx_word' id='word_1_282' title='bbox 1228 4517 1349 4581; x_wconf 83' lang='lat' dir='ltr'>ferebat</span> <span class='ocrx_word' id='word_1_283' title='bbox 1362 4518 1611 4582; x_wconf 87' lang='lat' dir='ltr'>Atheniensibus</span> <span class='ocrx_word' id='word_1_284' title='bbox 1624 4524 1691 4583; x_wconf 88' lang='lat' dir='ltr'>erat</span> <span class='ocrx_word' id='word_1_285' title='bbox 1704 4522 1881 4605; x_wconf 91' lang='lat' dir='ltr'>cognitum,</span> 
     </span>
     <span class='ocr_line' id='line_1_36' title="bbox 686 4621 1882 4708; baseline 0 -21"><span class='ocrx_word' id='word_1_286' title='bbox 686 4626 807 4708; x_wconf 91' lang='lat' dir='ltr'>quippe</span> <span class='ocrx_word' id='word_1_287' title='bbox 830 4627 922 4688; x_wconf 90' lang='lat' dir='ltr'>euius</span> <span class='ocrx_word' id='word_1_288' title='bbox 946 4625 1152 4708; x_wconf 90' lang='lat' dir='ltr'>quotidianus</span> <span class='ocrx_word' id='word_1_289' title='bbox 1176 4624 1240 4688; x_wconf 86' lang='lat' dir='ltr'>fere</span> <span class='ocrx_word' id='word_1_290' title='bbox 1264 4625 1298 4685; x_wconf 93' lang='lat' dir='ltr'>in</span> <span class='ocrx_word' id='word_1_291' title='bbox 1317 4621 1425 4687; x_wconf 91' lang='lat' dir='ltr'>culina</span> <span class='ocrx_word' id='word_1_292' title='bbox 1446 4630 1529 4687; x_wconf 89' lang='lat' dir='ltr'>esset</span> <span class='ocrx_word' id='word_1_293' title='bbox 1548 4645 1635 4688; x_wconf 91' lang='lat' dir='ltr'>usus.</span> <span class='ocrx_word' id='word_1_294' title='bbox 1660 4624 1752 4689; x_wconf 89' lang='lat' dir='ltr'>Nunc</span> <span class='ocrx_word' id='word_1_295' title='bbox 1772 4631 1882 4689; x_wconf 88' lang='lat' dir='ltr'>autem</span> 
     </span>
     <span class='ocr_line' id='line_1_37' title="bbox 686 4729 1882 4817; baseline -0.002 -22"><span class='ocrx_word' id='word_1_296' title='bbox 686 4751 759 4796; x_wconf 87' lang='lat' dir='ltr'>eam</span> <span class='ocrx_word' id='word_1_297' title='bbox 777 4732 982 4814; x_wconf 86' lang='lat' dir='ltr'>potissimum</span> <span class='ocrx_word' id='word_1_298' title='bbox 1003 4730 1042 4794; x_wconf 90' lang='lat' dir='ltr'>ob</span> <span class='ocrx_word' id='word_1_299' title='bbox 1062 4750 1190 4794; x_wconf 89' lang='lat' dir='ltr'>causam</span> <span class='ocrx_word' id='word_1_300' title='bbox 1212 4735 1493 4805; x_wconf 88' lang='lat' dir='ltr'>commemoratur,</span> <span class='ocrx_word' id='word_1_301' title='bbox 1515 4731 1600 4814; x_wconf 88' lang='lat' dir='ltr'>quod</span> <span class='ocrx_word' id='word_1_302' title='bbox 1618 4732 1703 4794; x_wconf 79' lang='lat' dir='ltr'>acrei</span> <span class='ocrx_word' id='word_1_303' title='bbox 1715 4729 1882 4817; x_wconf 79' lang='lat' dir='ltr'>Cyrenaici</span> 
     </span>
     <span class='ocr_line' id='line_1_38' title="bbox 682 4834 1883 4921; baseline 0 -20"><span class='ocrx_word' id='word_1_304' title='bbox 682 4840 717 4901; x_wconf 89' lang='lat' dir='ltr'>in</span> <span class='ocrx_word' id='word_1_305' title='bbox 743 4834 843 4901; x_wconf 88' lang='lat' dir='ltr'>altera</span> <span class='ocrx_word' id='word_1_306' title='bbox 867 4842 956 4921; x_wconf 87' lang='lat' dir='ltr'>parte</span> <span class='ocrx_word' id='word_1_307' title='bbox 979 4834 1105 4900; x_wconf 89' lang='lat' dir='ltr'>caulem</span> <span class='ocrx_word' id='word_1_308' title='bbox 1128 4834 1286 4920; x_wconf 88' lang='lat' dir='ltr'>laserpitii</span> <span class='ocrx_word' id='word_1_309' title='bbox 1312 4834 1534 4899; x_wconf 88' lang='lat' dir='ltr'>ostendebant.</span> <span class='ocrx_word' id='word_1_310' title='bbox 1561 4834 1755 4901; x_wconf 80' lang='lat' dir='ltr'>Conferenda</span> <span class='ocrx_word' id='word_1_311' title='bbox 1779 4838 1883 4921; x_wconf 92' lang='lat' dir='ltr'>igitur</span> 
     </span>
     <span class='ocr_line' id='line_1_39' title="bbox 686 4940 1882 5027; baseline -0.001 -19"><span class='ocrx_word' id='word_1_312' title='bbox 686 4954 737 5008; x_wconf 88' lang='lat' dir='ltr'>est</span> <span class='ocrx_word' id='word_1_313' title='bbox 759 4943 836 5007; x_wconf 88' lang='lat' dir='ltr'>haec</span> <span class='ocrx_word' id='word_1_314' title='bbox 859 4943 978 5007; x_wconf 91' lang='lat' dir='ltr'>locutio</span> <span class='ocrx_word' id='word_1_315' title='bbox 1003 4964 1076 5006; x_wconf 91' lang='lat' dir='ltr'>cum</span> <span class='ocrx_word' id='word_1_316' title='bbox 1104 4942 1323 5027; x_wconf 83' lang='lat' dir='ltr'>„sagittariis”</span> <span class='ocrx_word' id='word_1_317' title='bbox 1350 4941 1485 5006; x_wconf 89' lang='lat' dir='ltr'>Persicis</span> <span class='ocrx_word' id='word_1_318' title='bbox 1510 4948 1542 5006; x_wconf 93' lang='lat' dir='ltr'>et</span> <span class='ocrx_word' id='word_1_319' title='bbox 1566 4940 1732 5017; x_wconf 80' lang='lat' dir='ltr'>„noctuis”</span> <span class='ocrx_word' id='word_1_320' title='bbox 1764 4940 1882 5007; x_wconf 87' lang='lat' dir='ltr'>Laure-</span> 
     </span>
    </p>
   </div>
   <div class='ocr_carea' id='block_1_3' title="bbox 0 0 2568 6150">
    <p class='ocr_par' dir='ltr' id='par_1_5' title="bbox 0 0 2568 6150">
     <span class='ocr_line' id='line_1_40' title="bbox 0 0 2568 6150; baseline 0 0"><span class='ocrx_word' id='word_1_321' title='bbox 0 0 2568 6150; x_wconf 95' lang='lat' dir='ltr'> </span> 
     </span>
    </p>
   </div>
  </div>
 </body>
</html>
