5125 6150
941 1402 1233 1494 1111111111
1262 1406 1411 1497 touls
1440 1408 1822 1500 INTERPOLATIS

873 1555 928 1646 IN
967 1557 1267 1650 EVANGELIO
1304 1560 1594 1651 SECUNDUM
1629 1562 1875 1654 MARCUM.

1309 1794 1434 1836 scelests

1188 1977 1212 2041 l.
1238 1973 1273 2043 Ο.
1300 1974 1562 2044 VOLLGRAFF.

1261 2265 1475 2307 -οοὲοΦν-

828 2529 960 2594 Ultimis
997 2532 1163 2594 morientis
1198 2530 1317 2595 saeculi
1352 2531 1464 2595 diebus
1498 2529 1654 2614 quidquid
1689 2533 1782 2593 vacui
1818 2534 1972 2616 temporis

781 2658 966 2702 eoncessum
992 2637 1052 2699 suit
1077 2646 1183 2700 totum
1207 2636 1271 2701 fere
1295 2637 1368 2701 dedi
1391 2637 1460 2699 [οη
1483 2636 1597 2697 Christi
1616 2635 1740 2698 Domini
1760 2635 1868 2701 ll'ootn'
1886 2637 1972 2700 ai'ooo

788 2744 968 2805 testamento
988 2764 1103 2821 praece,
1127 2745 1159 2805 in
1184 2762 1248 2825 quo
1271 2742 1311 2806 ed
1334 2744 1575 2826 antiquissimos
1598 2748 1696 2804 testes
1718 2742 1971 2826 recognoscendo

781 2846 953 2934 perutilem
994 2846 1079 2912 haud
1118 2850 1163 2911 ite
1201 2847 1326 2931 pridem
1361 2868 1489 2932 operam
1525 2848 1633 2931 posuit
1668 2845 1829 2931 popularis
1864 2857 1972 2911 noster

781 2954 915 3017 Banort.
943 2952 1030 3016 lnter
1047 2951 1219 3038 legendum
1239 2964 1349 3017 autem
1363 2951 1530 3037 —quidni
1551 2948 1672 3015 fatear?
1685 2988 1728 2998 -
1741 2954 1869 3015 animus
1888 2953 1969 3016 hane

780 3070 965 3143 temporum
983 3060 1150 3122 tristitiam
1170 3064 1321 3144 reputans
1339 3080 1414 3123 cum
1433 3057 1506 3123 aliis
1518 3056 1596 3122 locis
1608 3056 1826 3142 compluribus
1837 3061 1971 3143 gravius

780 3166 1040 3230 commovebatur
1063 3175 1133 3228 tum
1158 3168 1326 3249 praecipue
1349 3168 1540 3229 immoratus
1562 3161 1639 3226 Luc.
1659 3162 1740 3226 xlx
1754 3181 1761 3225 :
1775 3164 1815 3227 41
1830 3185 1894 3247 seq.
1915 3165 1972 3228 ubi

781 3268 985 3334 dulcissimus
1009 3269 1115 3346 lesus,
1146 3269 1315 3333 hominum
1340 3268 1500 3345 Servator,
1524 3271 1635 3352 paucis
1658 3267 1770 3331 diebus
1793 3276 1866 3332 ante
1890 3289 1973 3332 mor-

782 3383 847 3440 tem
872 3385 996 3439 sanctae
1021 3376 1092 3439 urbi
1117 3378 1248 3459 eiusque
1273 3379 1410 3460 peccatis
1433 3374 1677 3439 illacrimavisse
1699 3378 1848 3438 narratur
1870 3374 1972 3438 excla-

781 3501 888 3545 mans:
923 3484 971 3556 „si
995 3480 1047 3544 vel
1072 3501 1180 3545 nosses
1202 3480 1262 3545 hoc
1286 3479 1401 3544 saltem
1422 3487 1479 3543 tuo
1502 3481 1553 3543 die
1577 3500 1657 3563 quae
1681 3479 1720 3542 ad
1743 3499 1854 3563 pacem
1878 3487 1969 3543 tuam

779 3589 955 3671 pertinent:
993 3586 1046 3649 sed
1080 3607 1116 3650 ee
1151 3607 1234 3650 nunc
1270 3585 1395 3650 occult-a
1430 3593 1504 3649 sunt
1541 3584 1642 3650 oculis
1673 3585 1771 3649 tuis''.
1803 3583 1853 3648 Ita
1883 3587 1970 3649 enim

781 3712 909 3755 mecum
944 3694 1012 3774 ipse
1045 3692 1245 3777 cogitabam:
1282 3692 1331 3756 fac
1365 3691 1486 3754 Filium
1517 3691 1658 3754 hominis
1689 3697 1737 3754 tot
1767 3689 1969 3756 saeculorum

780 3794 949 3860 intervallo
976 3807 1104 3879 repente
1125 3796 1282 3861 divinitus
1306 3818 1323 3861 e
1346 3795 1435 3860 coelo
1460 3800 1492 3859 in
1516 3796 1596 3860 hano
1620 3793 1738 3860 vallem
1761 3795 1969 3861 lacrimarum

779 3902 919 3967 rediisse.
953 3900 1034 3980 Quid
1066 3899 1195 3966 censes?
1227 3924 1306 3966 num
1337 3901 1469 3966 laetiore
1500 3900 1597 3966 vultu
1630 3920 1727 3985 quam
1758 3900 1835 3965 olim
1857 3902 1970 3966 inclita

779 4007 1004 4093 Hierosolyma
1027 4007 1113 4071 hunc
1135 4010 1289 4071 miserum
1310 4008 1418 4072 orbem
1439 4007 1650 4071 christianum
1671 4005 1846 4090 aspiceret?
1870 4006 1971 4072 Disci-

778 4113 871 4198 pulos
902 4116 1020 4197 quique
1052 4112 1184 4197 posthae
1212 4133 1268 4197 per
1291 4112 1366 4177 illos
1389 4115 1421 4176 in
1442 4134 1476 4176 se
1499 4112 1652 4177 credituri
1675 4123 1780 4176 essent
1802 4117 1970 4178 universos

777 4219 952 4283 identidem
976 4218 1160 4283 cohortatus
1183 4227 1252 4282 erat
1276 4227 1314 4283 ut
1337 4223 1452 4304 spretis
1476 4218 1582 4302 gloria
1605 4221 1747 4302 potentia
1768 4217 1893 4282 divitiis
1912 4235 1972 4283 ter-

778 4325 931 4388 restribus
952 4328 1044 4388 unice
1057 4333 1243 4408 quaererent
1258 4345 1394 4409 regnum
1408 4324 1469 4388 Dei
1480 4327 1612 4408 eiusque
1623 4326 1793 4387 iustitiam.
1814 4323 1969 4389 Omnium

778 4433 959 4511 temporum
992 4433 1137 4495 omnium
1161 4433 1327 4494 nationum
1351 4430 1536 4494 hominibus
1559 4436 1672 4513 utpote
1694 4431 1866 4493 carissimis
1890 4433 1971 4495 eius-

779 4532 851 4597 dem
876 4531 1029 4599 Coelestis
1053 4535 1157 4599 Patris
1182 4534 1256 4599 tiliis
1277 4536 1336 4599 hoc
1358 4538 1520 4620 imprimis
1543 4543 1744 4618 praeceperat
1762 4547 1800 4598 ut
1822 4556 1881 4612 „ex
1902 4543 1970 4600 toto

779 4637 882 4714 corde,
908 4660 946 4702 er
972 4647 1039 4703 tota
1062 4643 1183 4714 anima,
1209 4661 1248 4704 ex
1272 4648 1339 4704 tota
1361 4639 1577 4726 cogitatione’'
1601 4639 1706 4704 Deum
1729 4638 1843 4717 illum,
1867 4645 1972 4726 proxi-

779 4764 847 4807 mos
871 4765 944 4808 suos
968 4755 1076 4808 autem
1100 4746 1238 4811 fraterno
1259 4766 1368 4811 amore
1392 4755 1428 4811 ut
1452 4754 1552 4810 semet
1576 4749 1661 4829 ipsos
1686 4745 1865 4832 diligerent.
1898 4747 1970 4831 lpse

778 4848 939 4934 exemplar
958 4848 1128 4934 reliquerat
1149 4857 1207 4928 „ut
1226 4854 1363 4936 vestigia
1380 4872 1437 4916 sua
1449 4851 1749 4936 subsequerentur”.
1770 4851 1853 4932 Quid
1865 4855 1969 4938 igitur
