5125 6150
796 834 861 900 360
1309 854 1463 901 cmnron.

794 1026 865 1082 tum
894 1020 1097 1083 notissimum
1127 1034 1271 1082 accurate
1302 1018 1428 1097 reddat,
1463 1022 1542 1105 ipsis
1573 1019 1704 1105 Ephesii
1734 1020 1839 1087 verbis
1872 1020 1973 1085 relata

794 1148 856 1191 non
886 1135 950 1204 est;
982 1126 1085 1192 multo
1113 1128 1199 1190 euim
1229 1127 1332 1191 fusius
1362 1129 1395 1190 in
1426 1147 1462 1191 ea
1484 1130 1627 1211 exposita
1650 1129 1756 1192 onmia
1778 1134 1852 1192 sunt
1875 1148 1974 1211 quam

793 1233 1013 1299 consuetudini
1036 1238 1088 1298 τοῦ
1110 1237 1261 1297 σκοτεινοῦ
1286 1236 1442 1297 convenit.
1475 1231 1536 1297 Sed
1560 1232 1750 1298 Heracliteis
1772 1231 1838 1297 illis
1860 1234 1975 1298 haecce

793 1341 1049 1426 subiunguntur:
1084 1340 1148 1416 „iri
1180 1341 1231 1404 καί
1264 1338 1403 1417 μοιρίδιον
1436 1337 1525 1417 χρέος
1548 1334 1626 1403 είναι
1648 1340 1780 1415 λέγεται
1803 1340 1837 1404 πδ
1860 1338 1913 1419 ζῆν
1935 1342 1975 1411 ὥς

793 1448 1049 1523 ἀποδοθησόμενον
1073 1444 1086 1510 δ
1112 1446 1303 1511 εδοινείσαντο
1329 1448 1354 1510 οί
1378 1445 1598 1524 προπάτορες”.
1622 1445 1785 1512 Sententia
1807 1449 1976 1513 notissima

794 1560 826 1619 et
860 1554 925 1618 fere
959 1556 1138 1618 communis
1169 1551 1430 1619 consolationum
1461 1552 1684 1637 scriptoribus,
1716 1574 1795 1637 quae
1825 1561 1858 1618 et
1886 1553 1976 1639 apud

793 1657 976 1727 Ciceronem
1003 1658 1102 1736 redit,
1126 1658 1235 1724 eadem
1258 1661 1400 1744 imagine
1422 1657 1581 1735 adhibita,
1605 1657 1698 1723 Tusc.
1722 1657 1747 1722 Ι.
1773 1658 1814 1724 93
1839 1665 1977 1736 ,natura

794 1765 881 1831 dedit
913 1786 1043 1830 usuram
1075 1768 1160 1831 vitae
1192 1774 1357 1850 tamquam
1390 1769 1541 1850 pecuniae
1564 1763 1654 1829 nulla
1676 1768 1866 1851 praestituta
1889 1765 1975 1843 die’',

794 1879 826 1937 et
859 1872 944 1958 apud
976 1871 1161 1936 Lucretium
1196 1870 1252 1936 III.
1286 1870 1351 1935 984
1389 1874 1538 1955 „vitaque
1569 1874 1727 1956 mancipio
1757 1872 1839 1937 nulli
1869 1871 1976 1951 datur,

794 1978 941 2043 omnibus
967 1979 1060 2055 usu'¹,
1093 1985 1125 2042 et
1156 1981 1189 2042 in
1219 1977 1278 2042 hac
1309 1977 1420 2042 eadem
1443 1976 1664 2044 Consolatione
1692 2000 1719 2044 c.
1743 1977 1882 2043 XXVIII
1905 1978 1977 2044 loco

792 2088 923 2171 aptiore.
954 2083 1045 2149 Nulli
1076 2091 1185 2149 autem
1216 2086 1324 2148 minus
1354 2093 1426 2169 apte
1458 2106 1553 2170 quam
1584 2084 1729 2151 Crantori
1752 2085 1832 2150 hanc
1853 2086 1978 2150 tribuas

793 2194 994 2257 sententiam.
1026 2190 1057 2255 Is
1087 2194 1142 2276 qui
1173 2194 1357 2276 scripserat:
1385 2199 1532 2268 ηπολλοίς
1556 2192 1608 2256 καί
1632 2200 1738 2272 σοφοῖς
1761 2191 1916 2271 σίνδροίσιν,
1940 2194 1976 2256 οὐ

795 2302 846 2361 νῦν
868 2298 956 2361 ἄλλοί
981 2297 1081 2360 πάλαι
1102 2298 1273 2362 κέκλασται
1294 2298 1482 2376 τοίνθριίπινα
1506 2297 1705 2376 τιμωρίαν
1728 2297 1904 2376 ἡγουμένοις
1924 2298 1978 2361 τὸν

794 2403 894 2480 elac,
921 2424 1052 2488 eamque
1082 2406 1294 2489 antiquiorem
1318 2407 1500 2490 opinionem
1523 2426 1584 2469 non
1608 2407 1806 2491 oppugnarit
1829 2403 1881 2468 sed
1907 2402 1978 2468 Pla-

794 2512 907 2575 tonicis
929 2512 1128 2594 argumentis
1151 2509 1310 2588 firmarit,
1334 2510 1419 2574 idem
1443 2510 1574 2575 eandem
1598 2513 1701 2575 vitam
1725 2511 1862 2589 μοιρίδιον
1885 2509 1976 2591 χρέος

795 2615 897 2681 dicere
920 2619 1049 2680 omnino
1072 2637 1133 2680 non
1157 2619 1274 2702 potuit.

842 2722 950 2809 Neque
982 2745 1054 2788 vero
1086 2721 1264 2799 Crantoris,
1296 2724 1351 2788 sed
1381 2723 1559 2788 Stoicorum
1582 2728 1737 2810 sapientia
1760 2727 1863 2809 capite
1892 2723 1977 2788 Xet

796 2829 842 2894 XI
872 2830 973 2894 denuo
1005 2829 1149 2894 traditur.
1180 2831 1263 2915 Apte
1286 2833 1371 2895 enim
1395 2851 1469 2895 cum
1493 2830 1649 2895 Heracliti
1672 2833 1827 2895 sententia
1849 2828 1978 2894 Stoicus

798 2937 942 3020 quisquis
973 2935 1035 2999 fuit
1063 2938 1197 3019 scriptor
1227 2935 1402 3000 doctrinam
1426 2936 1464 3000 de
1486 2934 1654 3002 elementis
1677 2938 1851 3001 coniunxit.
1876 2935 1977 3000 Hera-

795 3041 891 3109 clitus
920 3041 1086 3107 docuerat:
1119 3045 1157 3120 „i
1188 3041 1283 3122 Φύσις
1314 3043 1347 3107 ίιι
1377 3049 1433 3114 τῆς
1464 3043 1560 3118 αὐτῆς
1593 3040 1668 3118 ὕλης
1700 3043 1802 3108 ποίλοιι
1824 3042 1881 3121 μέν
1904 3042 1975 3113 τοὺς

793 3150 954 3229 προγόνους
987 3153 1069 3225 ἡμῶν
1100 3148 1243 3231 ἀνέσχεν,
1267 3147 1337 3215 alra
1360 3160 1501 3230 συνεχεῖς
1526 3152 1630 3224 αὐτοῖς
1654 3149 1796 3227 ἐγέννησε
1820 3151 1889 3221 τοὺς
1912 3174 1974 3211 πα-

793 3257 901 3333 τέρας,
933 3251 1001 3320 εἶτα
1032 3259 1131 3333 ίιμοῖς,
1163 3252 1219 3319 είτ·
1251 3255 1365 3328 ἄλλους
1398 3258 1445 3320 ἐπ’
1477 3256 1585 3327 ἄλλοις
1609 3256 1849 3331 οίναιιιιιιλιίσει”.
1880 3257 1972 3320 Hanc

793 3361 949 3427 Heracliti
988 3361 1162 3426 doctrinam
1194 3401 1236 3413 -
1268 3362 1382 3428 Stoicis
1417 3364 1523 3429 verbis
1558 3363 1690 3429 relatam
1722 3402 1763 3413 —
1795 3386 1868 3430 cum
1904 3367 1971 3428 suis

795 3468 1000 3548 „elementis”
1037 3467 1185 3533 conciliat
1213 3468 1339 3533 Stoicus
1370 3473 1504 3555 scriptor
1534 3492 1607 3535 cum
1639 3473 1684 3535 ita
1714 3474 1837 3556 pergit:
1873 3469 1908 3533 τδ
1940 3469 1971 3533 δὲ

794 3574 917 3654 σπέρμα
939 3622 1035 3640 .....
1055 3580 1164 3654 ψυχῆς
1183 3576 1271 3653 μέρος
1292 3576 1343 3641 καί
1367 3575 1627 3653 ἀπόσπασμα
1650 3577 1701 3642 καί
1722 3583 1775 3642 τοῦ
1794 3577 1970 3654 σπέρματος

794 3687 845 3747 τοῦ
877 3688 933 3744 τῶν
964 3681 1145 3759 προγόνων”,
1176 3703 1307 3767 remque
1340 3682 1515 3749 illustravit
1545 3687 1687 3770 imagine
1718 3690 1771 3749 τοῦ
1797 3685 1969 3760 δανεισμοῦ.

793 3788 862 3853 Non
882 3788 1051 3852 fortuitum
1071 3787 1151 3850 mihi
1172 3788 1300 3853 videtur
1318 3789 1401 3873 quod
1421 3792 1496 3854 haec
1515 3793 1682 3854 coniuncta
1701 3811 1824 3875 quoque
1836 3791 1971 3855 redeunt

793 3894 877 3979 apud
896 3893 1080 3971 Philonem,
1106 3894 1252 3959 sedulum
1276 3895 1457 3960 Stoicorum
1480 3896 1690 3982 discipulum,
1715 3899 1771 3981 qui
1792 3900 1838 3961 ita
1860 3897 1972 3962 scribit

793 4002 843 4078 (dc
859 4007 939 4082 pout.
967 4002 1048 4064 Cain.
1075 3999 1197 4064 Wendl.
1222 4000 1262 4065 H.
1287 4001 1322 4082 2)
1345 4001 1450 4067 ποίντα
1469 4002 1532 4083 γὰρ
1553 3999 1590 4067 ὧν
1609 4004 1727 4082 γένεσίς
1747 4004 1828 4068 ἐστιν
1846 4004 1969 4083 οὐρανοῦ

794 4105 904 4177 ιινιιλθς
939 4106 1020 4177 έντθς
1055 4107 1163 4171 ἑαυτοῦ
1200 4107 1339 4189 κατέχει.
1377 4110 1428 4173 καί
1460 4110 1523 4188 γὰρ
1554 4112 1587 4175 ai
1618 4117 1675 4174 cciv
1707 4110 1971 4184 τετελεντιιιιθτιον

794 4212 1100 4293 ὶναστοιχειοιίμεναι
1131 4223 1232 4292 μοι’ραι
1264 4215 1359 4279 τοίλιν
1391 4217 1433 4287 είς
1465 4217 1523 4288 τίις
1555 4222 1606 4281 τοῦ
1631 4216 1745 4288 παντὸς
1771 4216 1913 4293 διινοίμεις
1939 4216 1975 4295 ἐξ

795 4319 832 4385 ὧν
862 4320 1049 4394 συνέστησαν
1080 4320 1290 4399 ἀποκρίνονται
1321 4327 1374 4386 τοῦ
1399 4323 1599 4393 δανεισθέιτος
1623 4324 1742 4405 έκοίστιρ
1766 4324 1972 4400 δανείσματος

795 4429 900 4491 κατὰ
925 4427 1173 4506 προθεσμίας
1199 4429 1363 4499 σίνίσοιις
1389 4429 1603 4506 οίιτοδιδομένοιι
1626 4440 1662 4512 τῇ
1687 4431 1894 4512 συμβαλοιίσν
1913 4432 1975 4510 <Di-

795 4557 840 4597 σει
874 4535 965 4599 θτθτε
999 4535 1159 4610 βουληθείη
1195 4535 1236 4598 τοὶ
1272 4536 1382 4606 ἑαυτῆς
1417 4536 1497 4616 χρέα
1533 4534 1705 4616 κομίζεσθαι
1738 4538 1790 4617 (cf.
1823 4536 1973 4622 ps.·Plut.

795 4661 884 4705 conv.
918 4663 943 4704 c.
975 4640 1021 4705 XI
1051 4642 1104 4714 τίρν
1135 4640 1229 4720 φύσιν
1255 4689 1351 4707 .....
1376 4641 1487 4716 ἄδηλον
1517 4649 1641 4715 ποιῆσαι
1673 4645 1726 4718 τὴν
1757 4649 1809 4708 τοῦ
1841 4643 1974 4709 θανοίτοιι

795 4747 1002 4826 προθεσμίαν).
1027 4746 1128 4812 Sicuti
1151 4752 1259 4813 autem
1283 4752 1386 4832 capite
1409 4749 1450 4826 X,
1473 4752 1519 4814 ita
1542 4752 1647 4814 ubivis
1666 4750 1787 4815 Stolone
1807 4749 1972 4829 dictiones,

795 4859 984 4937 argumenta
1017 4853 1163 4939 exempla
1191 4857 1224 4917 in
1247 4851 1467 4920 Consolatione
1499 4856 1722 4939 deprehendas.
1761 4856 1843 4935 Quin
1875 4860 1973 4923 etiam

795 4979 867 5021 cum
890 4959 1030 5024 Platonis
1050 4961 1138 5025 affert
1157 4963 1343 5045 sapientiam
1364 4962 1478 5027 Stoicis
1500 4966 1611 5047 incipit
1630 4965 1735 5027 verbis
1756 4985 1825 5028 eam
1845 4964 1972 5041 reterre,
