5125 6150
685 834 751 920 356
1053 851 1097 898 au
1121 851 1352 901 rnrsroruams
1376 853 1512 901 ruuruu.

606 1061 610 1070 .
682 1015 815 1091 circaeo,
851 1014 1024 1091 ἄπληστοι,
1059 1014 1200 1093 orizae,
1233 1022 1421 1096 καταφερεῖς
1455 1021 1646 1083 contemtim
1679 1020 1878 1084 vocabantur

683 1121 824 1197 μινιρται.
851 1121 961 1206 ltaque
981 1121 1090 1183 ιιιιινιὶε
1110 1123 1266 1185 mercedem
1287 1122 1389 1188 dicere
1408 1122 1537 1189 ridetur
1555 1145 1650 1202 anus,
1674 1127 1782 1191 inrita
1803 1147 1878 1191 sane

611 1289 615 1297 .
682 1237 715 1294 et
738 1227 820 1293 nihil
844 1227 1001 1294 eiusmodi
1024 1231 1192 1313 suspicata.

728 1333 849 1419 Operae
872 1334 1002 1400 ridetur
1025 1337 1166 1418 pretium
1189 1337 1222 1397 in
1246 1338 1382 1399 transitu
1404 1336 1603 1414 observasse,
1623 1319 1722 1401 etiam
1744 1335 1826 1401 alibi
1843 1338 1877 1401 in

683 1440 741 1504 hac
773 1438 880 1504 fabula
910 1438 1101 1524 particulam
1135 1436 1224 1504 ἕνεκα
1255 1438 1388 1505 liberius
1420 1440 1596 1506 adhibitam
1621 1463 1706 1519 esse,
1731 1444 1877 1527 itemque

683 1547 733 1609 διαὶ
763 1547 1048 1630 praepositionem,
1076 1547 1123 1609 ita
1151 1549 1188 1609 ut
1219 1543 1293 1629 plus
1324 1567 1388 1612 uno
1419 1546 1488 1612 loco
1520 1547 1657 1613 dubium
1687 1549 1732 1612 ait·
1762 1553 1875 1613 utrum

685 1653 895 1736 prospiciatur
918 1672 957 1716 ao
982 1653 1181 1736 respiciatur,
1205 1672 1341 1717 causaue
1364 1653 1523 1718 indicetur
1546 1675 1585 1718 an
1610 1652 1796 1720 consilium.

728 1869 781 1935 Vs.
805 1868 902 1934 1004.
927 1869 987 1932 Nil
1005 1870 1110 1931 mirum
1131 1907 1172 1918 -
1195 1867 1390 1956 Chrsmylus
1410 1872 1455 1936 ait
1476 1908 1518 1919 -
1539 1871 1634 1934 olium
1653 1871 1878 1935 concurrimus

684 2000 745 2041 eece
767 1976 870 2039 iuveni
893 1997 979 2059 quo-m
1004 1976 1147 2038 antchac:

864 2080 975 2145 ἔπειτα
997 2082 1135 2145 πλουτῶν
1160 2081 1256 2145 οὐκέθ’
1283 2078 1386 2155 ι’ἱδεται
1411 2087 1511 2164 φακῇ.

683 2189 720 2254 Ιιι
755 2188 814 2253 hoo
846 2208 939 2252 versu
976 2186 1052 2271 quid
1088 2191 1251 2271 tantopere
1287 2186 1453 2271 displiceat
1489 2194 1525 2252 ut
1555 2191 1653 2254 variis
1683 2191 1878 2255 coniecturis

686 2292 857 2359 tentandus
888 2292 1039 2358 rideatur
1069 2329 1110 2340 -
1145 2294 1306 2376 proposita
1337 2294 1423 2356 euim
1454 2298 1530 2358 sunt
1560 2294 1629 2358 ἐπεί
1659 2301 1877 2372 reserveris,

683 2401 749 2464 ε’νιεὶ
774 2399 964 2481 ζαπλιιιεῶι,
998 2397 1057 2462 νυνὶ
1081 2398 1112 2463 δὲ
1134 2402 1273 2462 πλουτῶν
1299 2434 1339 2447 -
1364 2419 1427 2463 non
1450 2401 1528 2464 satis
1551 2402 1726 2485 perspicio:
1750 2401 1787 2466 id
1813 2423 1879 2487 per·

684 2510 804 2592 spicere
828 2505 909 2568 mihi
932 2503 1052 2581 videor,
1076 2523 1190 2568 sanum
1215 2523 1292 2568 esse.

730 2609 893 2676 Naturalis
914 2611 1083 2675 verborum
1104 2608 1180 2673 ordo
1200 2609 1252 2673 hic
1272 2613 1336 2673 est:
1358 2616 1498 2675 πλουτῶν
1516 2608 1624 2676 ἔπειτα
1645 2611 1746 2676 οὐκέτι
1771 2610 1877 2685 ἥδεται

685 2725 792 2798 φακῇ,
828 2719 862 2780 in
898 2716 1014 2800 quibus
1048 2714 1189 2779 abundat
1224 2711 1351 2792 ἔπειτα,
1384 2721 1423 2780 ut
1452 2718 1571 2800 passim
1601 2715 1687 2802 apud
1718 2726 1877 2783 nostrum.

684 2824 842 2889 Traiectio
865 2827 975 2886 autem
999 2819 1174 2905 particulae
1198 2822 1332 2885 minima
1356 2821 1512 2886 eiusmodi
1535 2828 1640 2887 estut
1659 2826 1877 2906 suspicionem

684 2934 822 2995 moreat.
847 2927 931 2991 Nam
954 2925 1064 3012 quidni
1086 2930 1121 2990 in
1145 2926 1253 2991 ἔπειτα
1273 2926 1431 3011 particula
1451 2926 1632 2993 collocanda
1651 2928 1765 2994 eadem
1787 2929 1879 2995 liben

685 3022 751 3101 tato
784 3054 861 3098 usus
891 3032 988 3097 fuerit
1019 3035 1159 3098 comicus
1183 3034 1301 3117 quain
1326 3028 1418 3097 elta?
1442 3053 1538 3119 quam
1562 3032 1757 3119 particulam
1783 3038 1878 3121 parti:

685 3145 769 3228 cipio
793 3142 918 3225 saepius
942 3142 988 3203 ita
1012 3142 1197 3224 praemisit,
1222 3160 1249 3204 e.
1262 3161 1295 3225 g.
1320 3142 1353 3204 in
1376 3141 1483 3205 verbis
1506 3139 1715 3226 Strepsiadis:

866 3242 937 3309 εἶτα
961 3247 1003 3323 τῷ
1027 3246 1121 3325 πατρὶ
1144 3249 1149 3329 Ι
1170 3245 1328 3322 πιθόμενος
1353 3246 1530 3325 ἐξάμαρτε,

685 3356 706 3417 i.
728 3374 754 3416 θ.
786 3353 828 3431 τῷ
860 3351 953 3429 πατρὶ
979 3348 1139 3428 πιθόμενος
1163 3356 1215 3430 (=
1238 3352 1291 3415 tete
1316 3352 1387 3429 rrldp
1410 3352 1452 3430 εῷ
1476 3350 1585 3429 πατρί)
1609 3348 1679 3416 εἶτα
1704 3350 1876 3432 ἐξάμαρτε.

685 3456 827 3521 Eandem
859 3463 968 3521 autem
997 3459 1215 3522 traiectionem
1248 3457 1394 3521 admittit
1424 3456 1581 3542 particula
1611 3454 1709 3537 ὅμως,
1735 3481 1764 3523 θ.
1786 3482 1820 3546 g.
1846 3463 1877 3524 in

686 3563 790 3627 verbis
811 3563 964 3626 Isiciarii:

866 3670 942 3731 αλλ’
966 3663 1048 3743 ὅμως
1071 3664 1173 3745 οὗτος,
1199 3673 1331 3740 τοιοῦτος
1357 3668 1395 3731 ὢν
1419 3665 1546 3733 ἅπαντα
1572 3670 1623 3734 τὸν
1645 3667 1723 3747 βίον,

868 3770 940 3855 κᾷτ’
964 3776 1036 3852 ἀνὴρ
1061 3773 1158 3850 ἔδοξεν
1182 3770 1276 3851 εἶναι,

687 3884 709 3945 i.
730 3901 775 3944 θ.;
800 3879 888 3943 ἄλλα
912 3882 1044 3951 τοιοῦτος
1071 3879 1108 3942 ὢν
1131 3876 1212 3956 ὅμως
1316 3877 1413 3956 ἔδοξεν
1438 3875 1525 3945 εἶναι.

631 4071 633 4073 ,
731 3985 916 4050 Necessaria
940 3990 1049 4048 autem
1073 3990 1180 4050 nostro
1204 3984 1272 4050 loco
1297 3992 1343 4049 est
1363 3986 1520 4071 particula
1539 3989 1757 4064 consecutiva,
1781 4010 1878 4072 quarn

688 4094 791 4155 critici
816 4111 979 4155 removere
1003 4093 1148 4155 certatim
1173 4093 1277 4155 conati
1302 4096 1393 4168 sunt,
1419 4089 1528 4155 ἔπειτα
1553 4092 1669 4157 ccinde.
1695 4093 1800 4169 Αἷμον
1824 4094 1876 4158 καὶ

688 4198 799 4277 γραίης
822 4198 954 4277 χαλεπὴ
978 4198 1090 4279 κρίσις,
1114 4203 1151 4260 ut
1175 4196 1213 4259 de
1238 4195 1364 4260 vetulae
1391 4204 1531 4262 amatore
1562 4218 1663 4282 egeno
1694 4198 1816 4264 dicitur
1845 4204 1878 4264 in

688 4303 903 4388 Anthologia3
936 4304 1007 4365 odim
1037 4305 1140 4387 igitur
1171 4308 1276 4366 πεινῶν
1308 4305 1434 4368 iuvenis
1457 4308 1572 4380 noster,
1598 4311 1636 4367 ut
1659 4302 1734 4382 ille,
1761 4305 1879 4387 ηὔχετο

687 4415 795 4489 γραῦν,
827 4408 970 4474 vetulam
1002 4430 1099 4494 quam
1131 4409 1251 4474 famem
1275 4407 1416 4474 malebat
1440 4409 1590 4489 tolerare;
1615 4416 1648 4476 at
1671 4435 1749 4474 ιιιιιιι
1773 4413 1881 4478 sordes

686 4515 761 4581 illas
784 4520 979 4600 aspernatur.

734 4725 787 4789 Vs.
814 4722 901 4790 1082
915 4746 960 4809 sq.

869 4830 929 4894 oet·
953 4827 990 4893 dv
1015 4826 1209 4908 διαλεχθείην
1232 4829 1478 4914 διεσπλεκωμένῃ

868 4936 925 5001 ὑπὸ
950 4933 1060 5014 μυρίων
1086 4935 1159 4999 ε’τιῖιι
1182 4958 1223 5012 γε
1247 4937 1299 5001 καὶ
1325 4937 1512 5017 τρισχιλίων.
