5125 6150
692 850 760 917 290
1038 867 1081 912 an
1104 864 1235 913 mrcnos
1258 866 1527 916 acnmrmnsas.

693 1056 744 1100 no.
768 1032 857 1100 2707
888 1040 919 1098 11
950 1053 1001 1096 1ο.
1027 1030 1127 1108 2708,
1151 1035 1233 1097 circa
1257 1053 1378 1097 annum
1401 1037 1470 1098 sire
1493 1035 1561 1099 240
1583 1039 1652 1100 sire
1677 1036 1743 1102 180
1766 1043 1886 1124 scripto

693 1141 858 1206 mandatos
881 1138 995 1203 titulos
1017 1136 1087 1205 IGS
1113 1140 1129 1202 l
1154 1161 1206 1204 no.
1233 1138 1647 1207 412711ΒΟΗ23.196
1671 1164 1723 1207 no.
1748 1144 1779 1207 5.
1803 1145 1886 1209 Utra

692 1250 780 1332 optio
814 1244 956 1310 facienda
990 1247 1049 1319 sit,
1085 1252 1215 1329 apparet
1250 1266 1290 1308 ex
1324 1246 1560 1324 observatione,
1591 1269 1610 1313 a
1637 1247 1887 1336 Dittsnbergero

694 1355 868 1418 rectissime
899 1350 938 1414 ad
969 1349 1104 1413 titulum
1136 1347 1206 1414 IGS
1232 1350 1248 1413 1
1274 1372 1325 1415 no.
1351 1350 1439 1416 4127
1464 1352 1562 1417 tacta:
1587 1357 1754 1419 annotavit
1777 1359 1885 1433 enim,

694 1459 752 1525 hoc
786 1456 884 1521 titulo
920 1458 1055 1541 triginta
1089 1456 1154 1520 fere
1185 1459 1275 1520 aunis
1305 1459 1514 1523 recentiorem
1544 1478 1612 1522 esse
1641 1462 1885 1545 inscriptionem

693 1564 763 1632 IGS
797 1566 814 1628 1
846 1585 897 1628 no.
930 1560 1029 1637 4148,
1067 1582 1170 1646 ,quae
1200 1563 1405 1646 inscriptio,''
1437 1570 1475 1627 ut
1505 1565 1604 1628 rerba
1633 1566 1703 1629 eius
1734 1564 1884 1643 laudem,

694 1692 791 1749 ,cnm
813 1669 886 1735 aliis
909 1668 948 1732 de
966 1670 1071 1733 causis
1091 1675 1162 1731 tum
1182 1674 1312 1751 propter
1331 1666 1534 1733 denariorum
1554 1673 1750 1735 mentionem
1771 1672 1885 1754 (11.0)

692 1799 774 1844 anno
799 1774 863 1840 146
886 1795 914 1839 a.
940 1772 1015 1840 chr.
1041 1796 1071 1836 n.
1096 1776 1258 1857 antiquior
1281 1795 1344 1837 nou
1367 1781 1414 1838 est
1436 1774 1637 1840 iudicanda.‘’

738 1883 811 1948 Alia
842 1888 935 1956 sunt,
966 1900 1047 1964 quae
1079 1879 1285 1955 confirmant,
1316 1883 1400 1945 circa
1430 1901 1551 1945 annum
1585 1882 1649 1947 180
1677 1886 1793 1949 incisos
1817 1905 1886 1949 esse

691 1989 804 2055 titulos
827 1985 916 2053 BGH
938 1984 993 2050 23.
1009 1984 1072 2050 196
1098 2007 1148 2050 no.
1173 1988 1193 2048 4
1217 1996 1248 2049 et
1274 1986 1305 2048 5.
1330 1984 1453 2050 Iterum
1477 1987 1709 2053 demonstratio
1733 1989 1885 2074 procedat

691 2096 731 2161 ab
755 2092 853 2158 titulo
877 2094 969 2156 cuius
991 2097 1129 2155 aetatem
1155 2098 1299 2154 tenemus
1322 2088 1393 2156 IGS
1419 2092 1435 2154 1
1460 2114 1511 2157 no.
1532 2090 1632 2157 2721.
1656 2093 1731 2159 'liro
1753 2094 1798 2158 ibi
1818 2093 1887 2159 lau-

691 2201 786 2266 datur
810 2198 966 2269 Θιατέλεις
991 2198 1171 2260 Μνασίππου
1195 2202 1256 2275 (rs.
1281 2195 1333 2273 3t;
1358 2201 1415 2282 qui
1437 2197 1635 2275 adolescens,
1656 2207 1826 2285 postquam
1845 2201 1884 2266 de

692 2308 795 2393 patria
815 2305 894 2369 bene
912 2305 1048 2384 meruit,
1070 2302 1198 2377 deiude,
1219 2304 1268 2364 uti
1288 2300 1379 2366 docet
1398 2306 1564 2388 inscriptio
1580 2303 1650 2370 IGS
1664 2304 1681 2369 1
1695 2327 1747 2370 uo.
1761 2305 1882 2392 2714„

691 2413 869 2498 sagittariis
892 2411 1090 2495 praepositus
1114 2415 1162 2472 est
1184 2411 1218 2471 in
1241 2411 1384 2472 exercitu
1408 2410 1702 2494 Acraephiensium.
1734 2412 1883 2476 Aetatem

691 2519 766 2583 binc
800 2515 1026 2601 deprendimus
1061 2513 1151 2578 tituli
1181 2512 1251 2579 IGS
1278 2514 1293 2576 1
1326 2536 1379 2580 no.
1409 2514 1516 2579 2714:
1549 2519 1631 2581 circa
1662 2537 1782 2581 annum
1818 2516 1883 2582 180

692 2629 840 2689 exaratus
870 2629 929 2686 est.
964 2619 1118 2684 Diversus
1148 2619 1187 2683 ab
1218 2620 1278 2683 hoc
1311 2626 1413 2685 aetate
1444 2642 1507 2685 non
1538 2629 1587 2686 est
1617 2621 1735 2687 titulus
1766 2621 1837 2688 IGS
1863 2624 1878 2687 1

691 2751 743 2794 no.
767 2727 875 2792 2715:
907 2728 1061 2791 marmori
1092 2728 1178 2790 enim
1210 2725 1314 2789 eidem
1337 2725 1490 2811 insculpti
1513 2736 1599 2792 suut.
1631 2728 1694 2793 Hic
1718 2728 1883 2815 catalogus

691 2833 941 2909 mutilissimus,
966 2833 1057 2895 cuius
1080 2852 1141 2895 uon
1164 2833 1227 2895 nisi
1250 2834 1460 2917 praescriptio
1483 2841 1644 2917 superest,
1665 2837 1794 2899 uomina
1813 2857 1882 2920 pro

691 2943 762 3026 pria
784 2939 846 3003 duo
869 2937 1014 3015 exhibet,
1040 2936 1114 3000 huic
1138 2936 1356 3020 disquisitioni
1379 2937 1563 3003 utilissima.
1594 2939 1772 3004 Exordium
1795 2944 1882 3005 euim

692 3045 782 3112 tituli
800 3045 859 3111 boc
879 3050 945 3109 est:
971 3042 1149 3120 1,1111111111
1174 3041 1341 3122 ἄρχοντος,
1366 3045 1640 3126 πολεμαρχιέντων
1664 3048 1763 3130 Sede]
1791 3047 1881 3112 etiae

692 3151 893 3231 Ἀρκεσιλάω,
918 3148 1040 3229 Εἵρωνος
1067 3150 1275 3230 Ξενπρτίχ1”,
1300 3155 1358 3213 111.
1384 3149 1568 3215 Lectionum
1588 3151 1755 3217 meliorem
1775 3163 1882 3222 Ξεναιν-

692 3260 773 3338 τὶχω
798 3256 988 3334 (Ξεναρτίχω
1012 3260 1060 3319 est
1083 3254 1168 3340 apud
1193 3275 1320 3331 omnes,
1349 3258 1405 3340 qui
1428 3257 1591 3341 hucusque
1614 3257 1755 3343 lapidem
1779 3260 1882 3324 edide-

691 3369 780 3441 runt)
803 3361 888 3426 felici
912 3360 1086 3425 Perdrizeti
1108 3363 1250 3425 acumini
1269 3361 1438 3437 debemus,
1460 3364 1516 3446 qui
1536 3362 1635 3426 simul
1655 3364 1754 3441 vidit,
1776 3366 1882 3430 Ξενάν-

691 3493 779 3549 τιχον
823 3466 966 3547 Εἵρωνος,
1007 3470 1063 3551 qui
1097 3469 1130 3530 in
1166 3466 1262 3531 titulo
1297 3465 1385 3532 BCH
1420 3466 1554 3532 23.196
1592 3491 1643 3533 no.
1677 3470 1713 3554 45
1748 3471 1879 3555 ephebis

691 3573 976 3659 Acraephiensibus
1007 3572 1246 3650 adnumeratur,
1278 3571 1403 3650 Ei'porer
1434 3576 1534 3637 nostri
1566 3576 1634 3638 sire
1666 3581 1790 3659 patrem
1813 3579 1881 3641 sive

691 3680 796 3744 filium
820 3680 927 3743 fuisse.
953 3676 1054 3756 Quem
1077 3681 1183 3763 accipe
1207 3677 1330 3754 filium,
1354 3699 1416 3743 non
1440 3684 1563 3762 patrem
1584 3680 1699 3758 fuisse,
1720 3688 1752 3745 et
1772 3684 1882 3746 omnia

689 3788 810 3870 optime
831 3805 898 3848 sese
922 3783 1092 3847 habebunt.
1117 3783 1200 3847 Nam
1224 3805 1306 3848 anuo
1329 3786 1455 3848 circiter
1474 3783 1540 3848 180
1558 3787 1677 3849 incisus
1696 3792 1744 3850 est-
1764 3785 1883 3852 titulus

691 3889 803 3957 1001
837 3911 878 3955 no
902 3888 1002 3966 2714,
1038 3910 1119 3954 anuo
1155 3890 1219 3954 fere
1250 3890 1379 3965 eodem,
1413 3893 1463 3953 uti
1492 3890 1589 3955 modo
1618 3893 1879 3970 inveniebamus,

692 3997 807 4062 titulus
838 3993 926 4062 BOH
957 3994 1011 4059 23.
1027 3993 1091 4058 196
1124 4017 1176 4060 uo.
1202 3994 1233 4058 4.
1265 3996 1343 4074 Quis
1374 4001 1482 4060 autem
1515 3997 1657 4074 dubitet,
1690 4002 1783 4083 quin,
1816 4021 1880 4084 quo

691 4125 772 4169 anno
804 4100 1002 4188 polemarchi
1031 4122 1150 4164 munus
1181 4101 1421 4166 administravit
1453 4101 1547 4179 Εἵρων
1579 4105 1755 4184 ΞενιντΙχω
1779 4112 1880 4191 pater,

691 4208 801 4275 eodem
833 4208 897 4271 fere
927 4209 1081 4291 temporis
1105 4210 1208 4291 spatio
1233 4206 1387 4271 militiam
1411 4210 1549 4291 primam
1574 4213 1749 4295 susceperit
1773 4212 1882 4277 Ξενάν-

691 4338 781 4395 τιχσς
805 4310 931 4392 Εἵρωνος
955 4309 1061 4376 filius?

735 4419 844 4484 Etiam
867 4420 961 4483 tertia
984 4419 1261 4502 argumentatione
1284 4417 1370 4482 idem
1396 4416 1434 4481 de
1458 4425 1560 4482 aetate
1583 4419 1753 4486 edocemur
1772 4422 1881 4488 titulo

690 4546 764 4590 rum
795 4522 883 4590 BOH
912 4521 1047 4588 211196
1077 4544 1126 4588 uo.
1153 4522 1174 4586 4
1205 4529 1237 4587 11
1268 4522 1298 4587 5.
1331 4522 1408 4586 Fuit
1436 4526 1498 4588 tiro
1522 4524 1637 4610 aliquis
1660 4529 1881 4594 1111111111-

689 4632 852 4716 phieuses‚
873 4632 925 4694 cui
946 4649 1062 4694 nomeu
1082 4634 1150 4693 erat
1172 4628 1305 4708 Διοδώρῳ
1327 4629 1539 4709 Καφισοδώρω.
1561 4629 1706 4697 Occurrit
1725 4636 1758 4697 iu
1771 4635 1880 4712 titulo,

689 4758 785 4821 quem
823 4736 906 4799 circa
939 4755 1059 4799 annum
1094 4734 1161 4799 210
1193 4741 1360 4800 exaratum
1392 4756 1459 4800 esse
1490 4740 1723 4822 comperimus,
1755 4738 1826 4806 las
1862 4744 1877 4805 l

689 4864 739 4906 uo.
772 4840 908 4926 2720„;
945 4839 1095 4906 laudatur
1129 4847 1237 4905 autem
1272 4844 1306 4905 in
1341 4841 1437 4907 titulo
1472 4840 1560 4908 BOH
1593 4843 1647 4908 23.
1663 4844 1726 4909 196
1759 4868 1808 4910 no.
1842 4847 1879 4931 4,

690 4947 904 5027 Καφισόδωρος
940 4948 1075 5027 Atrides
1111 4950 1184 5013 tiro.
1224 4947 1346 5012 Filium
1377 4949 1582 5033 agnoscimus
1613 4949 1745 5015 Diodori
1778 4956 1881 5037 pat-ris

536 5255 720 5377 A
