5125 6150
1204 817 1377 865 sonmaxos.
1814 800 1879 864 225

694 981 873 1048 leviuscula
891 1003 953 1045 non
972 986 1021 1046 est
1040 1003 1106 1059 res,
1127 1001 1264 1067 quamve
1284 1001 1368 1045 unus
1386 980 1534 1065 idemque
1554 985 1646 1064 poeta
1665 978 1882 1066 aliotempore

692 1089 788 1154 aliter
819 1095 927 1153 mente
958 1088 1020 1152 sibi
1050 1089 1191 1171 potuerit
1221 1087 1408 1164 informare;
1440 1093 1532 1152 vetus
1562 1108 1688 1152 carmen
1711 1090 1738 1151 si
1761 1109 1800 1152 ne
1823 1087 1881 1152 hac

691 1195 824 1281 quidem
847 1197 880 1259 in
901 1195 1015 1258 rasili
1035 1199 1177 1270 constat,
1198 1193 1274 1258 fines
1294 1192 1436 1258 libertati
1456 1196 1597 1278 poeticae
1617 1214 1778 1258 concessos
1790 1193 1881 1258 illam

689 1301 931 1388 neglegentiam
955 1299 1103 1364 excedere
1127 1303 1237 1385 negari
1260 1302 1381 1385 nequit.

737 1515 877 1580 Lexicon
896 1513 1106 1578 Homericum
1127 1534 1200 1577 cum
1221 1512 1364 1590 adimus,
1385 1515 1418 1577 in
1435 1533 1510 1578 voca
1530 1512 1658 1591 μεγάρῳ
1670 1511 1882 1598 quadraginta

688 1623 756 1687 fere
777 1620 864 1685 locos
882 1622 1064 1685 invenimus
1084 1619 1247 1696 laudatos,
1268 1620 1323 1685 ubi
1342 1619 1472 1683 virorum
1492 1619 1643 1695 σοιισίσσσ,
1662 1618 1733 1683 dein
1747 1622 1881 1705 triginta

689 1729 758 1793 fere
777 1727 863 1793 locos
881 1727 937 1791 ubi
956 1727 1111 1789 ιιιιι1ἱσνιινι
1130 1728 1244 1795 domum
1263 1734 1317 1790 act
1334 1726 1427 1789 solam
1447 1733 1500 1789 oct
1512 1725 1700 1807 potissimum
1711 1724 1879 1810 significet,

691 1843 765 1899 tum
789 1833 1001 1918 quadraginta
1024 1840 1202 1917 sequuntur
1223 1831 1285 1896 loci
1309 1831 1365 1896 ubi
1388 1834 1475 1895 aedes
1493 1833 1647 1895 caismos
1666 1831 1795 1908 indicet,
1815 1837 1880 1896 tan-

692 1940 767 2006 dem
803 1940 991 2005 observatur
1021 1937 1190 2024 allatisque
1221 1938 1298 2003 locis
1331 1938 1565 2002 demonstratur
1594 1959 1705 2003 vocem
1736 1937 1880 2003 ducentis

688 2046 757 2111 fere
791 2045 869 2110 locis
902 2047 936 2108 in
970 2064 1103 2109 numero
1137 2043 1255 2129 plurali
1291 2064 1358 2108 esse
1395 2043 1570 2108 adhibitam
1605 2044 1644 2107 ad
1679 2048 1762 2108 totas
1793 2045 1880 2106 cedes

689 2150 918 2236 designandas,
941 2151 1000 2214 hac
1022 2152 1126 2235 igitur
1149 2152 1236 2214 inre
1256 2149 1395 2213 similem
1414 2148 1514 2213 latino
1534 2149 1608 2214 huic
1627 2152 1749 2213 nomini
1770 2168 1880 2235 cogna

688 2270 804 2342 tneque
828 2256 1069 2343 significationis
1093 2257 1222 2321 vocibus
1246 2256 1379 2332 δόμοισι,
1404 2256 1540 2334 δώμασι,
1564 2257 1702 2321 ισιιιίσισι.

736 2362 785 2428 De
810 2362 994 2447 feninorum
1025 2368 1134 2427 autem
1157 2360 1215 2426 illa
1238 2363 1320 2425 domo
1342 2363 1427 2426 inter
1450 2383 1483 2426 se
1507 2363 1706 2426 consentiunt
1728 2363 1793 2426 fere
1817 2363 1879 2426 viri

689 2469 792 2544 docti,
817 2473 902 2532 certe
925 2468 1009 2552 quod
1031 2467 1070 2531 ad
1093 2487 1253 2531 summam
1279 2470 1326 2532 rei
1350 2467 1486 2545 adtinet;
1512 2489 1586 2532 nam
1611 2468 1788 2553 ambigitur
1810 2475 1878 2531 tan-

688 2583 762 2640 tum
789 2581 902 2640 utrum
925 2573 1067 2640 conclavi
1090 2577 1232 2639 virorum
1257 2578 1447 2661 contiguum
1470 2574 1567 2638 fuerit
1590 2575 1724 2654 μέγαρον
1748 2574 1879 2639 femina·

687 2703 781 2758 rum,
816 2683 864 2745 ita
898 2686 935 2744 ut
969 2702 1025 2765 per
1061 2680 1143 2745 foros
1179 2679 1322 2764 duplices
1354 2702 1393 2745 ex
1424 2680 1525 2746 altero
1557 2681 1594 2745 ad
1626 2680 1766 2745 alterum
1795 2684 1878 2745 esset

688 2787 808 2864 aditus,
832 2807 872 2852 an
891 2808 909 2851 a
929 2789 1074 2852 virorum
1092 2785 1221 2866 μεγάρῳ
1241 2793 1400 2852 semotum
1420 2795 1453 2852 et
1471 2791 1505 2851 in
1525 2787 1652 2852 aedium
1673 2787 1878 2852 interioribus

689 2894 850 2961 abditum.

734 3000 836 3065 Multi
860 3006 969 3065 autem
994 3002 1130 3086 priorem
1150 3002 1332 3086 opinionem
1351 3008 1426 3064 sunt
1445 2998 1600 3085 amplexi,
1621 3002 1667 3065 ita
1687 3002 1790 3087 igitur
1808 3022 1877 3064 rem

685 3109 749 3174 sibi
773 3112 880 3172 mente
902 3107 1110 3172 informantes
1132 3116 1169 3171 ut
1187 3110 1215 3171 is
1236 3110 1291 3192 qui
1311 3129 1367 3192 per
1386 3107 1584 3172 vestibulum
1604 3108 1694 3172 aedes
1712 3110 1877 3193 ingressus

684 3218 831 3279 virorum
865 3212 1012 3278 conclave
1047 3216 1213 3291 transiret,
1249 3212 1411 3298 extemplo
1446 3213 1485 3277 ad
1520 3211 1667 3278 conclave
1701 3214 1876 3278 mulierum

686 3324 853 3407 pervenire
885 3324 1003 3405 posset,
1034 3322 1096 3383 nisi
1126 3319 1205 3386 forte
1238 3320 1382 3385 occlusae
1414 3325 1518 3384 essent
1538 3318 1653 3385 valvae
1676 3319 1815 3384 alterum
1837 3320 1876 3384 ab

685 3425 787 3492 altaro
816 3434 998 3510 separantes
1006 3445 1014 3501 ;
1047 3427 1097 3489 rto
1129 3426 1261 3504 ἀνδρῶνα
1293 3428 1396 3512 igitur
1427 3428 1586 3512 exceperit
1615 3426 1813 3503 lycaonensis,
1839 3433 1877 3491 ut

685 3535 870 3599 recentioris
899 3534 970 3597 aevi
1000 3531 1085 3596 hisce
1117 3531 1280 3598 vocabulis
1313 3553 1372 3618 ego
1405 3553 1530 3617 quoque
1561 3553 1645 3597 nunc
1675 3540 1758 3597 utar.
1795 3532 1874 3596 Elam

684 3643 790 3727 igitur
825 3637 1025 3703 conclavium
1062 3637 1300 3723 dispositionem
1338 3639 1484 3703 habuerit
1518 3636 1624 3703 Ulixis
1658 3642 1763 3724 regia,
1795 3660 1875 3723 quas

684 3746 911 3811 hodiernorum
936 3744 1090 3809 domuum
1115 3765 1182 3809 esse
1206 3744 1296 3810 solet.
1321 3743 1405 3809 Nam
1429 3750 1460 3810 et
1480 3766 1564 3809 nunc
1584 3748 1629 3811 sic
1648 3751 1876 3810 construuntur

683 3853 796 3928 aedes,
829 3857 867 3916 ut
898 3850 960 3915 duo
986 3889 1027 3900 -
1053 3849 1104 3916 vel
1136 3850 1228 3936 plura
1253 3888 1294 3899 -
1320 3853 1404 3916 inter
1431 3872 1463 3917 se
1487 3852 1673 3917 cohaereant
1695 3852 1873 3931 conclavia;

684 3967 718 4025 et
741 3961 776 4022 in
801 3966 857 4021 tua
880 3978 1004 4042 quoque
1024 3958 1135 4035 domo,
1157 3959 1257 4022 amice
1277 3957 1388 4035 lector,
1408 3957 1550 4024 conclavi
1568 3960 1655 4023 vitae
1673 3958 1876 4043 quotidianae

684 4065 799 4130 usibus
830 4063 988 4128 destinato
1021 4065 1210 4149 contiguum
1243 4067 1356 4150 opinor
1387 4071 1436 4129 est
1468 4063 1606 4129 alterum
1631 4064 1795 4141 conclave,
1821 4063 1877 4128 ali-

685 4176 805 4255 quanto
824 4171 930 4233 maius
948 4170 1079 4234 fortasse
1099 4171 1267 4255 magisque
1287 4176 1453 4246 ornatum,
1470 4169 1553 4255 quod
1565 4172 1676 4234 amicis
1689 4172 1873 4254 praesertim

684 4274 879 4360 excipiendis
903 4274 985 4341 solet
1007 4278 1171 4340 inservire.

732 4382 769 4446 In
793 4382 944 4466 bipartita
962 4385 1066 4467 igitur
1086 4402 1181 4467 quam
1203 4380 1253 4446 illi
1273 4381 1334 4446 sibi
1353 4381 1480 4468 fingunt
1500 4382 1593 4447 domo
1613 4382 1742 4447 ubinam
1761 4382 1875 4466 degere

669 4489 809 4556 'solebat
839 4484 1102 4554 materfamilias?
1133 4490 1184 4551 Ἐν
1215 4497 1254 4569 σῇ
1287 4487 1513 4565 γυναικωνίτιδι
1545 4491 1657 4574 opinor
1664 4509 1672 4565 ;
1697 4486 1743 4551 ibi
1765 4493 1871 4552 auten]

684 4594 885 4684 quaerendus
909 4597 969 4659 orit
991 4595 1079 4659 iocus
1102 4596 1136 4658 in
1160 4615 1221 4679 quo
1246 4595 1439 4681 parabantur
1463 4595 1535 4659 cibi.

729 4703 773 4766 At
794 4700 857 4766 alia
881 4704 989 4765 omnia
1012 4722 1050 4766 ex
1073 4701 1215 4766 Homero
1239 4703 1408 4777 novimus,
1433 4707 1466 4765 et
1488 4706 1545 4766 aut
1567 4699 1649 4764 nihil
1672 4704 1796 4765 constat
1819 4706 1875 4764 aut

681 4809 717 4875 id
740 4814 825 4874 certe
848 4813 987 4885 constat,
1014 4808 1137 4885 iocum,
1162 4810 1216 4884 τήν
1241 4808 1357 4886 ἑστίαιν,
1383 4808 1479 4873 fuisse
1504 4810 1537 4871 in
1557 4807 1700 4873 conclavi
1718 4810 1872 4872 virorum.

683 4913 865 4983 Penetralia
884 4922 993 4979 autem
1013 4915 1141 4981 aedium
1161 4921 1199 4981 ut
1217 4914 1320 4981 alium
1339 4914 1462 4994 iocum,
1484 4914 1615 4980 fortasse
1636 4912 1743 5000 plures
1759 4914 1875 4982 habue-
