<?xml version="1.0" encoding="UTF-8"?>
<!DOCTYPE html PUBLIC "-//W3C//DTD XHTML 1.0 Transitional//EN"
    "http://www.w3.org/TR/xhtml1/DTD/xhtml1-transitional.dtd">
<html xmlns="http://www.w3.org/1999/xhtml" xml:lang="en" lang="en">
 <head>
  <title>
</title>
<meta http-equiv="Content-Type" content="text/html;charset=utf-8" />
  <meta name='ocr-system' content='tesseract 3.04.00' />
  <meta name='ocr-capabilities' content='ocr_page ocr_carea ocr_par ocr_line ocrx_word'/>
</head>
<body>
  <div class='ocr_page' id='page_1' title='image "./mnemosyne04verdgoog_0015.png"; bbox 0 0 5125 6150; ppageno 0'>
   <div class='ocr_carea' id='block_1_1' title="bbox 688 744 1356 815">
    <p class='ocr_par' dir='ltr' id='par_1_1' title="bbox 688 744 1356 815">
     <span class='ocr_line' id='line_1_1' title="bbox 688 744 1356 815; baseline 0.007 -5"><span class='ocrx_word' id='word_1_1' title='bbox 688 744 730 811; x_wconf 91' lang='lat'><strong>10</strong></span> <span class='ocrx_word' id='word_1_2' title='bbox 1190 766 1356 815; x_wconf 76' lang='lat' dir='ltr'><strong>ausurus.</strong></span> 
     </span>
    </p>
   </div>
   <div class='ocr_carea' id='block_1_2' title="bbox 684 928 1871 1869">
    <p class='ocr_par' dir='ltr' id='par_1_2' title="bbox 684 928 1871 1869">
     <span class='ocr_line' id='line_1_2' title="bbox 685 928 1870 1021; baseline 0.006 -27"><span class='ocrx_word' id='word_1_3' title='bbox 685 935 852 995; x_wconf 76' lang='lat' dir='ltr'><strong>cessantur</strong></span> <span class='ocrx_word' id='word_1_4' title='bbox 874 930 1048 996; x_wconf 85' lang='lat' dir='ltr'><strong>funditores</strong></span> <span class='ocrx_word' id='word_1_5' title='bbox 1072 931 1135 995; x_wconf 83' lang='grc' dir='ltr'><strong>ἀπό</strong></span> <span class='ocrx_word' id='word_1_6' title='bbox 1159 936 1211 997; x_wconf 86' lang='grc' dir='ltr'><strong><em>τοῦ</em></strong></span> <span class='ocrx_word' id='word_1_7' title='bbox 1234 928 1392 1007; x_wconf 72' lang='grc' dir='ltr'><strong><em>Γαλαξίου</em></strong></span> <span class='ocrx_word' id='word_1_8' title='bbox 1415 932 1498 1017; x_wconf 72' lang='lat' dir='ltr'><strong>§ru</strong></span> <span class='ocrx_word' id='word_1_9' title='bbox 1522 932 1609 998; x_wconf 85' lang='lat' dir='ltr'><strong>Alibi</strong></span> <span class='ocrx_word' id='word_1_10' title='bbox 1628 937 1726 1020; x_wconf 89' lang='lat' dir='ltr'><strong>copiis</strong></span> <span class='ocrx_word' id='word_1_11' title='bbox 1745 943 1870 1021; x_wconf 86' lang='lat' dir='ltr'><strong>praeest</strong></span> 
     </span>
     <span class='ocr_line' id='line_1_3' title="bbox 685 1035 1865 1122; baseline 0.007 -23"><span class='ocrx_word' id='word_1_12' title='bbox 685 1035 700 1100; x_wconf 90' lang='grc' dir='ltr'><strong><em>ό</em></strong></span> <span class='ocrx_word' id='word_1_13' title='bbox 732 1036 765 1099; x_wconf 83' lang='grc' dir='ltr'><strong>έιι</strong></span> <span class='ocrx_word' id='word_1_14' title='bbox 795 1041 848 1101; x_wconf 80' lang='grc' dir='ltr'><strong><em>τοῦ</em></strong></span> <span class='ocrx_word' id='word_1_15' title='bbox 880 1038 1033 1116; x_wconf 73' lang='grc' dir='ltr'><strong>Ζῳδιακοῦ</strong></span> <span class='ocrx_word' id='word_1_16' title='bbox 1064 1036 1208 1114; x_wconf 80' lang='grc' dir='ltr'><strong><em>τοξότης,</em></strong></span> <span class='ocrx_word' id='word_1_17' title='bbox 1241 1036 1332 1122; x_wconf 76' lang='lat' dir='ltr'><strong>§la</strong></span> <span class='ocrx_word' id='word_1_18' title='bbox 1367 1037 1450 1102; x_wconf 93' lang='lat' dir='ltr'><strong>Urbs</strong></span> <span class='ocrx_word' id='word_1_19' title='bbox 1482 1044 1530 1103; x_wconf 89' lang='lat' dir='ltr'><strong>est</strong></span> <span class='ocrx_word' id='word_1_20' title='bbox 1560 1038 1640 1122; x_wconf 76' lang='lat'><strong>§29</strong></span> <span class='ocrx_word' id='word_1_21' title='bbox 1664 1040 1788 1116; x_wconf 77' lang='grc' dir='ltr'><strong><em>μεταξὺ</em></strong></span> <span class='ocrx_word' id='word_1_22' title='bbox 1812 1048 1865 1108; x_wconf 84' lang='grc' dir='ltr'><strong><em>τοῦ</em></strong></span> 
     </span>
     <span class='ocr_line' id='line_1_4' title="bbox 685 1141 1870 1222; baseline 0.006 -16"><span class='ocrx_word' id='word_1_23' title='bbox 685 1141 842 1207; x_wconf 80' lang='grc' dir='ltr'><strong><em>Πλειάδων</em></strong></span> <span class='ocrx_word' id='word_1_24' title='bbox 865 1142 916 1207; x_wconf 75' lang='grc' dir='ltr'><strong>καὶ</strong></span> <span class='ocrx_word' id='word_1_25' title='bbox 941 1147 993 1206; x_wconf 85' lang='grc' dir='ltr'><strong><em>τοῦ</em></strong></span> <span class='ocrx_word' id='word_1_26' title='bbox 1016 1142 1131 1208; x_wconf 79' lang='grc' dir='ltr'><strong><em>’Τάδων</em></strong></span> <span class='ocrx_word' id='word_1_27' title='bbox 1153 1143 1249 1222; x_wconf 93' lang='grc' dir='ltr'><strong><em>ἀέρος.</em></strong></span> <span class='ocrx_word' id='word_1_28' title='bbox 1273 1143 1439 1221; x_wconf 74' lang='lat' dir='ltr'><strong>Similiter,</strong></span> <span class='ocrx_word' id='word_1_29' title='bbox 1460 1147 1510 1209; x_wconf 88' lang='lat' dir='ltr'><strong>uti</strong></span> <span class='ocrx_word' id='word_1_30' title='bbox 1530 1147 1679 1222; x_wconf 80' lang='lat' dir='ltr'><strong>comicie,</strong></span> <span class='ocrx_word' id='word_1_31' title='bbox 1701 1146 1870 1213; x_wconf 80' lang='lat' dir='ltr'><strong>bellatores</strong></span> 
     </span>
     <span class='ocr_line' id='line_1_5' title="bbox 684 1245 1868 1331; baseline 0.004 -19"><span class='ocrx_word' id='word_1_32' title='bbox 684 1245 734 1312; x_wconf 92' lang='lat' dir='ltr'><strong>illi</strong></span> <span class='ocrx_word' id='word_1_33' title='bbox 764 1248 939 1314; x_wconf 86' lang='lat' dir='ltr'><strong>adveniunt</strong></span> <span class='ocrx_word' id='word_1_34' title='bbox 968 1249 1031 1313; x_wconf 87' lang='grc' dir='ltr'><strong>ἀπό</strong></span> <span class='ocrx_word' id='word_1_35' title='bbox 1055 1257 1112 1314; x_wconf 82' lang='grc' dir='ltr'><strong>τῶν</strong></span> <span class='ocrx_word' id='word_1_36' title='bbox 1138 1250 1211 1327; x_wconf 78' lang='grc' dir='ltr'><strong><em>ὑπὲρ</em></strong></span> <span class='ocrx_word' id='word_1_37' title='bbox 1234 1252 1289 1321; x_wconf 80' lang='grc' dir='ltr'><strong>την</strong></span> <span class='ocrx_word' id='word_1_38' title='bbox 1312 1248 1595 1314; x_wconf 77' lang='grc' dir='ltr'><strong>Κασσιέπειαν</strong></span> <span class='ocrx_word' id='word_1_39' title='bbox 1618 1249 1742 1330; x_wconf 78' lang='grc' dir='ltr'><strong><em>ἀεέρων.</em></strong></span> <span class='ocrx_word' id='word_1_40' title='bbox 1776 1252 1868 1331; x_wconf 81' lang='lat' dir='ltr'><strong>Quod</strong></span> 
     </span>
     <span class='ocr_line' id='line_1_6' title="bbox 685 1353 1871 1444; baseline 0.003 -25"><span class='ocrx_word' id='word_1_41' title='bbox 685 1353 725 1420; x_wconf 86' lang='lat' dir='ltr'><strong>ad</strong></span> <span class='ocrx_word' id='word_1_42' title='bbox 748 1366 888 1422; x_wconf 84' lang='lat' dir='ltr'><strong>veterem</strong></span> <span class='ocrx_word' id='word_1_43' title='bbox 912 1358 1049 1421; x_wconf 89' lang='lat' dir='ltr'><strong>nominis</strong></span> <span class='ocrx_word' id='word_1_44' title='bbox 1073 1357 1208 1422; x_wconf 83' lang='lat' dir='ltr'><strong>formam</strong></span> <span class='ocrx_word' id='word_1_45' title='bbox 1232 1359 1364 1433; x_wconf 78' lang='lat' dir='ltr'><strong>attinet,</strong></span> <span class='ocrx_word' id='word_1_46' title='bbox 1388 1356 1502 1421; x_wconf 87' lang='lat' dir='ltr'><strong>itidem</strong></span> <span class='ocrx_word' id='word_1_47' title='bbox 1523 1378 1578 1441; x_wconf 92' lang='lat' dir='ltr'><strong>pro</strong></span> <span class='ocrx_word' id='word_1_48' title='bbox 1602 1358 1705 1444; x_wconf 81' lang='lat' dir='ltr'><strong>Imag.</strong></span> <span class='ocrx_word' id='word_1_49' title='bbox 1727 1358 1746 1423; x_wconf 85' lang='lat'><em>7</em></span> <span class='ocrx_word' id='word_1_50' title='bbox 1772 1368 1871 1423; x_wconf 83' lang='grc' dir='ltr'><strong><em>Κοισ·</em></strong></span> 
     </span>
     <span class='ocr_line' id='line_1_7' title="bbox 684 1461 1870 1548; baseline 0.005 -24"><span class='ocrx_word' id='word_1_51' title='bbox 684 1461 806 1526; x_wconf 89' lang='grc' dir='ltr'><strong><em>σιέπεια</em></strong></span> <span class='ocrx_word' id='word_1_52' title='bbox 841 1461 1029 1548; x_wconf 84' lang='lat' dir='ltr'><strong>appelletur,</strong></span> <span class='ocrx_word' id='word_1_53' title='bbox 1066 1484 1127 1527; x_wconf 91' lang='lat' dir='ltr'><strong>non</strong></span> <span class='ocrx_word' id='word_1_54' title='bbox 1164 1463 1335 1536; x_wconf 83' lang='grc' dir='ltr'><strong><em>Κασσιόπη.</em></strong></span> <span class='ocrx_word' id='word_1_55' title='bbox 1373 1462 1424 1527; x_wconf 82' lang='lat' dir='ltr'><strong>Sic</strong></span> <span class='ocrx_word' id='word_1_56' title='bbox 1459 1461 1601 1548; x_wconf 82' lang='lat' dir='ltr'><strong>duplices</strong></span> <span class='ocrx_word' id='word_1_57' title='bbox 1637 1465 1756 1530; x_wconf 88' lang='lat' dir='ltr'><strong>formae</strong></span> <span class='ocrx_word' id='word_1_58' title='bbox 1792 1472 1870 1530; x_wconf 88' lang='lat' dir='ltr'><strong>sunt</strong></span> 
     </span>
     <span class='ocr_line' id='line_1_8' title="bbox 685 1566 1869 1656; baseline 0.003 -24"><span class='ocrx_word' id='word_1_59' title='bbox 685 1568 822 1649; x_wconf 83' lang='grc' dir='ltr'><strong><em>ἸΦιγόνη</em></strong></span> <span class='ocrx_word' id='word_1_60' title='bbox 855 1573 887 1632; x_wconf 91' lang='lat' dir='ltr'><strong>et</strong></span> <span class='ocrx_word' id='word_1_61' title='bbox 917 1566 1104 1647; x_wconf 84' lang='grc' dir='ltr'><strong><em>Ἰφιγένεια,</em></strong></span> <span class='ocrx_word' id='word_1_62' title='bbox 1137 1568 1277 1646; x_wconf 88' lang='grc' dir='ltr'><strong><em>Ἠριγόνη</em></strong></span> <span class='ocrx_word' id='word_1_63' title='bbox 1311 1575 1343 1632; x_wconf 92' lang='lat' dir='ltr'><strong>et</strong></span> <span class='ocrx_word' id='word_1_64' title='bbox 1373 1570 1563 1645; x_wconf 85' lang='grc' dir='ltr'><strong><em>Ἠριγένεια·</em></strong></span> <span class='ocrx_word' id='word_1_65' title='bbox 1600 1572 1746 1654; x_wconf 81' lang='lat' dir='ltr'><strong>quocirca</strong></span> <span class='ocrx_word' id='word_1_66' title='bbox 1776 1591 1869 1656; x_wconf 82' lang='lat' dir='ltr'><strong>saepe</strong></span> 
     </span>
     <span class='ocr_line' id='line_1_9' title="bbox 686 1672 1868 1760; baseline 0.003 -22"><span class='ocrx_word' id='word_1_67' title='bbox 686 1677 863 1759; x_wconf 85' lang='lat' dir='ltr'><strong>suspicatus</strong></span> <span class='ocrx_word' id='word_1_68' title='bbox 881 1695 953 1738; x_wconf 92' lang='lat' dir='ltr'><strong>sum</strong></span> <span class='ocrx_word' id='word_1_69' title='bbox 973 1672 1152 1760; x_wconf 88' lang='lat' dir='ltr'><strong>Penelopen</strong></span> <span class='ocrx_word' id='word_1_70' title='bbox 1169 1674 1287 1739; x_wconf 89' lang='lat' dir='ltr'><strong>dictam</strong></span> <span class='ocrx_word' id='word_1_71' title='bbox 1304 1674 1402 1739; x_wconf 90' lang='lat' dir='ltr'><strong>fuisse</strong></span> <span class='ocrx_word' id='word_1_72' title='bbox 1413 1673 1591 1748; x_wconf 75' lang='grc' dir='ltr'><strong><em>Πηνελόπην</em></strong></span> <span class='ocrx_word' id='word_1_73' title='bbox 1604 1683 1636 1740; x_wconf 90' lang='lat' dir='ltr'><strong>et</strong></span> <span class='ocrx_word' id='word_1_74' title='bbox 1647 1676 1868 1750; x_wconf 86' lang='grc' dir='ltr'><strong><em>Πηνελέπειαν.</em></strong></span> 
     </span>
     <span class='ocr_line' id='line_1_10' title="bbox 686 1779 1870 1869; baseline 0.004 -27"><span class='ocrx_word' id='word_1_75' title='bbox 686 1781 863 1857; x_wconf 75' lang='grc' dir='ltr'><strong><em>Ἀντιγένης</em></strong></span> <span class='ocrx_word' id='word_1_76' title='bbox 887 1785 952 1855; x_wconf 84' lang='lat' dir='ltr'><strong>est,</strong></span> <span class='ocrx_word' id='word_1_77' title='bbox 977 1780 1030 1844; x_wconf 89' lang='lat' dir='ltr'><strong>sed</strong></span> <span class='ocrx_word' id='word_1_78' title='bbox 1054 1779 1228 1859; x_wconf 85' lang='grc' dir='ltr'><strong><em>Ἀντόγονος</em></strong></span> <span class='ocrx_word' id='word_1_79' title='bbox 1253 1787 1286 1845; x_wconf 87' lang='lat' dir='ltr'><strong>et</strong></span> <span class='ocrx_word' id='word_1_80' title='bbox 1309 1783 1487 1858; x_wconf 85' lang='grc' dir='ltr'><strong><em>Ἀντιγόνη·</em></strong></span> <span class='ocrx_word' id='word_1_81' title='bbox 1513 1781 1661 1869; x_wconf 80' lang='lat' dir='ltr'><strong>analogia</strong></span> <span class='ocrx_word' id='word_1_82' title='bbox 1682 1781 1746 1848; x_wconf 85' lang='lat' dir='ltr'><strong>late</strong></span> <span class='ocrx_word' id='word_1_83' title='bbox 1770 1788 1870 1869; x_wconf 83' lang='lat' dir='ltr'><strong>patet.</strong></span> 
     </span>
    </p>
   </div>
   <div class='ocr_carea' id='block_1_3' title="bbox 685 2011 1872 2411">
    <p class='ocr_par' dir='ltr' id='par_1_3' title="bbox 685 2011 1872 2411">
     <span class='ocr_line' id='line_1_11' title="bbox 730 2011 1868 2097; baseline 0.002 -20"><span class='ocrx_word' id='word_1_84' title='bbox 730 2013 829 2097; x_wconf 80' lang='lat'>§17:</span> <span class='ocrx_word' id='word_1_85' title='bbox 863 2011 919 2083; x_wconf 78' lang='grc' dir='ltr'><strong><em>ἀςε</em></strong></span> <span class='ocrx_word' id='word_1_86' title='bbox 951 2040 990 2092; x_wconf 88' lang='grc' dir='ltr'><strong>με</strong></span> <span class='ocrx_word' id='word_1_87' title='bbox 1024 2014 1154 2097; x_wconf 78' lang='grc' dir='ltr'><strong><em>εἱκάζειν</em></strong></span> <span class='ocrx_word' id='word_1_88' title='bbox 1183 2016 1227 2092; x_wconf 80' lang='grc' dir='ltr'><strong><em>μὶρ</em></strong></span> <span class='ocrx_word' id='word_1_89' title='bbox 1258 2013 1319 2094; x_wconf 81' lang='grc' dir='ltr'><strong>ἀρα</strong></span> <span class='ocrx_word' id='word_1_90' title='bbox 1342 2014 1476 2081; x_wconf 80' lang='grc' dir='ltr'><strong><em>τοιούτου</em></strong></span> <span class='ocrx_word' id='word_1_91' title='bbox 1500 2016 1578 2085; x_wconf 88' lang='grc' dir='ltr'><strong><em>τινός</em></strong></span> <span class='ocrx_word' id='word_1_92' title='bbox 1604 2015 1653 2080; x_wconf 75' lang='grc' dir='ltr'><strong>καὶ</strong></span> <span class='ocrx_word' id='word_1_93' title='bbox 1679 2016 1780 2081; x_wconf 84' lang='grc' dir='ltr'><strong><em>πάλαι</em></strong></span> <span class='ocrx_word' id='word_1_94' title='bbox 1806 2016 1868 2080; x_wconf 88' lang='grc' dir='ltr'><strong>ἀνω</strong></span> 
     </span>
     <span class='ocr_line' id='line_1_12' title="bbox 686 2117 1872 2201; baseline 0.002 -15"><span class='ocrx_word' id='word_1_95' title='bbox 686 2123 829 2201; x_wconf 79' lang='grc' dir='ltr'><strong><em>(ἀγῶνος)</em></strong></span> <span class='ocrx_word' id='word_1_96' title='bbox 852 2118 1014 2198; x_wconf 81' lang='grc' dir='ltr'><strong><em>γενομένου</em></strong></span> <span class='ocrx_word' id='word_1_97' title='bbox 1035 2118 1171 2199; x_wconf 83' lang='grc' dir='ltr'><strong><em>Ὅμηρος</em></strong></span> <span class='ocrx_word' id='word_1_98' title='bbox 1197 2119 1356 2200; x_wconf 78' lang='grc' dir='ltr'><strong><em>ὑπέλαβεν</em></strong></span> <span class='ocrx_word' id='word_1_99' title='bbox 1380 2120 1492 2198; x_wconf 77' lang='grc' dir='ltr'><strong><em>αἵματι</em></strong></span> <span class='ocrx_word' id='word_1_100' title='bbox 1518 2117 1587 2185; x_wconf 79' lang='grc' dir='ltr'><strong><em>ὗσαι</em></strong></span> <span class='ocrx_word' id='word_1_101' title='bbox 1611 2121 1661 2185; x_wconf 84' lang='grc' dir='ltr'><strong>τόν</strong></span> <span class='ocrx_word' id='word_1_102' title='bbox 1683 2123 1756 2185; x_wconf 72' lang='grc' dir='ltr'><strong><em>Δία.</em></strong></span> <span class='ocrx_word' id='word_1_103' title='bbox 1781 2121 1872 2188; x_wconf 89' lang='lat' dir='ltr'><strong>Haec</strong></span> 
     </span>
     <span class='ocr_line' id='line_1_13' title="bbox 685 2226 1871 2312; baseline 0.001 -20"><span class='ocrx_word' id='word_1_104' title='bbox 685 2226 847 2292; x_wconf 86' lang='lat' dir='ltr'><strong>sufficiunt</strong></span> <span class='ocrx_word' id='word_1_105' title='bbox 877 2236 908 2291; x_wconf 90' lang='lat' dir='ltr'><strong>et</strong></span> <span class='ocrx_word' id='word_1_106' title='bbox 938 2226 1091 2312; x_wconf 80' lang='lat' dir='ltr'><strong>languent</strong></span> <span class='ocrx_word' id='word_1_107' title='bbox 1122 2226 1217 2291; x_wconf 87' lang='lat' dir='ltr'><strong>rerba</strong></span> <span class='ocrx_word' id='word_1_108' title='bbox 1247 2248 1326 2311; x_wconf 89' lang='lat' dir='ltr'><strong>quae</strong></span> <span class='ocrx_word' id='word_1_109' title='bbox 1355 2227 1471 2293; x_wconf 89' lang='lat' dir='ltr'><strong>sciolus</strong></span> <span class='ocrx_word' id='word_1_110' title='bbox 1494 2229 1648 2292; x_wconf 89' lang='lat' dir='ltr'><strong>inseruit:</strong></span> <span class='ocrx_word' id='word_1_111' title='bbox 1673 2229 1722 2291; x_wconf 74' lang='grc' dir='ltr'><strong>ἐπὶ</strong></span> <span class='ocrx_word' id='word_1_112' title='bbox 1748 2229 1790 2306; x_wconf 76' lang='grc' dir='ltr'><strong>τῷ</strong></span> <span class='ocrx_word' id='word_1_113' title='bbox 1815 2233 1871 2293; x_wconf 85' lang='grc' dir='ltr'><strong><em>τοῦ</em></strong></span> 
     </span>
     <span class='ocr_line' id='line_1_14' title="bbox 687 2331 1034 2411; baseline -0.009 -12"><span class='ocrx_word' id='word_1_114' title='bbox 687 2331 881 2411; x_wconf 77' lang='grc' dir='ltr'><strong><em>Σαρπηδόνος</em></strong></span> <span class='ocrx_word' id='word_1_115' title='bbox 905 2332 1034 2410; x_wconf 80' lang='grc' dir='ltr'><strong><em>όανάτῳ.</em></strong></span> 
     </span>
    </p>
   </div>
   <div class='ocr_carea' id='block_1_4' title="bbox 685 2564 1874 3391">
    <p class='ocr_par' dir='ltr' id='par_1_4' title="bbox 685 2564 1874 3391">
     <span class='ocr_line' id='line_1_15' title="bbox 731 2564 1873 2649; baseline 0.002 -21"><span class='ocrx_word' id='word_1_116' title='bbox 731 2566 750 2649; x_wconf 60' lang='grc' dir='ltr'><strong>ξ</strong></span> <span class='ocrx_word' id='word_1_117' title='bbox 770 2564 830 2629; x_wconf 83' lang='lat'><strong>21:</strong></span> <span class='ocrx_word' id='word_1_118' title='bbox 862 2564 950 2637; x_wconf 72' lang='grc' dir='ltr'><strong><em>εὐθὺς</em></strong></span> <span class='ocrx_word' id='word_1_119' title='bbox 981 2566 1013 2631; x_wconf 82' lang='grc' dir='ltr'><strong>δέ</strong></span> <span class='ocrx_word' id='word_1_120' title='bbox 1036 2566 1071 2630; x_wconf 83' lang='grc' dir='ltr'><strong>τό</strong></span> <span class='ocrx_word' id='word_1_121' title='bbox 1094 2574 1201 2647; x_wconf 82' lang='grc' dir='ltr'><strong><em>τεῖχος</em></strong></span> <span class='ocrx_word' id='word_1_122' title='bbox 1225 2566 1442 2646; x_wconf 80' lang='grc' dir='ltr'><strong><em>καόηρεῑτο</em></strong></span> <span class='ocrx_word' id='word_1_123' title='bbox 1467 2564 1519 2629; x_wconf 82' lang='grc' dir='ltr'><strong><em>κιοό</em></strong></span> <span class='ocrx_word' id='word_1_124' title='bbox 1544 2567 1628 2641; x_wconf 76' lang='grc' dir='ltr'><strong>ημάς</strong></span> <span class='ocrx_word' id='word_1_125' title='bbox 1652 2567 1722 2636; x_wconf 83' lang='grc' dir='ltr'><strong><em>τοὺς</em></strong></span> <span class='ocrx_word' id='word_1_126' title='bbox 1748 2567 1873 2645; x_wconf 73' lang='grc' dir='ltr'><strong><em>αἰχμα-</em></strong></span> 
     </span>
     <span class='ocr_line' id='line_1_16' title="bbox 686 2670 1874 2743; baseline 0.003 -8"><span class='ocrx_word' id='word_1_127' title='bbox 686 2670 799 2743; x_wconf 81' lang='grc' dir='ltr'><strong><em>λάτους</em></strong></span> <span class='ocrx_word' id='word_1_128' title='bbox 823 2671 987 2737; x_wconf 88' lang='grc' dir='ltr'><strong><em>ἀπέδοσαν.</em></strong></span> <span class='ocrx_word' id='word_1_129' title='bbox 1016 2671 1053 2736; x_wconf 96' lang='lat' dir='ltr'><strong>In</strong></span> <span class='ocrx_word' id='word_1_130' title='bbox 1078 2671 1273 2739; x_wconf 85' lang='lat' dir='ltr'><strong>Graecorum</strong></span> <span class='ocrx_word' id='word_1_131' title='bbox 1295 2671 1529 2735; x_wconf 77' lang='lat' dir='ltr'><strong>narrationibus</strong></span> <span class='ocrx_word' id='word_1_132' title='bbox 1553 2674 1660 2737; x_wconf 87' lang='lat' dir='ltr'><strong>omnia</strong></span> <span class='ocrx_word' id='word_1_133' title='bbox 1684 2671 1765 2737; x_wconf 89' lang='lat' dir='ltr'><strong>fiunt</strong></span> <span class='ocrx_word' id='word_1_134' title='bbox 1788 2674 1874 2738; x_wconf 88' lang='lat' dir='ltr'><strong>mira</strong></span> 
     </span>
     <span class='ocr_line' id='line_1_17' title="bbox 688 2776 1872 2864; baseline -0.001 -21"><span class='ocrx_word' id='word_1_135' title='bbox 688 2776 866 2855; x_wconf 83' lang='lat' dir='ltr'><strong>celeritate,</strong></span> <span class='ocrx_word' id='word_1_136' title='bbox 902 2780 1011 2843; x_wconf 80' lang='grc' dir='ltr'><strong><em>όῖνττον</em></strong></span> <span class='ocrx_word' id='word_1_137' title='bbox 1046 2782 1207 2855; x_wconf 70' lang='grc' dir='ltr'><strong><em>νοήματος.</em></strong></span> <span class='ocrx_word' id='word_1_138' title='bbox 1243 2777 1487 2842; x_wconf 84' lang='lat' dir='ltr'><strong>Valckenaerius</strong></span> <span class='ocrx_word' id='word_1_139' title='bbox 1522 2797 1559 2842; x_wconf 86' lang='lat' dir='ltr'><strong>ea</strong></span> <span class='ocrx_word' id='word_1_140' title='bbox 1595 2777 1632 2842; x_wconf 90' lang='lat' dir='ltr'><strong>de</strong></span> <span class='ocrx_word' id='word_1_141' title='bbox 1664 2800 1697 2843; x_wconf 93' lang='lat' dir='ltr'><strong>re</strong></span> <span class='ocrx_word' id='word_1_142' title='bbox 1730 2780 1798 2864; x_wconf 78' lang='lat' dir='ltr'><strong>egit</strong></span> <span class='ocrx_word' id='word_1_143' title='bbox 1830 2778 1872 2843; x_wconf 87' lang='lat' dir='ltr'><strong>ad</strong></span> 
     </span>
     <span class='ocr_line' id='line_1_18' title="bbox 686 2884 1870 2971; baseline -0.002 -21"><span class='ocrx_word' id='word_1_144' title='bbox 686 2884 797 2970; x_wconf 82' lang='lat' dir='ltr'><strong>Eurip.</strong></span> <span class='ocrx_word' id='word_1_145' title='bbox 829 2884 959 2971; x_wconf 88' lang='lat' dir='ltr'><strong>Hippoi.</strong></span> <span class='ocrx_word' id='word_1_146' title='bbox 993 2907 1038 2951; x_wconf 87' lang='lat' dir='ltr'><strong>ve.</strong></span> <span class='ocrx_word' id='word_1_147' title='bbox 1074 2885 1171 2963; x_wconf 80' lang='lat'><strong>1186,</strong></span> <span class='ocrx_word' id='word_1_148' title='bbox 1203 2885 1425 2951; x_wconf 87' lang='lat' dir='ltr'><strong>Boieaonadins</strong></span> <span class='ocrx_word' id='word_1_149' title='bbox 1456 2884 1495 2949; x_wconf 89' lang='lat' dir='ltr'><strong>ad</strong></span> <span class='ocrx_word' id='word_1_150' title='bbox 1525 2884 1709 2968; x_wconf 82' lang='lat' dir='ltr'><strong>Euncpium</strong></span> <span class='ocrx_word' id='word_1_151' title='bbox 1733 2906 1764 2969; x_wconf 90' lang='lat' dir='ltr'><strong>p.</strong></span> <span class='ocrx_word' id='word_1_152' title='bbox 1790 2884 1870 2962; x_wconf 87' lang='grc'><strong>210,</strong></span> 
     </span>
     <span class='ocr_line' id='line_1_19' title="bbox 687 2988 1873 3077; baseline -0.003 -20"><span class='ocrx_word' id='word_1_153' title='bbox 687 2988 824 3057; x_wconf 87' lang='lat' dir='ltr'><strong>Oobetus</strong></span> <span class='ocrx_word' id='word_1_154' title='bbox 855 2990 895 3055; x_wconf 89' lang='lat' dir='ltr'><strong>ad</strong></span> <span class='ocrx_word' id='word_1_155' title='bbox 925 2988 1129 3057; x_wconf 78' lang='lat' dir='ltr'><strong>Charitonem</strong></span> <span class='ocrx_word' id='word_1_156' title='bbox 1152 2993 1186 3054; x_wconf 89' lang='lat' dir='ltr'><strong>in</strong></span> <span class='ocrx_word' id='word_1_157' title='bbox 1210 2992 1320 3055; x_wconf 81' lang='grc' dir='ltr'><strong><em>Μοονο.</em></strong></span> <span class='ocrx_word' id='word_1_158' title='bbox 1347 2990 1448 3070; x_wconf 85' lang='grc'><strong>1859;</strong></span> <span class='ocrx_word' id='word_1_159' title='bbox 1474 2993 1541 3077; x_wconf 91' lang='lat' dir='ltr'><strong>ipse</strong></span> <span class='ocrx_word' id='word_1_160' title='bbox 1566 3010 1691 3077; x_wconf 90' lang='lat' dir='ltr'><strong>quoque</strong></span> <span class='ocrx_word' id='word_1_161' title='bbox 1713 2989 1800 3054; x_wconf 90' lang='lat' dir='ltr'><strong>idem</strong></span> <span class='ocrx_word' id='word_1_162' title='bbox 1823 3010 1873 3055; x_wconf 88' lang='lat' dir='ltr'><strong>ar·</strong></span> 
     </span>
     <span class='ocr_line' id='line_1_20' title="bbox 685 3095 1871 3184; baseline 0 -23"><span class='ocrx_word' id='word_1_163' title='bbox 685 3104 877 3184; x_wconf 82' lang='lat' dir='ltr'><strong>gumentum</strong></span> <span class='ocrx_word' id='word_1_164' title='bbox 913 3100 1008 3183; x_wconf 78' lang='lat' dir='ltr'><strong>attigi</strong></span> <span class='ocrx_word' id='word_1_165' title='bbox 1043 3120 1076 3162; x_wconf 80' lang='grc' dir='ltr'><strong>ιιι</strong></span> <span class='ocrx_word' id='word_1_166' title='bbox 1111 3098 1221 3161; x_wconf 71' lang='lat' dir='ltr'><strong>Meum.</strong></span> <span class='ocrx_word' id='word_1_167' title='bbox 1257 3095 1342 3163; x_wconf 85' lang='lat'>1873</span> <span class='ocrx_word' id='word_1_168' title='bbox 1375 3119 1404 3182; x_wconf 92' lang='lat' dir='ltr'><strong>p.</strong></span> <span class='ocrx_word' id='word_1_169' title='bbox 1440 3097 1513 3163; x_wconf 83' lang='lat'><strong>149.</strong></span> <span class='ocrx_word' id='word_1_170' title='bbox 1549 3098 1634 3162; x_wconf 91' lang='lat' dir='ltr'><strong>Hinc</strong></span> <span class='ocrx_word' id='word_1_171' title='bbox 1665 3096 1871 3163; x_wconf 87' lang='lat' dir='ltr'><strong>commendo:</strong></span> 
     </span>
     <span class='ocr_line' id='line_1_21' title="bbox 686 3201 1869 3289; baseline 0.001 -22"><span class='ocrx_word' id='word_1_172' title='bbox 686 3203 892 3284; x_wconf 67' lang='grc' dir='ltr'><strong><em>καθῄρητο.</em></strong></span> <span class='ocrx_word' id='word_1_173' title='bbox 918 3203 1074 3269; x_wconf 83' lang='lat' dir='ltr'><strong>Similiter</strong></span> <span class='ocrx_word' id='word_1_174' title='bbox 1096 3204 1249 3269; x_wconf 88' lang='lat' dir='ltr'><strong>habemus</strong></span> <span class='ocrx_word' id='word_1_175' title='bbox 1271 3201 1439 3289; x_wconf 78' lang='lat' dir='ltr'><strong>Tyrannio.</strong></span> <span class='ocrx_word' id='word_1_176' title='bbox 1465 3202 1503 3267; x_wconf 88' lang='lat'><strong>8:</strong></span> <span class='ocrx_word' id='word_1_177' title='bbox 1529 3206 1546 3278; x_wconf 78' lang='grc' dir='ltr'><strong><em>η</em></strong></span> <span class='ocrx_word' id='word_1_178' title='bbox 1571 3204 1627 3280; x_wconf 82' lang='grc' dir='ltr'><strong><em>μέν</em></strong></span> <span class='ocrx_word' id='word_1_179' title='bbox 1651 3202 1787 3282; x_wconf 72' lang='grc' dir='ltr'><strong><em>τυραννὶς</em></strong></span> <span class='ocrx_word' id='word_1_180' title='bbox 1811 3203 1869 3278; x_wconf 75' lang='grc' dir='ltr'><strong>ἤδη</strong></span> 
     </span>
     <span class='ocr_line' id='line_1_22' title="bbox 687 3310 843 3391; baseline 0.006 -18"><span class='ocrx_word' id='word_1_181' title='bbox 687 3310 843 3391; x_wconf 71' lang='grc' dir='ltr'><strong><em>καόηόρητο.</em></strong></span> 
     </span>
    </p>
   </div>
   <div class='ocr_carea' id='block_1_5' title="bbox 687 3539 1873 3837">
    <p class='ocr_par' dir='ltr' id='par_1_5' title="bbox 687 3539 1873 3837">
     <span class='ocr_line' id='line_1_23' title="bbox 731 3539 1872 3631; baseline -0.002 -22"><span class='ocrx_word' id='word_1_182' title='bbox 731 3549 748 3631; x_wconf 81' lang='lat'>§</span> <span class='ocrx_word' id='word_1_183' title='bbox 769 3544 828 3611; x_wconf 86' lang='lat'><strong>30:</strong></span> <span class='ocrx_word' id='word_1_184' title='bbox 853 3543 928 3611; x_wconf 85' lang='grc' dir='ltr'><strong><em>έοιιιε</em></strong></span> <span class='ocrx_word' id='word_1_185' title='bbox 951 3546 977 3609; x_wconf 85' lang='grc' dir='ltr'><strong>δ’</strong></span> <span class='ocrx_word' id='word_1_186' title='bbox 1000 3546 1084 3626; x_wconf 78' lang='grc' dir='ltr'><strong><em>ἀρχη</em></strong></span> <span class='ocrx_word' id='word_1_187' title='bbox 1109 3550 1208 3609; x_wconf 83' lang='grc' dir='ltr'><strong><em>κακῶν</em></strong></span> <span class='ocrx_word' id='word_1_188' title='bbox 1232 3539 1373 3622; x_wconf 83' lang='grc' dir='ltr'><strong><em>μειζόνων</em></strong></span> <span class='ocrx_word' id='word_1_189' title='bbox 1397 3543 1561 3621; x_wconf 83' lang='grc' dir='ltr'><strong><em>γόγνεσόιιι</em></strong></span> <span class='ocrx_word' id='word_1_190' title='bbox 1585 3542 1739 3615; x_wconf 73' lang='grc' dir='ltr'><strong><em>πολλάκις</em></strong></span> <span class='ocrx_word' id='word_1_191' title='bbox 1761 3545 1778 3618; x_wconf 75' lang='grc' dir='ltr'><strong><em>ἡ</em></strong></span> <span class='ocrx_word' id='word_1_192' title='bbox 1798 3544 1872 3621; x_wconf 86' lang='grc' dir='ltr'><strong><em>πρός</em></strong></span> 
     </span>
     <span class='ocr_line' id='line_1_24' title="bbox 687 3646 1873 3733; baseline -0.004 -15"><span class='ocrx_word' id='word_1_193' title='bbox 687 3653 722 3718; x_wconf 90' lang='grc' dir='ltr'><strong>τό</strong></span> <span class='ocrx_word' id='word_1_194' title='bbox 756 3651 880 3730; x_wconf 84' lang='grc' dir='ltr'><strong><em>βέλτιον</em></strong></span> <span class='ocrx_word' id='word_1_195' title='bbox 914 3651 1090 3727; x_wconf 73' lang='grc' dir='ltr'><strong><em>μεταβολή.</em></strong></span> <span class='ocrx_word' id='word_1_196' title='bbox 1127 3648 1162 3712; x_wconf 91' lang='lat' dir='ltr'><strong>In</strong></span> <span class='ocrx_word' id='word_1_197' title='bbox 1197 3647 1317 3714; x_wconf 85' lang='lat' dir='ltr'><strong>talibus</strong></span> <span class='ocrx_word' id='word_1_198' title='bbox 1352 3647 1464 3715; x_wconf 84' lang='lat' dir='ltr'><strong>Graeci</strong></span> <span class='ocrx_word' id='word_1_199' title='bbox 1501 3646 1693 3733; x_wconf 90' lang='lat' dir='ltr'><strong>particulam</strong></span> <span class='ocrx_word' id='word_1_200' title='bbox 1731 3647 1873 3714; x_wconf 87' lang='lat' dir='ltr'><strong>addunt:</strong></span> 
     </span>
     <span class='ocr_line' id='line_1_25' title="bbox 688 3755 1529 3837; baseline -0.005 -14"><span class='ocrx_word' id='word_1_201' title='bbox 688 3757 762 3824; x_wconf 79' lang='grc' dir='ltr'><strong><em>ἔοικε</em></strong></span> <span class='ocrx_word' id='word_1_202' title='bbox 787 3757 812 3821; x_wconf 88' lang='grc' dir='ltr'><strong>δ’</strong></span> <span class='ocrx_word' id='word_1_203' title='bbox 836 3756 938 3837; x_wconf 84' lang='grc' dir='ltr'><strong><em>(ἀρα)</em></strong></span> <span class='ocrx_word' id='word_1_204' title='bbox 962 3758 1045 3836; x_wconf 71' lang='grc' dir='ltr'><strong><em>ἀρχὴ</em></strong></span> <span class='ocrx_word' id='word_1_205' title='bbox 1068 3762 1168 3820; x_wconf 84' lang='grc' dir='ltr'><strong><em>κακῶν</em></strong></span> <span class='ocrx_word' id='word_1_206' title='bbox 1192 3755 1333 3836; x_wconf 81' lang='grc' dir='ltr'><strong><em>μειζόνων</em></strong></span> <span class='ocrx_word' id='word_1_207' title='bbox 1356 3755 1529 3833; x_wconf 77' lang='grc' dir='ltr'><strong><em>γίγνεσόαι.</em></strong></span> 
     </span>
    </p>
   </div>
   <div class='ocr_carea' id='block_1_6' title="bbox 687 3987 1875 4493">
    <p class='ocr_par' dir='ltr' id='par_1_6' title="bbox 687 3987 1875 4493">
     <span class='ocr_line' id='line_1_26' title="bbox 733 3987 1873 4077; baseline -0.002 -21"><span class='ocrx_word' id='word_1_208' title='bbox 733 3991 831 4077; x_wconf 78' lang='lat' dir='ltr'><strong>§32z</strong></span> <span class='ocrx_word' id='word_1_209' title='bbox 855 3991 1008 4056; x_wconf 71' lang='lat' dir='ltr'><strong>eierare</strong></span> <span class='ocrx_word' id='word_1_210' title='bbox 1032 3990 1184 4068; x_wconf 82' lang='grc' dir='ltr'><strong><em>ἀναχάνοι</em></strong></span> <span class='ocrx_word' id='word_1_211' title='bbox 1208 3991 1242 4054; x_wconf 85' lang='grc' dir='ltr'><strong>τό</strong></span> <span class='ocrx_word' id='word_1_212' title='bbox 1267 3997 1367 4063; x_wconf 78' lang='grc' dir='ltr'><strong><em>κῆτος.</em></strong></span> <span class='ocrx_word' id='word_1_213' title='bbox 1392 3987 1505 4055; x_wconf 89' lang='lat' dir='ltr'><strong>Bellua</strong></span> <span class='ocrx_word' id='word_1_214' title='bbox 1527 3989 1587 4055; x_wconf 91' lang='lat' dir='ltr'><strong>hoc</strong></span> <span class='ocrx_word' id='word_1_215' title='bbox 1607 3991 1701 4054; x_wconf 85' lang='lat' dir='ltr'><strong>certis</strong></span> <span class='ocrx_word' id='word_1_216' title='bbox 1719 3989 1873 4054; x_wconf 90' lang='lat' dir='ltr'><strong>interval-</strong></span> 
     </span>
     <span class='ocr_line' id='line_1_27' title="bbox 687 4094 1871 4181; baseline -0.003 -18"><span class='ocrx_word' id='word_1_217' title='bbox 687 4096 729 4163; x_wconf 89' lang='lat' dir='ltr'><strong>lis</strong></span> <span class='ocrx_word' id='word_1_218' title='bbox 759 4098 907 4174; x_wconf 84' lang='lat' dir='ltr'><strong>laciebat,</strong></span> <span class='ocrx_word' id='word_1_219' title='bbox 941 4097 1022 4161; x_wconf 90' lang='lat' dir='ltr'><strong>unde</strong></span> <span class='ocrx_word' id='word_1_220' title='bbox 1054 4102 1184 4181; x_wconf 88' lang='lat' dir='ltr'><strong>apparet</strong></span> <span class='ocrx_word' id='word_1_221' title='bbox 1206 4116 1320 4159; x_wconf 84' lang='lat' dir='ltr'><strong>verum</strong></span> <span class='ocrx_word' id='word_1_222' title='bbox 1344 4114 1428 4159; x_wconf 85' lang='lat' dir='ltr'><strong>esse:</strong></span> <span class='ocrx_word' id='word_1_223' title='bbox 1454 4094 1575 4159; x_wconf 84' lang='grc' dir='ltr'><strong><em>όπότε</em></strong></span> <span class='ocrx_word' id='word_1_224' title='bbox 1601 4094 1771 4172; x_wconf 77' lang='grc' dir='ltr'><strong><em>ἀναχάνοι,</em></strong></span> <span class='ocrx_word' id='word_1_225' title='bbox 1796 4096 1818 4159; x_wconf 90' lang='lat' dir='ltr'><strong>i.</strong></span> <span class='ocrx_word' id='word_1_226' title='bbox 1842 4117 1871 4160; x_wconf 90' lang='lat' dir='ltr'><strong>e.</strong></span> 
     </span>
     <span class='ocr_line' id='line_1_28' title="bbox 688 4201 1875 4289; baseline -0.001 -23"><span class='ocrx_word' id='word_1_227' title='bbox 688 4204 928 4289; x_wconf 76' lang='lat' dir='ltr'><strong>quotiescumque.</strong></span> <span class='ocrx_word' id='word_1_228' title='bbox 959 4202 1020 4267; x_wconf 82' lang='lat' dir='ltr'><strong>Sed</strong></span> <span class='ocrx_word' id='word_1_229' title='bbox 1051 4208 1133 4267; x_wconf 84' lang='lat' dir='ltr'><strong>reete</strong></span> <span class='ocrx_word' id='word_1_230' title='bbox 1163 4201 1203 4265; x_wconf 92' lang='lat' dir='ltr'><strong>Il.</strong></span> <span class='ocrx_word' id='word_1_231' title='bbox 1238 4203 1267 4279; x_wconf 91' lang='lat' dir='ltr'><strong>l,</strong></span> <span class='ocrx_word' id='word_1_232' title='bbox 1301 4201 1378 4266; x_wconf 92' lang='lat' dir='ltr'><strong>dnm</strong></span> <span class='ocrx_word' id='word_1_233' title='bbox 1410 4201 1540 4266; x_wconf 85' lang='lat' dir='ltr'><strong>flamma</strong></span> <span class='ocrx_word' id='word_1_234' title='bbox 1567 4203 1633 4264; x_wconf 87' lang='lat' dir='ltr'><strong>iam</strong></span> <span class='ocrx_word' id='word_1_235' title='bbox 1657 4203 1778 4265; x_wconf 84' lang='lat' dir='ltr'><strong>viscera</strong></span> <span class='ocrx_word' id='word_1_236' title='bbox 1801 4221 1875 4267; x_wconf 90' lang='lat' dir='ltr'><strong>con-</strong></span> 
     </span>
     <span class='ocr_line' id='line_1_29' title="bbox 689 4306 1873 4390; baseline -0.002 -15"><span class='ocrx_word' id='word_1_237' title='bbox 689 4311 849 4387; x_wconf 83' lang='lat' dir='ltr'><strong>sumebat,</strong></span> <span class='ocrx_word' id='word_1_238' title='bbox 892 4310 1051 4390; x_wconf 74' lang='grc' dir='ltr'><strong><em>ἀργότερον</em></strong></span> <span class='ocrx_word' id='word_1_239' title='bbox 1091 4310 1250 4386; x_wconf 83' lang='grc' dir='ltr'><strong><em>οὶνέχοοσκε</em></strong></span> <span class='ocrx_word' id='word_1_240' title='bbox 1291 4309 1342 4373; x_wconf 84' lang='grc' dir='ltr'><strong><em>κοοὶ</em></strong></span> <span class='ocrx_word' id='word_1_241' title='bbox 1386 4307 1524 4373; x_wconf 69' lang='grc' dir='ltr'><strong><em>εἴποτε</em></strong></span> <span class='ocrx_word' id='word_1_242' title='bbox 1566 4306 1738 4388; x_wconf 72' lang='grc' dir='ltr'><strong><em>ἀναχάνοι,</em></strong></span> <span class='ocrx_word' id='word_1_243' title='bbox 1779 4309 1873 4388; x_wconf 78' lang='grc' dir='ltr'><strong><em>ταχὺ</em></strong></span> 
     </span>
     <span class='ocr_line' id='line_1_30' title="bbox 689 4415 827 4493; baseline 0.014 -15"><span class='ocrx_word' id='word_1_244' title='bbox 689 4415 827 4493; x_wconf 88' lang='grc' dir='ltr'><strong><em>συνέμυε.</em></strong></span> 
     </span>
    </p>
   </div>
   <div class='ocr_carea' id='block_1_7' title="bbox 1121 4595 1437 4661">
    <p class='ocr_par' dir='ltr' id='par_1_7' title="bbox 1121 4595 1437 4661">
     <span class='ocr_line' id='line_1_31' title="bbox 1121 4595 1437 4661; baseline 0 -3"><span class='ocrx_word' id='word_1_245' title='bbox 1121 4596 1222 4661; x_wconf 78' lang='lat' dir='ltr'><strong>Verar.</strong></span> <span class='ocrx_word' id='word_1_246' title='bbox 1247 4596 1366 4659; x_wconf 76' lang='lat' dir='ltr'><strong>Hister.</strong></span> <span class='ocrx_word' id='word_1_247' title='bbox 1390 4595 1437 4658; x_wconf 88' lang='lat' dir='ltr'><strong>II.</strong></span> 
     </span>
    </p>
   </div>
   <div class='ocr_carea' id='block_1_8' title="bbox 691 4759 1875 4950">
    <p class='ocr_par' dir='ltr' id='par_1_8' title="bbox 691 4759 1875 4950">
     <span class='ocr_line' id='line_1_32' title="bbox 734 4759 1875 4849; baseline -0.002 -20"><span class='ocrx_word' id='word_1_248' title='bbox 734 4767 752 4849; x_wconf 83' lang='lat'>§</span> <span class='ocrx_word' id='word_1_249' title='bbox 772 4764 832 4829; x_wconf 83' lang='lat'><strong>25:</strong></span> <span class='ocrx_word' id='word_1_250' title='bbox 866 4764 958 4830; x_wconf 89' lang='grc' dir='ltr'><strong><em>έδόκει</em></strong></span> <span class='ocrx_word' id='word_1_251' title='bbox 984 4764 1015 4827; x_wconf 80' lang='grc' dir='ltr'><strong>δέ</strong></span> <span class='ocrx_word' id='word_1_252' title='bbox 1038 4765 1161 4842; x_wconf 74' lang='grc' dir='ltr'><strong><em>κάκείνη</em></strong></span> <span class='ocrx_word' id='word_1_253' title='bbox 1184 4767 1305 4841; x_wconf 80' lang='grc' dir='ltr'><strong><em>ταῦτα,</em></strong></span> <span class='ocrx_word' id='word_1_254' title='bbox 1329 4761 1467 4842; x_wconf 77' lang='grc' dir='ltr'><strong><em>οἷχεσόαι</em></strong></span> <span class='ocrx_word' id='word_1_255' title='bbox 1492 4760 1640 4831; x_wconf 84' lang='grc' dir='ltr'><strong><em>ἀπιόντας</em></strong></span> <span class='ocrx_word' id='word_1_256' title='bbox 1664 4759 1693 4832; x_wconf 83' lang='grc' dir='ltr'><strong>ἔς</strong></span> <span class='ocrx_word' id='word_1_257' title='bbox 1717 4784 1787 4824; x_wconf 87' lang='grc' dir='ltr'><strong><em>τινα</em></strong></span> <span class='ocrx_word' id='word_1_258' title='bbox 1812 4769 1875 4828; x_wconf 78' lang='grc' dir='ltr'><strong>τῶν</strong></span> 
     </span>
     <span class='ocr_line' id='line_1_33' title="bbox 691 4868 1556 4950; baseline -0.005 -14"><span class='ocrx_word' id='word_1_259' title='bbox 691 4871 956 4948; x_wconf 90' lang='grc' dir='ltr'><strong><em>έπικειμένοιν</em></strong></span> <span class='ocrx_word' id='word_1_260' title='bbox 980 4874 1084 4943; x_wconf 68' lang='grc' dir='ltr'><strong><em>νήσων.</em></strong></span> <span class='ocrx_word' id='word_1_261' title='bbox 1108 4870 1231 4936; x_wconf 89' lang='lat' dir='ltr'><strong>Immo:</strong></span> <span class='ocrx_word' id='word_1_262' title='bbox 1256 4868 1556 4950; x_wconf 85' lang='grc' dir='ltr'><strong><em>περικειμένων.</em></strong></span> 
     </span>
    </p>
   </div>
   <div class='ocr_carea' id='block_1_9' title="bbox 0 0 2574 6148">
    <p class='ocr_par' dir='ltr' id='par_1_9' title="bbox 0 0 2574 6148">
     <span class='ocr_line' id='line_1_34' title="bbox 0 0 2574 6148; baseline 0 0"><span class='ocrx_word' id='word_1_263' title='bbox 0 0 2574 6148; x_wconf 95' lang='lat' dir='ltr'><strong> </strong></span> 
     </span>
    </p>
   </div>
  </div>
 </body>
</html>
