5125 6150
780 808 846 875 260
1289 819 1454 877 nummos}

780 990 928 1064 brevem,
952 985 1076 1063 levem,
1100 986 1242 1051 habilem
1267 985 1306 1051 ad
1330 1007 1462 1050 manum
1487 985 1653 1072 descripsit
1670 986 1824 1053 libanius
1843 989 1933 1054 '1¹0m.
1952 988 1969 1052 I

779 1116 811 1179 p.
840 1093 921 1157 100:
952 1090 985 1165 tv
1008 1114 1060 1169 μοι
1084 1094 1101 1166 ἦ
1126 1091 1308 1157 Θουκυδίδου
1332 1094 1505 1171 συγγραφὴ
1530 1092 1709 1170 γράμματα
1735 1094 1792 1171 μὲν
1816 1093 1845 1156 ἐν
1869 1095 1973 1173 μικροί-

780 1222 849 1272 τκτι
872 1198 1040 1277 χαρίεντα,
1065 1197 1099 1261 τὸ
1122 1197 1154 1262 δὲ
1178 1196 1308 1275 σύμπαν
1332 1194 1408 1262 οὕτω
1434 1196 1532 1280 ρ’ρίδιον
1556 1198 1657 1277 Φίρειν
1677 1195 1730 1266 ὦς’
1749 1200 1843 1270 αὐτὸς
1863 1197 1971 1280 ἔφερον

780 1302 891 1373 παιδὸς
922 1303 1154 1373 ἀκολουθοῦντος
1186 1304 1237 1366 καί
1261 1304 1296 1367 τὸ
1320 1301 1441 1379 Φορτίον
1467 1303 1572 1379 τέρψις
1598 1296 1639 1373 ἦν.
1670 1304 1736 1368 Neo
1760 1315 1866 1368 tamen
1892 1307 1971 1369 satis

780 1411 922 1495 apposite
953 1410 1103 1473 scribitur
1134 1405 1377 1488 περιβαλόμενος
1408 1414 1440 1472 et
1462 1407 1567 1472 multo
1591 1411 1695 1494 magis
1719 1408 1822 1493 placet
1844 1433 1971 1488 περιε-

778 1516 966 1597 χόμενος.
992 1513 1053 1579 Sed
1076 1514 1153 1598 quid
1176 1519 1337 1598 praeterea
1361 1518 1409 1578 est
1429 1512 1668 1591 ξυγκολλιίσαςί
1692 1514 1782 1580 Nihil
1802 1516 1842 1580 ad
1861 1514 1970 1581 locum

779 1620 1003 1705 explicandum
1028 1620 1147 1684 confert
1170 1621 1188 1702 ᾖ
1210 1619 1262 1695 16,
1286 1620 1343 1683 ubi
1365 1626 1450 1684 recte
1474 1626 1648 1705 usurpatur
1671 1624 1886 1706 compositum
1906 1622 1970 1686 δια-

778 1729 906 1802 κολλιῖν,
929 1746 986 1791 nec
1011 1726 1133 1790 Bittius
1156 1727 1189 1788 in
1214 1722 1389 1788 utilissimo
1413 1725 1495 1790 libro
1519 1726 1557 1790 de
1579 1725 1626 1789 Re
1650 1724 1794 1791 libraria
1815 1725 1969 1791 Veterum

777 1831 884 1896 lucem
909 1831 1006 1895 dabit.
1030 1830 1118 1894 Num
1141 1829 1273 1894 fortasse
1296 1827 1376 1894 latet
1398 1828 1682 1907 ξυγκομίσαςί

823 2049 841 2132 ξ
863 2046 892 2113 7.
925 2046 1074 2111 Indoctus
1104 2045 1223 2111 librum
1249 2049 1363 2112 recitat
1385 2047 1648 2128 βαρβαρίζων
1671 2048 1724 2112 καί
1750 2047 1970 2128 καταισχύνων

776 2153 829 2217 καί
860 2151 1041 2230 διατρέφων.
1078 2151 1206 2217 Scilicet
1239 2151 1352 2238 lingua
1387 2160 1540 2239 perpetuo
1573 2155 1694 2218 titubat
1724 2161 1757 2219 et
1786 2155 1971 2221 indistincte

776 2257 935 2342 loquitnr;
969 2257 1043 2320 hinc
1074 2257 1159 2321 malo
1182 2257 1456 2339 βατταρίζων.
1482 2258 1534 2324 Sic
1557 2258 1716 2324 Timocles
1739 2263 1772 2323 in
1796 2259 1871 2325 Iove
1894 2259 1970 2326 'lra-

777 2364 879 2449 goede
903 2362 945 2429 27
969 2361 1155 2443 βαπταρίζει
1180 2363 1232 2428 καί
1258 2364 1462 2443 ταράττεται.

822 2579 913 2666 §ab
939 2581 1045 2666 Rogat
1072 2582 1233 2646 Lucienus
1256 2581 1421 2647 indoctum
1440 2581 1564 2667 quando
1582 2580 1686 2667 legat3
1707 2604 1786 2647 num
1805 2581 1968 2648 interdiu?

777 2688 851 2751 αλλ’
875 2686 969 2758 οὐδεὶς
995 2686 1106 2765 ἑιίρακε
1130 2691 1218 2751 τοῦτο
1242 2691 1397 2752 ποιοῦντα.
1422 2686 1663 2773 Supplendum:
1692 2688 1767 2751 ἄλλ’
1790 2689 1884 2760 οὐδείς
1909 2693 1967 2769 (π’)

777 2793 901 2872 ἕοίρακε.

822 2998 839 3081 §
861 2994 921 3059 30:
946 2995 1012 3072 περὶ
1039 2993 1069 3058 δὲ
1093 3000 1150 3058 τῶν
1170 2992 1275 3058 ἄλλων
1294 2990 1352 3059 ὅσα
1374 2993 1565 3063 κατάπτυςα
1586 2995 1637 3059 καί
1660 2996 1830 3064 ἐπονείδιςα
1850 3007 1945 3071 ποιεῖς
1957 3046 1965 3076 ,

778 3097 893 3175 αὖθις
916 3100 1041 3166 ἀκούσει
1066 3099 1231 3174 πολλάκις.
1256 3101 1360 3187 Lege:
1386 3102 1418 3166 εί
1428 3103 1583 3173 σαῦίιρ.

1080 3267 1252 3331 Obbam-niae
1275 3289 1334 3331 non
1358 3275 1463 3331 tenere
1484 3269 1669 3332 σσοοίονιιίιοοο.

821 3419 890 3504 §st
927 3419 1054 3505 Apelles
1089 3417 1322 3504 Colophonius,
1355 3424 1393 3483 ut
1424 3418 1561 3497 ridetur,
1597 3420 1652 3504 qui
1687 3417 1897 3486 Alexandriae
1931 3424 1965 3485 in

775 3525 848 3591 aula
878 3545 996 3611 magna
1025 3526 1132 3609 gratia
1163 3523 1309 3603 florebat,
1334 3524 1498 3589 dicebatur
1521 3527 1678 3609 particeps
1701 3525 1800 3589 fuisse
1823 3529 1966 3591 coniura-

774 3633 872 3695 tionis
903 3636 1011 3694 contro
1042 3627 1266 3693 Ptolemaeum
1299 3629 1550 3714 Philopatorem.
1576 3627 1764 3696 confudisse
1788 3631 1880 3695 credo
1904 3632 1966 3696 Lu-

774 3739 902 3802 ciannm
931 3755 968 3799 aa
991 3755 1071 3819 quas
1094 3733 1178 3818 apud
1202 3734 1378 3820 Polybium
1402 3734 1524 3820 legerat
1546 3733 1600 3797 IV.
1626 3733 1714 3799 86.8
1739 3743 1771 3799 et
1796 3736 1831 3801 V.
1858 3738 1963 3814 40.1;

775 3841 829 3907 sed
860 3842 921 3904 hoc
949 3860 1032 3903 nunc
1064 3859 1125 3902 non
1156 3859 1227 3924 ago.
1263 3837 1351 3904 Illud
1380 3861 1432 3904 me
1463 3839 1603 3904 advertit
1627 3840 1712 3924 quod
1736 3839 1774 3906 de
1797 3843 1866 3926 ipso
1890 3864 1965 3929 rege

774 3946 932 4031 legimus:
969 3944 1035 4008 οὐδὲ
1070 3943 1104 4007 τὸ
1141 3943 1295 4022 παροίπαν
1330 3946 1355 4007 εί
1391 3943 1577 4018 ἐξέπλευσεν
1611 3947 1771 4018 Ἀπελλῆς
1807 3947 1837 4017 ἐς
1869 3948 1966 4026 Τύρον

775 4051 946 4128 tesseras,
968 4051 1053 4121 εὐθὺς
1079 4045 1172 4113 ’ἕαδε
1195 4050 1356 4123 μκνίειν
1377 4049 1428 4113 καί
1450 4049 1525 4126 βοῆς
1546 4050 1721 4126 ε’νεπίμπλκ
1742 4051 1783 4114 τοὶ
1803 4051 1965 4129 βασίλεια.

774 4155 894 4222 Scribit
928 4152 1067 4221 (lobetus
1100 4153 1172 4219 Var.
1205 4154 1292 4218 Lect.
1323 4176 1355 4239 p.
1381 4153 1464 4219 195:
1498 4155 1649 4232 „foedum
1685 4154 1776 4220 ulcus
1812 4163 1860 4221 est
1895 4154 1966 4223 ἕαδε

774 4263 901 4340 μηνίειν,
924 4264 958 4324 in
981 4281 1043 4344 quo
1067 4261 1196 4324 subesse
1221 4262 1364 4345 suspicor
1389 4260 1538 4337 ἦδκμίνει.
1561 4260 1700 4326 Verbum
1721 4261 1883 4336 ἀδημονεῖν
1902 4287 1965 4330 non

774 4369 922 4433 abhorret
952 4366 990 4430 ab
1023 4366 1119 4430 buius
1148 4363 1252 4430 libelli
1283 4369 1425 4431 oratione
1448 4373 1480 4432 et
1503 4365 1594 4443 stilo,
1617 4369 1650 4430 in
1675 4388 1737 4452 quo
1761 4366 1866 4432 multa
1890 4377 1966 4434 sunt

774 4478 903 4538 vetusta
943 4469 1099 4536 vocabula
1140 4469 1246 4534 studio
1288 4472 1463 4554 quaesita.’'
1507 4471 1664 4555 Equidem
1702 4494 1765 4536 non
1799 4477 1963 4539 assentior.

774 4577 902 4642 Etenim
926 4575 1003 4660 quid
1028 4595 1137 4660 regem
1162 4574 1271 4640 fecisse
1296 4573 1459 4640 dicemus?
1482 4575 1663 4640 Excanduit
1682 4579 1729 4641 ira
1749 4582 1780 4640 et
1800 4579 1963 4643 hominem

772 4685 929 4746 miserum
960 4686 993 4744 et
1022 4682 1223 4744 innocentem
1246 4679 1385 4744 carnifici
1409 4680 1584 4744 traditurus
1609 4687 1693 4758 erat,
1717 4681 1815 4747 donec
1838 4684 1876 4747 ab
1899 4704 1964 4749 uno

774 4808 814 4852 ex
838 4785 950 4851 aulicis
973 4785 1108 4851 meliora
1125 4786 1254 4851 edoctus
1275 4785 1348 4849 fuit.
1373 4786 1456 4865 Quid
1474 4791 1583 4850 antem
1602 4787 1762 4872 significat
1782 4788 1964 4863 αδκμονεῖνί

773 4893 891 4956 Animo
921 4890 1084 4955 concidere
1115 4897 1147 4956 et
1177 4892 1301 4971 ιίτορεῖν
1331 4898 1364 4956 et
1386 4890 1575 4971 ἀμηχανεῖν,
1600 4894 1695 4957 sicuti
1719 4895 1855 4958 Photius
1878 4900 1963 4961 recte
