5125 6150
1015 879 1057 925 61
1082 879 1197 925 carnai
1221 879 1346 925 111611.
1709 860 1773 924 2111

586 1044 689 1127 661116
712 1044 797 1105 vatis
816 1040 891 1105 inde
910 1047 1049 1104 statuere
1066 1039 1221 1104 licuisset.
1246 1041 1339 1104 Nunc
1361 1060 1433 1104 vero
1454 1048 1634 1104 statuamus
1654 1061 1778 1104 necesse

583 1156 647 1222 est,
674 1145 862 1222 Platonem,
886 1167 962 1210 cum
985 1143 1149 1228 Orpheum
1172 1148 1256 1209 inter
1279 1145 1379 1209 claros
1404 1143 1541 1210 Graecos
1564 1151 1712 1230 poneret,
1739 1144 1777 1208 de

583 1254 689 1336 patria
713 1253 782 1315 eius
805 1250 900 1334 plane
924 1270 1075 1315 securum
1099 1250 1214 1328 fuisse,
1240 1270 1339 1334 aeque
1359 1271 1395 1315 ac
1414 1248 1644 1335 Aristophanes
1662 1251 1721 1314 hac
1741 1250 1778 1313 de

582 1378 615 1421 re
648 1377 689 1419 ne
720 1359 896 1421 somniavit
928 1356 1058 1441 quidem
1082 1377 1157 1420 cum
1180 1364 1334 1441 pangeret
1357 1377 1468 1420 versus
1493 1359 1676 1421 notissimos
1700 1356 1777 1419 Ran.

587 1460 678 1525 1033
699 1483 767 1545 sqq.

631 1567 786 1646 Quinimo
817 1568 980 1631 interdum
1011 1570 1111 1631 nimio
1135 1567 1241 1630 studio
1264 1568 1415 1650 abreptus
1438 1590 1499 1630 non
1523 1567 1612 1630 videt
1634 1587 1665 1630 1.
1692 1567 1722 1630 d.
1747 1588 1780 1630 se

580 1678 695 1759 ipsum
730 1674 910 1737 adversario
941 1693 1031 1737 arma
1063 1694 1246 1758 suggerere.
1280 1673 1405 1756 Pagina
1432 1672 1472 1735 19
1504 1694 1530 1736 6.
1555 1695 1588 1758 g.
1621 1671 1779 1757 legimus:

585 1779 675 1856 „Mit
700 1778 870 1855 Musaeus,
895 1799 934 1842 an
955 1779 1064 1842 dassen
1085 1778 1309 1863 griechischen,
1330 1779 1482 1841 attischer
1501 1776 1665 1841 Herkuuft
1684 1777 1782 1840 aelbst

583 1884 668 1949 noch
693 1883 813 1948 Rhesos
838 1883 946 1947 94411.
970 1883 1194 1948 ausdriiclrlich
1219 1881 1362 1958 festhitlt,
1384 1884 1543 1948 eracheint
1562 1882 1708 1967 Orpheus
1731 1883 1782 1947 hei

582 1989 703 2053 Platon
735 1989 817 2053 111161
847 1989 1032 2053 verbunden
1064 1989 1145 2053 ohne
1176 1991 1246 2052 eine
1277 1988 1362 2071 Spur
1386 2010 1448 2052 von
1471 1989 1684 2072 Andeutung,
1711 1988 1782 2052 dass

582 2117 619 2159 61
653 2095 728 2158 hein
752 2092 887 2159 Grieche
912 2094 989 2158 sei.”
1023 2093 1147 2158 Habuit
1170 2096 1274 2179 igitur
1298 2101 1427 2158 auctore
1453 2093 1586 2159 Webero
1610 2093 1781 2158 Musaeum

584 2200 818 2264 Atheniensem
843 2201 972 2264 divinus
996 2199 1216 2284 philosophus.
1243 2199 1334 2263 Unde
1356 2200 1416 2262 hoc
1440 2198 1591 2284 apparet?
1613 2221 1688 2264 nam
1706 2199 1783 2263 licet

585 2307 667 2391 Rep.
688 2305 720 2369 11
740 2305 841 2370 36411
859 2306 985 2370 Musaei
1005 2309 1124 2390 origini
1144 2306 1270 2369 divinae
1291 2305 1386 2368 fidem
1407 2326 1440 2369 se
1459 2327 1523 2369 non
1543 2306 1658 2370 habere
1677 2306 1782 2370 verbis

585 2408 625 2481 ὥς
649 2418 731 2488 Qasr
754 2410 890 2486 indicet,
915 2410 990 2494 quid
1015 2431 1125 2475 revera
1148 2409 1318 2474 crediderit
1336 2431 1492 2493 nusquam
1514 2411 1678 2475 nobiseum
1700 2433 1783 2476 com·

586 2518 781 2580 manicavit.
805 2518 847 2580 At
869 2522 994 2601 poterat
1016 2519 1096 2581 scire
1119 2516 1213 2580 Plato
1237 2537 1253 2579 e
1277 2514 1376 2579 Rhesi
1400 2537 1494 2580 16166
1520 2515 1585 2579 945
1609 2517 1782 2582 Musaeum

587 2621 690 2685 fuisse
723 2619 900 2697 Graecum,
930 2616 1096 2699 'Atticum3
1129 2621 1277 2685 afferatur
1299 2623 1402 2706 igitur
1425 2622 1477 2684 hic
1500 2640 1611 2684 161666
1634 2643 1691 2705 616
1715 2623 1786 2706 phi·

586 2726 716 2810 losophi
748 2729 914 2790 sententia.
946 2724 1108 2802 Concedo,
1141 2726 1195 2790 sed
1219 2746 1315 2789 versu
1341 2725 1406 2789 944
1431 2718 1573 2790 eiusdem
1599 2727 1782 2812 tragoediae

588 2832 737 2916 Orpheus
768 2839 900 2895 vocatur
930 2829 1051 2896 Thrax!
1082 2831 1198 2896 licetne
1221 2832 1306 2895 hunc
1330 2853 1455 2915 quoque
1479 2853 1609 2896 versum
1633 2853 1689 2916 pro
1713 2833 1784 2897 Pla

589 2939 675 3002 tonis
699 2939 847 3021 opinione
870 2936 995 3001 61161111
1024 2935 1178 3002 Minime!
1203 2938 1371 3022 respondet
1394 2937 1566 3013 Weberus,
1591 2957 1666 3001 nam
1689 2937 1783 3003 Plato

589 3042 736 3109 Rhesum
759 3062 798 3107 ne
821 3041 904 3129 legit
927 3041 1075 3128 quideml

635 3146 731 3211 Plato
750 3167 791 3210 an
810 3146 1004 3212 Alcestidem
1023 3148 1229 3232 Rhesumque
1248 3147 1365 3233 legerit
1385 3170 1496 3224 necne,
1523 3152 1594 3232 quis
1618 3170 1675 3233 pro
1698 3155 1782 3213 certo
1833 3157 1839 3166 ’

589 3252 750 3316 affirmare
774 3249 899 3336 potest?
922 3253 1057 3315 Statucre
1079 3261 1188 3317 autem
1212 3253 1291 3317 duas
1311 3254 1367 3317 has
1388 3253 1512 3318 fabulas
1531 3256 1560 3317 ei
1581 3254 1678 3318 fuisse
1695 3257 1785 3339 igno·

588 3365 639 3421 tas
671 3363 768 3441 atque
798 3358 858 3421 hoc
886 3358 1010 3423 decreto
1034 3380 1090 3443 pro
1113 3358 1321 3422 fundamento
1345 3362 1394 3422 uti
1418 3379 1480 3443 quo
1503 3359 1566 3423 alia
1589 3380 1652 3423 non
1676 3363 1784 3423 minus

590 3466 713 3527 incerta
747 3466 902 3540 nitantur,
935 3463 1106 3540 Weberus,
1144 3467 1264 3549 opinor.
1300 3485 1465 3547 nunquam
1501 3467 1689 3548 suscepisset
1722 3467 1784 3528 nisi

590 3571 714 3654 optime
746 3572 957 3654 perspexisset
988 3569 1169 3655 tragoedias
1192 3568 1264 3632 illas
1288 3572 1464 3633 sententiae
1487 3590 1562 3634 6666
1586 3591 1652 3634 6666
1672 3570 1786 3634 moles·

591 3677 752 3749 tissimus,
777 3673 859 3737 illud
881 3676 985 3760 igitur
1006 3676 1277 3759 impedimentum
1302 3675 1525 3758 quoquomodo
1549 3696 1566 3739 e
1589 3676 1695 3740 medio
1717 3697 1785 3740 esse

591 3776 785 3843 tollendum.
799 3777 882 3842 Nam
894 3780 979 3863 quod
990 3783 1089 3844 iactat
1100 3787 1206 3844 extare
1218 3780 1463 3863 discrepantiam
1476 3782 1559 3845 inter
1570 3784 1784 3845 narrationem

592 3882 630 3947 de
656 3882 827 3946 Alcestidis
851 3884 956 3948 reditu
979 3885 1063 3970 apud
1088 3884 1256 3949 Platonem
1280 3893 1376 3968 atque
1400 3884 1543 3949 fabulam
1563 3886 1786 3970 Euripideum,

593 3988 805 4075 philosophus
832 3997 864 4053 61
887 3992 1028 4075 tragicus
1051 3992 1161 4055 eodem
1184 3991 1300 4075 mytho
1325 3989 1470 4075 populari
1494 4013 1549 4075 pro
1572 4013 1629 4056 suo
1653 3994 1787 4075 quisque

593 4097 727 4180 ingenio
758 4115 794 4158 ac
827 4094 887 4159 fine
918 4099 969 4160 usi
999 4111 1091 4173 sunt,
1117 4096 1390 4180 quemadmodum
1413 4095 1588 4179 sculptores
1611 4099 1719 4181 graeci
1742 4115 1786 4158 ar·

594 4183 753 4284 gumenta
781 4200 1002 4287 mythologice
1026 4204 1116 4266 16116
1138 4202 1234 4266 modo
1256 4206 1435 4266 tractarunt
1458 4203 1651 4286 saepissime.
1684 4200 1787 4264 Nemo

595 4319 704 4370 autem
736 4308 928 4372 asseverahit
958 4306 1146 4391 Euripidem
1179 4328 1240 4371 non
1271 4306 1388 4392 legisse
1415 4306 1595 4370 Homerum
1622 4305 1787 4387 nequent

598 4414 737 4489 Κύπρια,
761 4409 836 4475 licet
857 4414 890 4474 in
921 4411 1029 4476 fabula
1061 4434 1118 4475 sua
1148 4410 1271 4476 Helena
1301 4411 1451 4475 Paridem
1482 4432 1543 4475 non
1575 4408 1702 4473 Troiam
1735 4408 1790 4473 sed

597 4515 779 4600 Memphim
808 4516 1006 4600 absportasse
1029 4515 1246 4602 Tyndaridem
1270 4519 1423 4579 enarrarit
1448 4516 1499 4594 (cf.
1525 4514 1642 4578 Herod.
1667 4515 1698 4577 lI
1724 4514 1788 4579 112

597 4627 690 4706 sqq-l·
716 4622 847 4685 Accedit
869 4622 954 4704 quod
980 4620 1071 4686 Plato
1095 4627 1286 4707 argumento
1310 4620 1485 4704 Euripideo
1506 4623 1555 4683 uti
1574 4642 1637 4684 non
1650 4627 1788 4701 poteram

597 4747 671 4790 nam
703 4747 778 4789 cum
810 4727 856 4790 ibi
883 4714 1039 4791 Hercules
1063 4735 1225 4792 mortuam
1250 4725 1350 4789 Morti
1374 4726 1495 4789 auferat
1519 4733 1557 4788 ut
1580 4726 1699 4808 hospiti
1721 4746 1791 4809 gra·

598 4834 677 4896 tiam
701 4852 794 4895 suam
818 4838 964 4908 testetur,
987 4835 1021 4897 in
1045 4831 1203 4899 06611116
1226 4831 1436 4917 philosophus
1456 4833 1624 4895 notissimo
1644 4827 1791 4913 exemplo

598 4936 763 5024 illustrare
785 4937 903 5015 voluit,
923 4938 998 5003 deos
1017 4942 1103 5023 ipsos
1122 4940 1239 5003 1616166
1259 4958 1372 5001 1616111
1386 4957 1528 5002 amorem
1541 4956 1637 5021 quam
1650 4938 1791 4999 maximo

1612 5054 1645 5103 14
