5125 6150
1201 802 1373 880 sonneras.

739 1011 760 1063 B
774 998 850 1063 388.

781 1105 935 1184 ίδρώσει
960 1104 1033 1180 μέν
1057 1129 1125 1169 τεν
1147 1107 1338 1184 τελαμὼν
1364 1105 1450 1186 ἀμφί
1476 1106 1618 1180 στιίίισσι

781 1213 909 1282 ἀσπίδος
934 1212 1151 1292 ἀμφιβρότης,
1176 1212 1242 1293 περί
1267 1214 1294 1279 δ’
1319 1211 1414 1295 ἔγχεϊ
1433 1221 1555 1294 χεῖρα
1577 1221 1797 1290 καμεῖται·

782 1318 894 1398 ἱδρώσει
919 1317 950 1383 δέ
975 1321 1020 1384 τέ
1043 1317 1134 1391 ἵππος
1161 1319 1260 1397 ἐύξοον
1284 1318 1372 1398 ἀρμα
1395 1322 1545 1386 τιταίνων.

691 1427 826 1511 Propter
848 1430 994 1510 ineptum
1019 1427 1108 1491 verbi
1130 1426 1224 1504 ίδροῦν
1248 1447 1345 1490 usum
1368 1429 1402 1490 in
1423 1430 1526 1512 primo
1547 1449 1659 1506 versu,
1680 1433 1877 1514 pronominis

693 1534 829 1598 formam
865 1537 1091 1610 recentiorem,
1130 1533 1319 1618 impeditam
1351 1536 1612 1618 compositionem
1643 1534 1728 1600 haud
1759 1543 1877 1604 temere

691 1639 859 1705 Leidenses
881 1641 932 1705 hic
956 1648 1098 1704 veterem
1121 1639 1335 1724 corruptelam
1359 1639 1482 1705 odorati
1504 1647 1588 1705 sunt.

736 1746 850 1811 Procul
880 1746 975 1811 dubio
999 1767 1093 1810 causa
1116 1749 1230 1810 erroris
1252 1746 1315 1810 luit
1339 1745 1444 1811 simile
1467 1765 1513 1812 rs.
1539 1751 1626 1813 tertii
1647 1750 1795 1828 initium,
1821 1751 1876 1816 ubi

691 1855 812 1937 optime
835 1874 867 1918 se
891 1853 987 1918 habet
1011 1851 1135 1930 ἱδρώσει.
1161 1837 1256 1916 Haud
1280 1856 1389 1938 inepte
1412 1851 1500 1917 locus
1524 1856 1568 1918 sic
1591 1855 1798 1920 scriberetur:

782 1958 939 2039 (τ)ιδρὼς
963 1959 1033 2034 μὲν
1057 1957 1191 2023 δεώσει
1216 1960 1416 2034 τελαμών
1441 1957 1527 2037 ἀμφί
1552 1961 1705 2034 στιὶίεσσιΙ

780 2065 907 2136 ἀσπίδος
933 2063 1152 2144 ἀμφιβρίτλς,
1178 2062 1245 2141 περί
1270 2062 1296 2127 δ’
1322 2062 1416 2141 ἔγχεϊ
1439 2063 1530 2144 χείρ
1556 2089 1598 2129 κε
1622 2065 1793 2148 κώμῃσι·

780 2170 933 2252 (τ)ιδρώσει
959 2170 991 2234 δέ
1013 2172 1057 2234 τε’
1083 2169 1177 2239 ἵππος
1203 2166 1301 2244 ἐΰξοον
1326 2164 1413 2249 ἀρρια
1436 2172 1587 2237 τιταίνων.

689 2300 751 2363 quo
782 2284 875 2363 pacto
906 2276 1004 2342 simul
1035 2282 1158 2341 remota
1181 2276 1261 2341 foret
1285 2276 1389 2341 forma
1413 2279 1537 2342 novicia
1560 2286 1719 2355 καμεῖται.
1743 2278 1779 2344 ln
1803 2302 1874 2346 con*

687 2388 824 2450 iunctiri
848 2391 934 2463 (cum
959 2406 1025 2450 roc.
1052 2389 1115 2463 κεν)
1139 2403 1196 2467 pro
1220 2383 1330 2447 futuro
1354 2404 1416 2447 usu
1439 2403 1532 2448 nemo
1555 2385 1707 2452 haerebit.

734 2604 845 2670 3615.
870 2597 897 2669 οἳ
922 2606 948 2669 δ’
972 2600 1031 2684 ἀρα
1057 2602 1240 2683 Βουπράσιίν
1263 2627 1299 2668 τε
1324 2603 1375 2667 καί
1396 2602 1514 2668 Ἤλιδα
1538 2604 1606 2669 δῖαν
1629 2602 1734 2672 ἔναιον.

688 2713 970 2778 Animadversicne
994 2710 1130 2796 dignum
1155 2710 1283 2775 videtur
1306 2731 1421 2774 nomen
1439 2704 1551 2788 Ἦλις,
1575 2709 1651 2777 licet
1673 2715 1758 2797 ipsos
1780 2713 1873 2779 Illeos

687 2823 783 2890 Ἑάλις
805 2818 921 2882 dixisse
941 2823 1077 2893 constet,
1099 2816 1183 2902 apud
1204 2816 1383 2880 Homerum
1401 2837 1561 2900 nusquam
1573 2817 1688 2883 habere
1699 2818 1871 2906 digamma.

734 3021 846 3089 r105.
869 3020 962 3100 ἀξετε
987 3020 1017 3086 δὲ
1041 3021 1187 3102 Πριάμοιο
1211 3020 1294 3100 βίον,
1319 3018 1387 3100 ὄφρ’
1412 3017 1495 3100 ὅρκια
1515 3021 1618 3105 τάμνρ

869 3129 981 3206 αὖτίς,
1006 3129 1073 3192 ἐπεί
1095 3152 1133 3194 ιιι
1158 3126 1267 3200 παῖδες
1293 3126 1476 3206 ὑπερφίαλοι
1502 3129 1553 3193 καί
1579 3127 1718 3196 ἄπιστοι·

868 3237 981 3312 μήτις
1007 3234 1179 3316 ὑπερβασίῃ
1204 3236 1276 3302 Διὸς
1300 3231 1383 3311 ἀρκια
1407 3232 1590 3307 δηλήσηται.

867 3341 940 3423 [aiei
965 3341 990 3404 δ’
1013 3339 1181 3420 ἀπλοτίριον
1205 3338 1316 3418 ἀνδρῶν
1340 3337 1448 3420 φρίνες
1471 3340 1648 3418 ἀερίίονται.

868 3444 909 3518 οἷς
935 3448 960 3510 δ’
985 3448 998 3511 ἀ
1022 3448 1116 3526 γέρων
1141 3446 1295 3529 μετίρσιν,
1319 3443 1389 3523 ἀραα
1410 3444 1529 3526 τρίποσι
1553 3446 1603 3511 καί
1629 3447 1743 3513 ίπίσσοι

866 3554 1007 3630 λεύσσει,
1033 3549 1112 3625 ἀποις
1137 3554 1187 3634 ὄχ’
1211 3551 1323 3632 ἀριστα
1347 3558 1418 3625 μετ’
1442 3552 1641 3633 ἀμφοτέροισι
1664 3553 1818 3641 γίνηται]

687 3662 889 3726 Aristarchus
920 3666 984 3725 tres
1015 3658 1149 3724 ultimos
1181 3680 1291 3725 versus
1323 3662 1566 3745 proscripserat,
1600 3659 1655 3725 sed
1678 3663 1780 3727 critici
1801 3662 1871 3729 Lei-

686 3769 796 3833 denses
827 3767 909 3832 solos
939 3767 1017 3832 duos
1048 3765 1179 3831 ultimos
1203 3770 1444 3851 expunxerunt,
1469 3765 1607 3831 dicentes
1630 3788 1677 3832 vs.
1704 3766 1768 3833 108
1793 3773 1870 3835 satis

687 3875 810 3939 defendi
840 3874 909 3938 loco
948 3871 1115 3937 simillimo
1147 3882 1173 3936 Z
1199 3870 1265 3936 352
1290 3872 1359 3949 (ubi
1385 3871 1423 3935 de
1450 3870 1559 3937 Paride
1583 3872 1700 3937 dicitur
1724 3876 1819 3955 τούτῳ
1843 3877 1869 3940 δ’

685 3982 748 4047 οὔτ’
772 3978 833 4056 ἀρα
855 3985 903 4043 νῦν
927 3979 1034 4058 φρένες
1059 3977 1183 4054 ἔμπεδοι
1208 3977 1271 4042 οὔτ’
1296 3976 1345 4050 ἀρ’
1369 3977 1484 4042 ὀπίσσω
1502 3975 1665 4059 ἔσσονται),
1687 3982 1771 4066 quod
1792 3982 1868 4066 quid

686 4088 748 4153 sibi
779 4086 859 4151 velit
891 4108 951 4151 non
982 4107 1140 4171 assequor.
1164 4084 1321 4169 Equidem
1345 4084 1430 4149 hunc
1454 4105 1578 4170 quoque
1602 4106 1729 4150 versum
1753 4091 1868 4155 merito

684 4215 701 4259 a
734 4197 842 4259 critico
874 4192 1088 4259 Alexandrino
1121 4193 1308 4257 damnatum
1341 4212 1408 4256 esse
1432 4192 1577 4269 arbitror,
1602 4214 1662 4258 non
1686 4214 1760 4258 sane
1784 4195 1867 4281 quod

684 4324 739 4388 per
773 4323 805 4366 se
840 4322 902 4365 non
937 4302 1058 4384 optime
1089 4300 1193 4363 dictus
1223 4301 1283 4376 sit,
1317 4297 1370 4362 sed
1399 4298 1484 4383 quod
1515 4319 1577 4363 non
1608 4302 1650 4363 sit
1673 4299 1770 4366 huius
1793 4301 1866 4368 loci.

685 4409 802 4493 Aperta
833 4409 918 4470 enim
948 4406 1156 4491 interpolator
1187 4411 1248 4469 noir
1272 4408 1435 4489 reputavit
1460 4426 1506 4469 vs.
1534 4404 1597 4470 106
1621 4410 1779 4473 continere
1803 4432 1866 4474 non

684 4512 935 4580 adulescentium
964 4515 997 4576 in
1028 4533 1131 4598 genus
1155 4514 1440 4597 vituperationem,
1462 4510 1517 4575 sed
1541 4510 1662 4576 Priami
1684 4519 1810 4579 tantum
1833 4514 1867 4579 fi-

685 4618 819 4695 liorum,
849 4619 964 4703 quibus
987 4624 1116 4702 propter
1137 4617 1262 4682 Paridis
1286 4622 1318 4681 et
1341 4614 1477 4680 aliorum
1501 4616 1553 4695 (cf.
1580 4625 1613 4681 Ω
1628 4618 1766 4705 260sq.)
1788 4618 1865 4685 lari·

682 4730 783 4790 tatem
807 4724 990 4801 Menelaus,
1014 4726 1106 4788 cuius
1128 4724 1204 4788 haec
1223 4722 1321 4787 verba
1343 4729 1433 4799 sunt,
1454 4720 1623 4790 diffidebat.
1648 4723 1718 4790 Non
1738 4726 1863 4793 vs.108

681 4837 792 4896 tuetur
815 4830 903 4896 locus
927 4827 1041 4906 2352,
1066 4828 1121 4894 sed
1146 4850 1192 4894 rs.
1219 4827 1294 4894 106.
