5125 6150
1067 820 1275 868 muornmns.
1517 752 1525 768 ⁹
1722 803 1764 870 69

620 988 747 1054 Ibidem
770 989 789 1072 ᾖ
810 985 841 1052 3.

619 1095 791 1175 ξύμμαχοι
816 1090 920 1169 μόντοι
944 1090 1112 1170 ἐγενόμεθα
1136 1092 1189 1156 οώιι
1214 1091 1264 1156 ἐπὶ
1289 1092 1512 1158 καταδουλώσει
1533 1096 1591 1160 τῶν
1612 1095 1766 1170 Ἐλλήνων

576 1201 827 1280 Ἀθηναίοις,
850 1200 925 1263 ἀλλ’
946 1199 996 1263 ἐτ’
1016 1199 1204 1279 ἐλευθερώσει
1225 1199 1287 1264 cirri
1307 1203 1360 1263 τοῦ
1381 1200 1486 1275 Μήδου
1506 1199 1765 1286 [τοῑςἜλλνοιν].

619 1307 656 1372 Ιιι
676 1307 739 1373 hac
759 1308 917 1371 sententie
936 1312 1070 1390 uterque
1083 1304 1211 1370 dativus
1223 1306 1404 1384 (Ἀθηναίοις
1420 1353 1516 1371 .....
1530 1316 1592 1378 τοῖς
1602 1305 1766 1389 Ἓλλησιν)

581 1417 646 1500 pari
664 1412 764 1479 modo
784 1411 938 1498 pendete
960 1432 1014 1477 vv.
1038 1411 1201 1491 ξύμμαχοι
1226 1411 1394 1490 ἐγενόμεθα
1417 1434 1474 1478 nec
1498 1412 1594 1479 aliam
1615 1417 1767 1500 interpre-

584 1523 735 1585 tationem
760 1519 905 1584 admittit
925 1517 1044 1584 tradita
1065 1516 1175 1595 lectio,
1199 1521 1227 1583 si
1246 1518 1323 1603 quid
1342 1518 1450 1596 video,
1470 1521 1532 1584 nisi
1551 1520 1631 1586 hanc
1650 1540 1766 1586 unam:

627 1626 727 1705 „(Nos
751 1624 956 1712 Mytilenaei)
987 1629 1112 1702 temen,
1135 1644 1336 1710 nequaquam
1358 1630 1396 1688 ut
1418 1621 1554 1691 Graecos
1576 1628 1609 1690 in
1633 1629 1768 1691 servitu-

588 1741 648 1797 tem
670 1732 909 1819 redigeremus,
933 1733 1116 1798 societatem
1141 1731 1275 1796 fecimus
1299 1754 1362 1794 cum
1381 1731 1616 1811 Atheniencibos,
1636 1754 1765 1812 verum,

589 1838 828 1915 (Graecorum)
856 1859 874 1903 a
897 1837 1065 1903 Persarum
1090 1837 1303 1903 dominatione
1321 1836 1554 1902 liberandorum
1575 1860 1682 1916 cauea,
1703 1863 1766 1903 eom

536 1962 538 2023 g
593 1945 738 2009 craeffl.

536 2026 539 2051 ’
624 2051 770 2118 Forsitan
811 2048 1009 2115 contenderit
1042 2051 1220 2135 quispiam:
1255 2070 1330 2114 cnm
1360 2050 1528 2116 manifesto
1559 2050 1676 2115 falsum
1707 2052 1767 2117 hoe

592 2181 646 2225 csse
681 2165 754 2222 tum
790 2155 983 2221 mirabiliter
1017 2155 1155 2221 dictum:
1188 2154 1258 2225 τοὺς
1287 2154 1444 2230 Ἕλληνας
1476 2158 1562 2221 enim
1593 2160 1765 2224 necessario

590 2264 759 2352 significare
785 2261 922 2329 Graecos
945 2266 1096 2327 ννιίυοννυι
1110 2263 1151 2341 1);
1176 2284 1283 2327 rerum
1308 2265 1436 2328 veritati
1458 2268 1566 2328 autem
1589 2285 1766 2350 repugnare

591 2370 795 2459 Mytilenaeos
829 2375 937 2433 eontra
970 2368 1083 2433 Persas
1118 2390 1192 2434 cum
1228 2371 1378 2434 universa
1411 2364 1544 2434 Graecia
1583 2373 1766 2436 societatem

590 2481 703 2543 iniisse:
724 2475 815 2542 aliud
835 2475 976 2561 profecto
995 2474 1135 2539 voluisse
1154 2474 1377 2562 Thucydidem
1396 2476 1429 2538 in
1446 2475 1529 2540 hunc
1542 2475 1606 2541 fere
1618 2475 1766 2541 modum:

625 2583 718 2661 ,Non
744 2604 782 2649 eo
804 2584 912 2647 animo
935 2581 1181 2646 Atheniensium
1203 2582 1281 2646 socii
1305 2581 1381 2645 faeti
1404 2602 1515 2645 sumus
1539 2586 1576 2646 ut
1598 2577 1712 2647 Graeci
1733 2585 1767 2647 in

588 2695 771 2756 servitutem
801 2688 1032 2775 redigerentur,
1057 2709 1170 2753 verum
1193 2694 1230 2753 nt
1252 2708 1271 2752 a
1293 2686 1462 2753 Medorum
1487 2687 1652 2753 dominatu
1675 2687 1768 2753 liberi

589 2797 726 2864 fierent''.

536 2882 537 2889 ό
624 2902 787 2989 Eqmdem
821 2903 956 2965 minime
990 2901 1186 2986 negaverim.
1229 2897 1291 2963 Sed
1324 2901 1408 2963 enim
1444 2905 1482 2963 ut
1516 2900 1562 2963 ita
1594 2897 1767 2984 loquentur

582 3009 858 3099 Mytilenaeomm
882 3006 999 3095 legati,
1024 3005 1140 3071 ultima
1163 3004 1317 3071 vocabule
1340 3012 1416 3086 (τοῖς
1439 3002 1586 3086 Ἕλλησι)
1608 3006 1766 3072 reddenda

579 3140 646 3186 esse
679 3116 832 3183 ridentur
863 3115 983 3179 rhetori
1012 3115 1179 3200 subinepto
1211 3116 1267 3198 qui
1290 3112 1351 3178 loci
1374 3116 1597 3198 compositioni
1621 3113 1767 3179 nonnihil

576 3227 616 3292 ad
647 3222 885 3291 absolutionem
915 3220 1021 3285 deesse
1044 3228 1132 3285 ratus
1154 3227 1192 3285 nt
1214 3223 1364 3297 suaviter,
1389 3219 1657 3305 quemadmodum
1682 3220 1766 3306 apud

576 3334 753 3399 Isocratem
784 3332 817 3393 in
849 3326 1096 3404 Panathenaico,
1130 3329 1237 3392 omnia
1266 3326 1415 3391 omnibus
1444 3327 1572 3411 peribus
1594 3329 1682 3411 paria
1706 3348 1766 3391 res

576 3438 758 3526 ponderent
792 3432 996 3517 similemque
1029 3435 1062 3496 in
1099 3432 1236 3497 cadendo
1270 3453 1386 3497 sonum
1420 3433 1572 3498 referrent
1606 3440 1763 3518 extrema,

577 3547 754 3612 verborum
778 3541 971 3607 evidentiam
993 3536 1212 3624 interpolando
1236 3539 1427 3605 obscuravit.

623 3745 889 3831 mcm§u

624 3856 675 3925 τίς
706 3848 755 3919 οὖν
786 3850 865 3924 αὕτη
899 3849 1072 3928 13⁸)<Drtc'c
1096 3849 1266 3932 [ἐγίγνετο]
1292 3848 1308 3925 ἢ
1334 3849 1544 3929 ε’λευθερόα
1569 3853 1710 3929 τιττιὶ,
1735 3851 1764 3914 όν

576 3962 596 4045 ᾖ
627 3960 718 4040 παροδ
749 3960 874 4037 γνώμην
906 3958 1059 4030 ἀλλήλους
1093 3952 1334 4034 θτνρχθμεθαδ)
1359 3956 1410 4021 καὶ
1435 3957 1460 4020 cl
1483 3957 1538 4034 μὲν
1564 3958 1648 4034 ἡμᾶς
1672 3958 1702 4020 ἐν
1724 3958 1765 4037 τῷ

576 4067 710 4146 πολέμῳ
734 4063 863 4135 δεδιότες
888 4062 1074 4141 όθενώτευον,
1099 4064 1186 4137 ἡμεῖς
1213 4061 1238 4123 δ’
1262 4061 1388 4135 εἰιεόνους
1409 4064 1439 4126 ἐν
1459 4072 1496 4143 τῇ
1518 4063 1634 4144 ἡσυχία
1653 4062 1765 4125 ταύτόν

576 4178 741 4250 ἐποιοῦμεν
748 4194 757 4251 ;
787 4168 860 4237 θτε
884 4177 946 4239 τοῖς
970 4166 1077 4239 ἄλλοις
1101 4170 1246 4243 μόλιοτα
1271 4168 1370 4234 εὔνοια
1394 4169 1597 4251 [τόοτιν]<>)
1620 4167 1764 4243 βεβαιοῖ,

577 4286 654 4360 ἡμῖν
685 4284 775 4344 τοῦτο
807 4277 821 4341 ό
853 4275 950 4356 Φόβος
978 4274 1084 4354 ἐχυρόν
1107 4284 1255 4356 παρεῖχε,
1283 4274 1342 4340 δέει
1366 4299 1400 4339 τε
1425 4276 1459 4338 τὸ
1484 4276 1577 4338 πλέον
1600 4275 1616 4347 ἢ
1640 4271 1765 4353 Φιλόᾳ

575 4388 785 4468 κατεχόμενοι
810 4384 975 4463 ξύμμαχοι
998 4379 1084 4458 εἶμεν.

610 4515 638 4569 ι)
655 4509 670 4565 i}
687 4523 732 4557 scr.
750 4507 777 4556 L
796 4505 947 4561 Ιδὶυόυιόιιος
963 4504 988 4552 in
1002 4507 1096 4552 textum
1110 4503 1200 4567 recepit
1212 4503 1334 4552 Bekkerus
1371 4503 1397 4565 b)
1414 4498 1575 4562 ώοινρχθμιθα
1588 4516 1631 4549 em.
1648 4499 1760 4560 Hessius;

577 4589 757 4653 θτεδιχόμιθα
774 4590 854 4647 redd.;
872 4589 908 4651 (c)
926 4586 1013 4635 τόστιν
1031 4602 1083 4651 exp.
1102 4586 1214 4636 Stahlius.

608 4801 637 4859 1)
661 4798 732 4863 Quod
758 4797 783 4845 iu
806 4793 977 4843 commentario
1000 4796 1141 4841 annotatum
1164 4791 1308 4839 invenimus:
1336 4789 1427 4836 ·Untrr
1445 4788 1603 4843 οἱἽΞλλννες
1621 4788 1673 4835 sind
1691 4823 1765 4836 .....

571 4885 628 4933 hier
652 4897 700 4929 νιιυ·
722 4879 760 4928 die
786 4880 882 4926 Staaten
908 4877 950 4924 der
974 4874 1095 4923 delisohen
1122 4872 1307 4922 lloniederstion
1328 4888 1357 4919 zu
1375 4870 1522 4928 reretehen'’‚
1539 4877 1574 4917 ert
1593 4871 1636 4917 hoc
1654 4885 1722 4928 eane,
1742 4874 1767 4919 ut

574 4969 592 5017 l?
600 4962 737 5028 nnccgrlli
752 4968 776 5012 et
791 4959 956 5010 Bruxelleuees
970 4961 1112 5023 loquuntur,
1125 4956 1318 5020 ννιεοεμόὶουόιοα
1328 4954 1611 5019 ιἰιυοιιόόιγοιιτθοόοιυίνι
1620 4956 1681 5003 dela
1690 4970 1766 5003 οοιιοο·
