5125 6150
981 832 1025 878 sn
1048 832 1279 880 renueremus
1300 830 1393 880 sves.
1737 813 1778 881 77

631 999 686 1063 Vs.
712 997 778 1062 593
791 1020 837 1082 sq.
862 996 966 1082 Epopi
988 997 1134 1081 roganti:
1159 997 1238 1058 ιιιιθο
1260 1018 1329 1059 nero
1352 996 1478 1060 divitiae
1500 997 1675 1061 ιιιοοίαθίθαο
1689 1020 1782 1080 proe-

581 1106 681 1169 biteri
703 1112 773 1169 ιαιιί
796 1103 913 1167 alites?
935 1101 1101 1188 respondet
1125 1101 1325 1167 Pisetaerue:

631 1212 675 1276 τοὶ
701 1210 839 1288 μέταλλ’
862 1210 969 1280 αὐτοῖς
993 1207 1230 1284 μαντευομένοις
1253 1204 1333 1273 οὗτοι
1357 1207 1480 1273 δώσουσι
1504 1210 1547 1274 τα
1570 1209 1713 1291 χρηστοί,

632 1315 692 1388 τοίς
716 1321 744 1378 τ’
769 1314 918 1393 ἐμπορίας
942 1314 1002 1386 τθιρ
1025 1313 1196 1391 κερδαλέας
1219 1313 1293 1392 τρίς
1316 1314 1367 1379 τίν
1390 1314 1503 1389 μάντιν
1527 1320 1714 1395 κατεροῦσιν.

580 1423 621 1488 In
645 1424 762 1508 quibus
785 1422 892 1487 verbis
918 1419 1144 1484 molestissima
1163 1426 1212 1484 est
1230 1421 1417 1484 metallorum
1436 1424 1567 1489 mentio.
1594 1421 1657 1490 Oui
1676 1444 1779 1508 neque

583 1532 663 1593 eatis
694 1534 808 1613 aptum
838 1533 886 1591 est
909 1526 1005 1588 dandi
1028 1526 1181 1602 verbum,
1209 1562 1251 1574 —
1275 1530 1467 1612 quapropter
1491 1526 1618 1604 δείξουσι
1643 1530 1778 1594 coniecit

582 1633 713 1719 Bergk,
739 1671 780 1682 —
805 1652 907 1716 neque
936 1630 1029 1695 facile
1059 1634 1173 1716 opinor
1195 1631 1313 1697 dixerit
1336 1637 1496 1718 quispiam
1519 1634 1679 1699 undenam
1702 1655 1778 1699 aree

582 1747 686 1804 terrae
710 1736 885 1822 penetralia
908 1743 975 1801 tam
998 1737 1094 1822 probe
1117 1743 1192 1802 note
1215 1737 1331 1803 hebere
1353 1742 1487 1823 possint.
1512 1738 1623 1825 Neque
1646 1743 1776 1805 omnino

581 1844 674 1909 locus
706 1845 758 1908 hic
781 1846 829 1907 est
852 1842 999 1918 metelte'e;
1028 1862 1104 1906 nam
1127 1844 1238 1928 paucis
1261 1843 1407 1908 versibus
1430 1847 1605 1910 interiectis
1629 1845 1777 1910 additur:

632 1951 704 2021 τοὺς
728 1949 893 2024 θησαυρούς
917 1952 945 2011 τ’
969 1949 1075 2019 αὐτοῖς
1098 1947 1237 2025 δείξαντ’,
1262 1946 1311 2020 οὓς
1336 1951 1361 2015 οί
1385 1950 1519 2030 τρίτεροι
1543 1953 1714 2018 κατέθεντο.

583 2055 673 2134 Quae
704 2057 787 2119 mira
818 2054 958 2139 profecto
981 2058 1030 2118 est
1052 2052 1259 2119 anticlimex:
1284 2057 1375 2140 prius
1397 2059 1482 2141 ipsas
1506 2062 1608 2123 terrae
1632 2079 1708 2143 opes
1732 2060 1779 2121 in-

581 2161 756 2226 exhaustas
775 2160 959 2224 homiuibus
983 2157 1115 2223 daturae
1134 2160 1287 2225 dicuntur
1305 2181 1398 2239 aves,
1420 2162 1493 2228 dein
1512 2165 1638 2248 argenti
1657 2161 1779 2248 aliquid

581 2267 637 2331 hic
661 2266 728 2331 illio
752 2265 901 2331 abditum
925 2265 1133 2330 indicaturae.

631 2372 720 2438 Haec
750 2375 806 2457 qui
836 2374 936 2437 sensit
966 2368 1123 2448 (debetne,
1156 2373 1198 2435 σθ
1232 2375 1305 2449 μὲν
1337 2371 1447 2438 ἄλλα
1480 2394 1538 2458 pro
1561 2373 1603 2439 τοὶ
1627 2373 1779 2452 μέταλλα

583 2481 730 2544 coniecit.
768 2477 837 2557 Qua
872 2479 1053 2542 coniectura
1087 2479 1189 2560 ipsius
1219 2479 1350 2563 ingenio
1381 2479 1540 2565 condigna
1570 2485 1780 2545 remorentur

584 2591 717 2650 cunctae
749 2604 826 2669 ques
856 2583 997 2649 indicavi
1026 2582 1210 2661 molestiae,
1242 2586 1414 2668 quominus
1446 2596 1554 2650 tamen
1585 2587 1620 2650 in
1651 2591 1778 2651 textum

583 2693 757 2775 recipietur
786 2690 892 2754 obstet
922 2691 1080 2753 enuntiati
1101 2695 1278 2768 structura3
1304 2711 1365 2776 ego
1388 2696 1472 2756 certe
1495 2712 1558 2757 non
1582 2692 1676 2757 video
1701 2692 1780 2777 quid

583 2794 743 2882 particula
775 2795 832 2871 μίν
862 2796 893 2860 h.
918 2794 940 2859 l.
972 2796 1035 2859 eibi
1057 2794 1148 2860 velit.
1180 2795 1293 2880 Itaque
1316 2795 1393 2861 licet
1414 2796 1632 2881 periculosum
1659 2802 1692 2862 et
1715 2798 1780 2862 fere

582 2905 725 2987 impium
746 2901 894 2965 videatur
912 2903 1128 2965 coniecturam
1147 2898 1354 2966 Oobctienam
1373 2905 1531 2986 corrigere
1551 2901 1655 2981 velle,
1675 2903 1780 2968 dicam

582 3014 692 3073 tamen
716 3007 793 3094 quid
816 3009 968 3092 suspicer.
994 3004 1144 3073 Oomicus
1167 3006 1290 3072 dedisse
1314 3008 1397 3071 mihi
1420 3007 1568 3073 videtur:

631 3114 981 3191 perreconditam
1016 3114 1067 3177 τοί
1102 3118 1131 3177 τ’
1155 3112 1244 3178 ἄλλ’
1281 3116 1425 3188 αὐτοῖς
1459 3110 1538 3181 οὗτοι
1574 3115 1699 3180 δώσουσι
1735 3115 1778 3181 τοὶ

631 3219 690 3292 τιίς
714 3226 743 3285 τ’
768 3219 915 3299 ἐμπορίας
1020 3224 1207 3298 κατεροῦσιν.
1621 3219 1779 3303 [χρηστοί.

632 3434 684 3499 Vs.
710 3434 775 3500 662
788 3455 833 3520 sq.
858 3434 895 3498 In
919 3433 1081 3498 codicibus
1104 3433 1261 3498 Piseteeri
1285 3433 1326 3498 ad
1347 3433 1492 3519 Epopem
1515 3438 1591 3498 eunt
1612 3435 1726 3500 verbe:

815 3539 987 3618 ίκβίβασον
1012 3540 1045 3602 ἐκ
1068 3542 1122 3603 τοῦ
1145 3538 1302 3614 βουτθμου
1325 3539 1493 3617 τούρνίθιον.

814 3644 986 3724 ἐκβίβασον
1009 3646 1105 3709 αὐτοῦ
1130 3644 1202 3725 τρίς
1227 3646 1298 3710 θεῶν
1322 3644 1429 3723 αθτνὶυ,
1453 3640 1501 3710 ἵνα

812 3750 864 3815 καί
890 3750 928 3831 νῷ
954 3752 1154 3827 θεασώμεσθα
1178 3753 1231 3825 rin
1255 3748 1381 3823 ιίκδθνα.

584 3857 729 3937 Quorum
760 3878 916 3922 versuum
948 3857 1125 3922 secuudum
1156 3858 1355 3941 tertiumque
1386 3854 1519 3921 Beerius
1549 3860 1635 3921 recte
1664 3857 1781 3922 tribuit

583 3962 744 4047 Euelpidi.
778 3961 933 4048 Displicet
964 3967 1074 4028 autem
1105 3961 1297 4039 molestum,
1329 3967 1413 4026 certe
1435 3960 1566 4039 inutile,
1591 3962 1780 4028 adverbium

585 4071 693 4146 αὐτοῦ,
717 4068 802 4154 quod
825 4074 863 4132 ut
885 4075 1117 4145 removeretur,
1140 4067 1351 4133 Helbertsma
1373 4070 1540 4154 proposuit
1563 4067 1736 4146 ἐκβίβασον
1759 4064 1781 4131 θ

584 4173 657 4253 πρὸς
681 4177 740 4239 τῶν
766 4176 847 4251 θεῶν,
871 4174 1023 4240 Meineke
1046 4174 1219 4251 ἐκβίβασον
1241 4175 1340 4249 αὐτὴν
1362 4175 1442 4248 δῆτα
1467 4174 1539 4254 τρίς
1564 4175 1645 4251 θεῶν,
1669 4173 1781 4259 proba·

582 4279 682 4345 bilius
705 4285 744 4343 ut
767 4282 898 4365 opinor;
920 4301 995 4346 nam
1015 4280 1189 4346 articulum
1209 4281 1344 4345 minime
1365 4280 1580 4344 necessarium
1600 4298 1683 4356 esee,
1703 4276 1781 4343 licet

583 4385 774 4471 plerumque
797 4388 833 4449 in
852 4385 911 4451 hac
931 4384 1091 4452 locutione
1111 4386 1255 4464 addatur,
1276 4391 1435 4452 testantur
1453 4384 1528 4449 Pac.
1550 4382 1570 4449 9
1590 4383 1675 4450 Eecl.
1691 4382 1778 4448 1095

582 4490 672 4555 Plut.
695 4491 793 4570 1147,
818 4496 851 4557 et
871 4491 949 4566 δῆτα
970 4491 1136 4576 eleganter
1154 4496 1204 4556 est
1222 4492 1356 4556 dictum.
1380 4490 1453 4556 Non
1472 4495 1582 4555 temen
1600 4488 1779 4574 sequendus

582 4598 667 4662 mihi
691 4598 818 4663 videtur
840 4596 1041 4675 Menekine,
1065 4618 1140 4663 nam
1163 4599 1262 4663 etiam
1286 4617 1461 4682 pronomen
1484 4596 1582 4672 αὐτήν
1604 4594 1777 4661 molestum

580 4706 690 4790 potius
714 4703 795 4768 duco
818 4725 915 4790 quem
939 4705 1166 4782 neceesarium
1192 4706 1301 4788 itaque
1324 4705 1369 4768 sic
1391 4704 1500 4788 potius
1522 4702 1641 4767 scribo:

719 4818 785 4875 ET.
812 4809 985 4887 ἐκβίβασον
1009 4811 1150 4875 αὐτίκα
1173 4811 1290 4886 μιίλα
1315 4809 1389 4884 τρίς
1411 4808 1491 4887 θεῶν,
1517 4806 1566 4874 θνα
1590 4807 1655 4873 ari.
