5125 6150
666 799 751 884 ,270
1141 818 1182 868 os
1206 815 1418 865 suanoursus.

686 980 823 1049 bebant?
851 981 1011 1047 Theseum
1041 988 1115 1047 sunt
1146 980 1288 1047 secutae!
1320 982 1475 1068 Mythum
1506 1003 1568 1047 non
1590 985 1712 1062 nescio;
1740 989 1774 1047 at
1797 990 1874 1047 sunt

684 1095 810 1155 secutae
827 1112 881 1170 per
899 1112 979 1152 more
996 1088 1133 1153 Pindaro
1154 1094 1250 1168 teste,
1272 1090 1327 1174 qui
1345 1109 1398 1154 eas
1408 1091 1441 1153 in
1453 1090 1566 1153 itinero
1578 1088 1696 1174 Ephesi
1709 1088 1873 1174 templum

685 1196 862 1262 condidisse
892 1208 999 1260 narrat
1014 1196 1047 1276 ¹).
1079 1193 1234 1261 Terrestri
1262 1198 1376 1261 itinere
1402 1193 1619 1261 reverterunt!
1652 1193 1773 1272 Oredo,
1796 1195 1876 1261 licet

684 1302 747 1369 alia
780 1304 921 1388 suspicer
955 1298 1028 1367 coll.
1063 1300 1150 1367 Plut.
1181 1302 1275 1368 Thes.
1307 1324 1332 1368 c.
1366 1300 1426 1382 27;
1458 1309 1491 1367 at
1518 1307 1666 1368 terrestre
1696 1301 1782 1366 illud
1813 1305 1877 1367 iter

684 1408 770 1474 haud
802 1398 980 1474 dubie'non
1005 1431 1060 1495 por
1080 1407 1258 1474 Taenarum
1283 1408 1474 1494 ducebat²);
1499 1429 1601 1495 neque
1624 1415 1673 1474 est
1695 1408 1877 1474 verisimile

685 1514 836 1581 mulieres
871 1517 960 1600 equis
997 1521 1120 1594 vectas,
1156 1517 1285 1580 turbam
1315 1536 1460 1601 rapacem
1496 1515 1712 1601 expeditiones
1748 1536 1826 1581 suas
1861 1536 1878 1581 e

685 1622 830 1708 Phrygia
852 1642 953 1706 usque
975 1621 1015 1686 ad
1036 1621 1213 1687 Taenarum
1237 1625 1494 1708 promuntorium
1518 1621 1705 1686 extendisse.

731 1728 811 1805 Sed,
835 1735 873 1793 ut
897 1731 1000 1793 omnis
1023 1728 1180 1793 dubitatio
1203 1727 1346 1807 tollatur,
1370 1727 1474 1815 caligo
1497 1728 1679 1814 dissipetur,
1699 1725 1880 1793 volvamus

685 1834 851 1900 Plutarchi
874 1833 979 1899 Vitam
1004 1834 1136 1911 Thesei,
1156 1836 1211 1900 ubi
1228 1838 1313 1901 inter
1331 1835 1436 1900 multa
1454 1834 1599 1900 fabulosa
1614 1835 1761 1920 legimus
1776 1835 1881 1900 verba

685 1942 779 2010 haec:
811 1944 866 2016 τὴν
896 1941 1054 2019 γινομένην
1086 1942 1189 2006 πάλαι
1214 1942 1355 2007 doctas
1378 1949 1448 2014 rotie
1472 1939 1625 2022 ’Λμνιζδσν
1649 1941 1705 2022 πρὸ
1729 1947 1790 2006 τῶν
1818 1952 1881 2017 On·

686 2049 835 2129 σε1ων(ο.
860 2045 927 2128 27).

730 2155 808 2220 Erat
838 2157 940 2242 igitur
968 2155 1103 2220 Athenis
1130 2175 1257 2220 sacrum
1279 2152 1420 2221 solemne
1443 2154 1482 2220 ad
1504 2156 1679 2220 Ammonos
1702 2153 1880 2240 placandas

684 2265 881 2328 institutum.
914 2259 974 2326 Sed
1005 2264 1077 2347 quis
1108 2282 1250 2348 unquam
1280 2262 1436 2349 populus,
1468 2264 1559 2327 cuius
1589 2264 1756 2348 regionem
1781 2263 1880 2329 turba

684 2368 879 2456 praedonum
911 2365 1080 2451 aliquando
1109 2368 1259 2434 infestam
1285 2367 1491 2445 reddidisset,
1515 2367 1703 2433 sacrificium
1728 2388 1880 2434 annuum

685 2475 770 2541 hunc
793 2475 832 2540 ob
855 2475 981 2538 hostem
1003 2493 1060 2558 per
1083 2473 1208 2539 saecula
1231 2471 1438 2559 procuravit?
1462 2472 1545 2540 Cum
1570 2479 1678 2538 contra
1700 2471 1818 2540 Gallos
1839 2476 1880 2542 ad

685 2581 792 2647 Aliam
822 2578 912 2646 foede
940 2586 1023 2645 osset
1045 2587 1244 2667 pugnaturn,
1270 2581 1424 2658 Romani,
1448 2582 1593 2646 homines
1617 2579 1878 2666 religiosissimi,

686 2688 772 2753 diem
802 2707 829 2752 o.
855 2685 884 2751 d.
917 2684 976 2749 XV
1005 2684 1077 2751 Kal.
1109 2685 1196 2751 Sext.
1229 2686 1390 2752 Aliensem
1421 2686 1621 2773 appellarunt
1652 2685 1802 2772 nullique
1832 2691 1879 2755 rei

685 2797 753 2860 sive
784 2790 911 2878 publice
926 2878 929 2883 Ι
942 2795 1012 2857 sire
1036 2795 1188 2878 privatim
1212 2793 1351 2880 agendae
1373 2793 1525 2859 idoneum
1548 2799 1740 2858 censuerunt
1762 2800 1878 2859 atrum

683 2900 779 2966 illum
801 2900 896 2965 diem.
920 2898 1080 2964 Sacrificio
1100 2921 1241 2985 quoque,
1262 2900 1345 2985 quod
1369 2903 1538 2985 quotannis
1561 2902 1634 2965 exin
1658 2898 1765 2977 fieret,
1794 2900 1876 2967 cele·

684 3004 836 3073 braruntl
871 3006 1024 3085 Minime;
1057 3007 1213 3088 religiosus
1243 3007 1425 3085 vocabatur,
1457 3007 1572 3093 quibus
1604 3005 1733 3085 diebus,
1764 3004 1877 3073 Gellio

685 3121 766 3181 teste
787 3114 813 3195 ³)
847 3136 894 3177 ree
927 3113 1047 3177 diuinae
1074 3114 1184 3198 facere
1218 3116 1438 3196 temperandum
1473 3121 1546 3178 crat.
1588 3112 1728 3178 Maiores
1770 3118 1878 3180 nostri

685 3242 703 3287 a
737 3220 929 3286 Normannis
959 3241 1055 3305 quarn
1088 3221 1368 3285 vehementissime
1398 3219 1510 3285 violati
1543 3220 1689 3305 precibus
1721 3222 1791 3284 suis
1825 3220 1878 3286 ad·

602 3310 607 3321 ⁶
686 3327 757 3393 dere
789 3326 947 3392 solebant:
988 3347 1028 3403 „a
1060 3326 1251 3391 Normannis
1281 3325 1382 3391 libera
1412 3346 1485 3401 nos,
1523 3346 1541 3389 o
1573 3322 1747 3390 Dominel’'
1791 3326 1878 3407 Quot

685 3439 794 3499 autem
828 3454 925 3498 annos
960 3434 1034 3496 haec
1069 3431 1262 3497 consuetudo
1299 3429 1423 3496 valuit?
1462 3453 1562 3496 nonne
1593 3434 1702 3496 statim
1739 3434 1878 3496 evanuit

686 3547 723 3604 ut
754 3543 928 3625 piratarum
960 3538 1177 3624 expeditiones
1207 3538 1275 3603 fieri
1307 3534 1446 3602 desiere?
1480 3537 1590 3622 Neque
1622 3540 1743 3601 mirum
1751 3559 1758 3615 ;
1800 3560 1876 3603 nam

685 3646 819 3712 simulac
859 3645 1073 3731 periculorum
1115 3667 1223 3710 causes
1257 3644 1441 3721 sustuleris,
1477 3646 1711 3729 procurationes
1745 3665 1877 3730 quoque

685 3751 903 3839 periculorum
926 3752 1015 3816 brevi
1038 3758 1132 3816 erunt
1155 3750 1307 3815 sublatae.
1333 3749 1419 3829 Quae
1436 3748 1489 3814 lex
1508 3751 1648 3814 humana
1668 3755 1735 3814 tam
1754 3753 1878 3816 nostris

686 3879 783 3943 quam
814 3859 952 3942 antiquis
983 3857 1178 3941 temporibus
1212 3855 1313 3921 valuit
1342 3859 1437 3940 inque
1464 3855 1581 3920 futuris
1605 3853 1735 3920 valebit.
1761 3855 1878 3942 Neque

687 3986 761 4030 vero
795 3963 967 4028 admodum
1003 3961 1108 4027 simile
1141 3962 1269 4027 videtur
1302 3963 1511 4026 Athenienses
1545 3963 1776 4045 antiquissimis
1809 3961 1878 4026 illis

687 4071 885 4155 temporibus
927 4068 1115 4133 sacrificasse
1159 4072 1284 4132 numini
1319 4071 1448 4133 asiatico
1482 4065 1658 4153 longinqua
1691 4087 1708 4130 e
1742 4070 1878 4153 regione

687 4178 827 4243 Athenas
855 4176 1016 4251 traducto,
1041 4175 1092 4240 vel
1116 4178 1212 4260 epicis
1236 4174 1342 4240 solum
1367 4196 1382 4239 e
1406 4174 1598 4239 carminibus
1622 4176 1760 4259 cognito.
1793 4173 1878 4240 Suos

689 4286 764 4350 deos
795 4280 908 4348 Graeci
938 4281 988 4346 illi
1018 4282 1161 4348 colebant
1191 4288 1223 4346 et
1246 4304 1320 4347 cum
1345 4286 1376 4345 in
1401 4282 1506 4346 herois
1529 4280 1692 4345 cuiusdam
1717 4281 1876 4346 honorem
1919 4359 1921 4363 μ

686 4391 803 4456 festum
835 4391 1039 4453 instituerent
1071 4387 1122 4453 vel
1152 4390 1382 4464 instaurarent,
1415 4390 1547 4451 minime
1578 4408 1617 4450 ex
1648 4387 1724 4449 Asia
1753 4386 1811 4451 sed
1836 4409 1875 4451 ex

687 4501 831 4584 ipsorum
873 4495 997 4580 mythis
1037 4500 1131 4579 atque
1167 4494 1309 4558 moribus
1342 4515 1424 4558 nova
1457 4492 1514 4557 illo
1548 4490 1698 4557 sacrificia
1731 4495 1876 4578 novique

686 4603 793 4668 cultus
815 4601 1013 4666 oriebantur:

723 4863 747 4923 1)
766 4863 834 4910 Pons,
853 4862 911 4915 Vll,
928 4862 952 4919 2,
968 4860 991 4912 ’1.
1391 4858 1416 4912 21
1436 4857 1472 4905 Gi.
1491 4857 1560 4905 Paua.
1577 4855 1625 4910 111,
1642 4856 1682 4914 25,
1693 4859 1716 4905 8v

721 4944 745 5002 ³)
766 4944 828 4992 Geli.
844 4944 886 5000 IV,
904 4946 960 5001 ut.
