5125 6150
800 782 863 847 140
1296 801 1471 849 33333333.

795 963 1021 1050 Olympiorum
1044 966 1205 1029 cachinnis
1224 968 1403 1050 expositus,
1424 969 1532 1030 autin
1551 965 1705 1030 coelitum
1725 986 1834 1051 pugna
1853 964 1985 1030 vulnere

795 1079 923 1154 accepto
946 1092 1003 1155 per
1021 1078 1142 1155 septem
1161 1075 1275 1157 iugera
1295 1071 1460 1157 prolapsus
1479 1075 1654 1157 magnique
1673 1074 1813 1157 agminis
1832 1071 1985 1136 clamores

795 1198 872 1241 voce
895 1176 999 1240 edens.
1023 1176 1262 1241 Monstrabatur
1284 1180 1317 1241 in
1338 1177 1451 1243 eodem
1469 1177 1526 1242 illo
1545 1177 1666 1262 proelio
1685 1178 1743 1243 dea
1763 1179 1839 1242 deae
1857 1177 1984 1263 alapam

793 1283 988 1368 infringens,
1012 1284 1249 1347 monstrabatur
1273 1283 1443 1367 Neptunus
1462 1286 1603 1347 Aeneam
1624 1291 1661 1347 nt
1680 1290 1821 1348 servaret
1839 1305 1895 1369 per
1914 1290 1986 1347 aira

794 1390 881 1451 iactu
912 1391 1037 1471 ingenti
1069 1409 1126 1452 ceu
1157 1388 1258 1473 pilam
1289 1391 1432 1453 mittens.
1465 1389 1728 1453 Monstrabantur
1830 1389 1884 1454 sed
1907 1389 1985 1474 quid

795 1490 905 1577 plura!
930 1492 1056 1557 Passim
1079 1497 1166 1557 enim
1190 1515 1245 1577 per
1269 1497 1504 1558 recentissimas
1528 1497 1706 1559 carminum
1730 1497 1894 1580 epicorum
1917 1516 1986 1579 par-

795 1606 842 1663 tes
872 1605 1025 1683 apparent
1056 1602 1128 1663 aevi
1158 1598 1296 1663 labentis
1321 1602 1467 1684 vestigia.
1494 1599 1644 1665 Mortalia
1667 1601 1751 1665 13313
1773 1604 1894 1685 periere
1918 1622 1987 1685 per-

795 1712 951 1788 euntque,
987 1704 1105 1768 nedum
1141 1706 1311 1769 verborum
1346 1705 1445 1769 honos
1475 1712 1507 1769 et
1539 1709 1645 1791 gratia
1676 1709 1822 1771 steterint
1845 1709 1984 1771 3133333.

794 1810 949 1874 Nostrum
984 1818 1091 1874 tamen
1126 1815 1175 1874 est
1209 1831 1321 1875 cavere
1356 1831 1395 1874 ne
1430 1809 1522 1894 plura
1552 1831 1648 1895 quam
1680 1811 1782 1875 fatum
1815 1811 1986 1876 abstulerit

794 1922 901 1980 nostra
931 1915 1072 1981 socordia
1107 1923 1254 2000 pereant,
1291 1914 1444 2002 longique
1478 1919 1549 1981 3331
1584 1916 1715 2001 pulvere
1744 1939 1784 1981 ne
1815 1918 1985 1982 offuscetur

794 2023 915 2106 priscae
939 2042 1067 2107 poeseos
1090 2020 1247 2106 splendor.

1299 2338 1484 2384 mosenum.

839 2487 875 2552 In
899 2493 1129 2573 argumentum
1159 2486 1257 2550 huius
1289 2485 1514 2569 disputationis
1545 2506 1620 2549 cum
1649 2488 1723 2548 ante
1747 2484 1914 2548 biennium
1937 2485 1984 2546 in·

798 2593 962 2669 cidissem,
999 2592 1075 2656 dum
1114 2591 1296 2655 Homerum
1326 2589 1492 2675 discipulis
1523 2594 1603 2654 meis
1633 2593 1836 2674 interpretor,
1870 2588 1983 2652 deinde

794 2701 1007 2782 circumspexi
1038 2719 1077 2762 an
1108 2696 1193 2782 apud
1216 2695 1297 2760 alios
1321 2703 1498 2760 occurreret
1521 2696 1700 2760 observatio
1724 2694 1762 2759 de
1786 2696 1859 2778 equi
1881 2692 1984 2778 lignei

794 2806 933 2889 origine,
955 2823 1029 2867 nam
1050 2802 1232 2887 philologos
1252 2800 1292 2865 ad
1311 2822 1380 2865 eam
1401 2801 1539 2866 nondum
1561 2800 1732 2866 attendisse
1745 2801 1801 2864 vix
1813 2798 1983 2863 videbatur

793 2906 953 2973 credibile.
986 2906 1075 2970 Nihil
1106 2913 1213 2971 tamen
1244 2906 1402 2971 eiusmodi
1433 2928 1507 2970 cum
1538 2909 1749 2983 invenissem,
1774 2926 1875 2989 nuper
1897 2903 1983 2968 hunc

793 3011 1091 3079 commentariolum
1122 3013 1242 3096 scripsi.
1267 3010 1348 3076 Eece
1372 3017 1482 3077 autem
1505 3010 1690 3076 hisdiebus
1714 3013 1837 3074 amicus
1860 3007 1983 3095 collega

793 3118 950 3182 Hartman
979 3116 1133 3180 indicavit
1162 3116 1243 3179 mibi
1271 3116 1485 3180 Baumeisteri
1509 3116 1663 3200 quaedam
1686 3116 1800 3191 verba,
1826 3135 1906 3199 quae
1930 3135 1983 3178 me

791 3224 950 3309 fugerant.
986 3220 1086 3286 Vocat
1120 3224 1171 3285 313
1204 3220 1260 3285 1113
1292 3223 1403 3286 doctus
1435 3242 1554 3305 equum
1584 3221 1731 3306 ligneum
1764 3222 1837 3296 „ein
1869 3221 1980 3283 naives

791 3327 919 3414 symbol
948 3328 1000 3391 fdr
1022 3327 1073 3391 die
1096 3326 1203 3390 schiffe
1227 3327 1282 3390 der
1306 3327 1460 3402 ereberer,
1486 3326 1526 3390 da
1548 3325 1753 3390 bekanntlich
1777 3325 1900 3389 Homer
1923 3323 1984 3388 sel-

790 3434 846 3498 ber
876 3434 922 3497 oft
951 3452 1063 3518 genug
1092 3432 1143 3496 die
1166 3431 1274 3495 schiffe
1298 3429 1346 3495 als
1369 3452 1575 3496 meeresrosse
1600 3430 1803 3495 bezeichuet''
1828 3428 1980 3508 (Denlrm.

791 3537 860 3623 Ip.
887 3537 976 3615 741).

836 3644 1001 3707 Praeterea
1019 3644 1054 3705 in
1073 3643 1209 3705 transitu
1230 3649 1481 3705 commemorata
1500 3646 1584 3706 certe
1604 3647 1672 3705 3313
1693 3642 1868 3705 observatio
1881 3659 1980 3723 quam

683 3825 685 3829 .
791 3748 888 3812 debeo
923 3746 1140 3811 Vnertheimio
1171 3748 1241 3810 viro
1274 3749 1386 3811 amieo.
1418 3747 1528 3831 Equus
1557 3746 1685 3831 ligneus
1715 3746 1842 3808 Palladi
1872 3782 1914 3791 —-
1940 3744 1980 3808 ob

790 3859 918 3937 raptum
957 3850 1132 3936 palladium
1167 3854 1365 3916 succensenti
1402 3889 1444 3899 -
1480 3841 1657 3916 destinatus
1689 3852 1805 3929 133133;
1841 3850 1980 3932 tenplum

790 3967 899 4024 autem
923 3956 1063 4020 Palladis
1086 3959 1204 4021 recenti
1229 3957 1359 4021 demum
1384 3955 1493 4022 Iliadis
1516 3956 1584 4021 loeo
1607 3960 1653 4029 tin
1676 3955 1758 4020 libro
1781 3962 1819 4035 Z)
1841 3977 1979 4020 comme-

789 4071 943 4139 moratur,
973 4063 1080 4146 ibique
1109 4062 1206 4125 simul
1223 4062 1313 4144 pepli
1336 4083 1452 4147 pompa
1471 4061 1617 4127 sollemni
1641 4065 1675 4124 in
1698 4061 1781 4126 illud
1804 4059 1977 4126 delubrum

789 4168 886 4234 delati
909 4167 946 4231 tit
965 4170 1104 4231 mentio:
1129 4188 1209 4251 quae
1229 4169 1337 4231 omnia
1355 4189 1416 4231 non
1438 4173 1569 4251 possunt
1587 4188 1649 4231 non
1668 4169 1702 4230 13
1718 4172 1862 4231 mentem
1885 4167 1977 4231 nobis

788 4294 934 4339 revocare
971 4272 1109 4347 donum,
1146 4272 1229 4355 quod
1264 4274 1350 4336 cives
1385 4271 1473 4336 illius
1508 4273 1615 4348 urbis,
1647 4287 1727 4355 quae
1757 4270 1883 4336 Palladi
1912 4292 1977 4335 una

788 4382 931 4443 omnium
965 4380 1105 4442 maxime
1137 4378 1198 4440 fuit
1231 4379 1357 4461 propria
1385 4383 1418 4441 31
1440 4397 1528 4453 cara,
1554 4380 1665 4461 quinto
1689 4399 1814 4462 quoqne
1837 4398 1919 4441 anno
1942 4379 1976 4440 in

787 4485 856 4547 eius
880 4503 983 4547 arcem
1007 4483 1160 4548 deducere
1183 4481 1345 4547 solebant:
1369 4505 1471 4546 333333
1494 4482 1564 4547 dico
1577 4484 1840 4565 panathenaicum.
1865 4483 1978 4548 Obser-

787 4589 913 4651 vatione
943 4599 1035 4652 acuta
1059 4608 1201 4672 quaeque
1225 4586 1311 4651 haud
1335 4589 1445 4672 exigui
1468 4591 1626 4652 momenti
1649 4589 1731 4651 mihi
1755 4589 1884 4653 videtur
1907 4591 1976 4673 ipse

786 4693 917 4756 fortasse
941 4690 1181 4757 Vuertheimius
1201 4699 1311 4757 utetur
1335 4691 1484 4778 posthac,
1504 4694 1654 4777 equidem
1673 4716 1757 4759 nunc
1777 4696 1854 4759 satis
1874 4693 1976 4758 habeo

786 4800 895 4881 paucis
918 4798 1025 4861 verbis
1047 4819 1118 4863 eam
1140 4799 1305 4863 indicasse.

1280 4949 1474 4958 -—......—.—..a
