5125 6150
715 888 718 893 ,
773 814 834 879 124
1249 829 1460 877 rusciorum.

815 994 902 1073 59,3
937 992 1022 1059 ίπποι
1053 993 1086 1058 δὲ
1117 995 1221 1065 αὐτοῖς
1251 996 1284 1058 οὐ
1317 1000 1473 1072 παρῆσαν·
1505 993 1538 1057 οὐ
1569 990 1632 1069 νάρ
1662 1015 1708 1055 πον
1734 991 1759 1055 οί
1782 992 1946 1070 Ἀθηναῖοι,

769 1092 843 1179 (ui)
874 1104 956 1179 μίνοι
989 1100 1046 1165 τῶν
1077 1096 1256 1178 ξυμμάχινν
1278 1094 1422 1182 (aizos),
1446 1094 1523 1174 ἧκον.
1554 1096 1729 1163 Probabilis
1752 1095 1855 1162 Hudii
1878 1118 1950 1162 oon·

768 1209 897 1274 iectura.

813 1427 901 1502 64,3
926 1428 1036 1493 ε’κεῖίεν
1060 1424 1090 1490 δὲ
1115 1427 1148 1490 τί
1172 1423 1259 1490 ἕκτον
1282 1423 1371 1502 μέρος
1394 1429 1480 1503 σφιῖν
1504 1425 1605 1488 αὐτῶν
1629 1424 1876 1504 ἀποπέμψαντες
1898 1428 1948 1491 ἐπ’

767 1532 856 1611 οίκον,
890 1533 919 1596 ίν
950 1527 971 1614 ᾧ
1002 1533 1036 1598 τὸ
1068 1529 1348 1614 πρεσβύτερόν
1379 1553 1413 1594 τε
1447 1529 1500 1595 καί
1527 1530 1562 1595 τὸ
1588 1531 1778 1613 νεώτερον
1801 1526 1846 1609 ἦν,
1870 1528 1949 1598 ὥστε

767 1640 809 1705 τά
841 1637 911 1703 οίκοι
939 1643 1085 1718 Φρονρεῖν,
1110 1639 1151 1719 τῷ
1177 1639 1270 1718 λοιπῷ
1294 1637 1508 1714 στρατεύματι
1532 1639 1732 1716 ἀφικνοῦνται
1757 1638 1787 1709 ἐς
1811 1637 1949 1714 Τεγέαν.

766 1745 848 1826 Quia
866 1749 969 1810 omnis
987 1747 1144 1811 exercitus
1166 1765 1183 1810 o
1202 1743 1366 1808 senioribus
1386 1750 1417 1807 at
1436 1742 1602 1806 iunioribus
1620 1749 1759 1821 constat,
1773 1745 1949 1810 videndum

766 1872 806 1917 an
829 1874 891 1917 nou
913 1853 1010 1916 huius
1031 1850 1094 1917 loci
1112 1853 1154 1916 sit
1175 1849 1210 1916 τί
1234 1848 1522 1928 πρεσβύτατόν
1542 1874 1576 1914 τε
1597 1851 1648 1914 καί
1669 1848 1703 1915 τί
1728 1850 1947 1930 νεώτατον,

765 1958 787 2025 i.
801 1978 828 2023 a.
851 1958 962 2022 milites
984 1958 1128 2022 παρίοισι
1150 1965 1179 2021 σί
1200 1956 1337 2021 minimae
1361 1958 1479 2020 οοίοίίι.

813 2174 897 2255 71,1
930 2176 973 2240 τά
1003 2174 1198 2255 στρατόπεδα
1231 2182 1312 2241 ποιεῖ
1341 2175 1398 2252 μὲν
1422 2174 1473 2239 καί
1498 2171 1627 2240 ἀπαντα
1652 2179 1781 2241 τοῦτο.
1805 2176 1950 2241 Annoiat

760 2274 862 2349 ¹Hudo
899 2287 1034 2361 ,τοιοῦτο
1068 2282 1220 2349 uonioio.''
1255 2279 1321 2349 Gur
1353 2280 1490 2367 quaeso?
1521 2279 1672 2349 Ceterum
1702 2282 1832 2349 fortasse
1862 2290 1950 2349 tuoto

766 2390 878 2456 deindo
908 2393 1052 2476 scripsit:
1084 2391 1133 2455 ἐπί
1164 2390 1208 2456 τά
1238 2388 1324 2467 δεξιοὶ
1349 2390 1443 2469 κέρα
1467 2389 1516 2454 τά
1541 2391 1640 2455 αὐτῶν
1655 2426 1695 2439 -
1711 2388 1867 2466 ἐξωθεῖται
1891 2412 1949 2476 pro

767 2496 902 2584 vulgato
926 2494 1088 2576 κέρατα.

811 2698 906 2776 77,6
941 2721 998 2785 pro
1033 2698 1150 2765 aeolica
1184 2698 1286 2764 forma
1319 2696 1504 2776 ἀλεξέμεναι
1540 2701 1606 2764 iam
1641 2696 1768 2765 Ahrons
1802 2703 1948 2786 reposuit

765 2806 906 2872 doricam
930 2805 1052 2885 ἀλίξην,
1080 2827 1176 2892 quam
1200 2812 1319 2870 certam
1343 2805 1596 2872 emundationum
1618 2827 1658 2871 ns
1680 2812 1949 2873 commemoravit

765 2912 893 2998 quidam
919 2912 1029 2978 editor.

809 3131 885 3196 101.
909 3130 1045 3196 Nullum
1069 3152 1136 3196 esso
1160 3131 1294 3197 verbum
1316 3128 1423 3209 ὄφλειν
1447 3153 1503 3217 pro
1524 3131 1723 3211 ὀφλισκάνειν
1741 3135 1802 3198 etsi
1821 3133 1946 3198 dudum

764 3244 897 3316 constat,
932 3244 1038 3303 tamm
1069 3237 1171 3302 aditor
1200 3240 1322 3323 sprevit
1352 3245 1470 3303 certam
1502 3238 1659 3326 Kruogsri
1690 3239 1946 3306 emendationum

764 3345 882 3424 ὀφλεῖν,
907 3364 1004 3429 quam
1026 3364 1065 3409 no
1088 3346 1248 3409 mentions
1273 3343 1402 3430 quidem
1425 3343 1554 3430 dignam
1576 3346 1730 3412 iudicasse
1754 3346 1893 3412 videtur.

1261 3592 1454 3603 ———.

1179 3766 1230 3833 Ao
1253 3788 1374 3835 masau
1397 3787 1532 3836 suxrau.

812 3963 873 4043 7‚1
907 3973 963 4040 τῆς
990 3990 1024 4030 τε
1047 3974 1106 4044 γῆς
1132 3965 1239 4043 ἔτεμον
1263 3969 1296 4033 οὐ
1319 3969 1435 4041 πολλην
1460 3968 1510 4033 καί
1536 3976 1618 4034 σῖτον
1641 3972 1947 4049 ἀνεκομίσαντο

765 4096 833 4137 τινα
857 4072 953 4152 ζεύγη
977 4072 1169 4149 κομίσαντες.
1194 4075 1289 4141 Huds
1312 4078 1453 4162 reposuit
1472 4076 1509 4142 ds
1528 4098 1585 4141 suo
1608 4077 1946 4159 ἀπεκομίσαντά,

765 4179 819 4244 sod
849 4177 972 4243 nullam
1003 4179 1094 4245 video
1123 4182 1271 4246 mutandi
1294 4185 1522 4247 necessitatem.
1547 4180 1594 4249 of.
1621 4183 1700 4249 Xeu.
1724 4185 1784 4249 An.
1808 4184 1852 4250 IV
1880 4185 1946 4263 7,1

764 4286 876 4366 χοιρία,
901 4288 931 4348 ἐν
953 4280 997 4358 οίς
1020 4287 1062 4352 τά
1086 4288 1243 4362 ἐπιτήδεια
1267 4290 1374 4354 πάντα
1398 4284 1480 4369 είχον
1506 4292 1892 4368 ἀνακεκομισμένοι.

810 4502 875 4583 8,3
899 4504 983 4579 μετά
1007 4503 1038 4569 δὲ
1062 4508 1150 4569 τοῦτο
1174 4505 1271 4591 sarpa
1295 4507 1424 4588 πέμπτη
1445 4510 1593 4583 ἐκκλησία
1612 4509 1695 4584 αὖθις
1716 4513 1867 4592 ἐγίγνετο,
1891 4538 1948 4578 κα-

766 4611 826 4674 ίάτι
850 4614 910 4690 χρη
934 4613 988 4685 την
1012 4614 1206 4690 παρασκευὴν
1230 4622 1300 4686 ταῖς
1326 4616 1411 4680 ναυσί
1436 4616 1578 4698 τάχιστα
1602 4619 1765 4695 γίγνεσθαι
1785 4620 1836 4684 καί
1862 4621 1947 4701 (soil.

765 4716 870 4780 καίίτι
901 4719 975 4799 χρη)
1005 4726 1067 4787 τοῖο
1098 4727 1302 4799 στρατηγοῑο,
1336 4724 1363 4786 εί
1393 4748 1445 4789 τον
1478 4724 1672 4803 προσδέοιντο,
1697 4730 1889 4808 ψηφισθῆναι
1914 4730 1946 4801 ἐς

764 4824 814 4886 τὸν
846 4821 984 4889 ἔκπλουν.
1020 4824 1089 4890 Non
1113 4826 1206 4892 video
1229 4828 1305 4912 quid
1328 4827 1490 4895 lucremur
1515 4831 1665 4898 Hudiana
1688 4837 1868 4899 coniectura
1892 4835 1948 4899 καί

765 4934 866 5008 <τοῦ>
892 4939 953 5003 τοῖς
977 4941 1160 5012 στρατηγοῖς
1176 4938 1421 5016 -ψηφισίιῑναι
1447 4939 1510 5005 mr.
