5125 6150
687 765 750 831 112
1183 783 1364 832 nuosnrms.

734 948 821 1014 Idem
853 948 891 1013 ed
923 947 997 1013 libri
1025 947 1041 1011 Ι
1071 949 1108 1012 de
1138 947 1195 1012 Off,
1220 946 1332 1032 5139:
1360 949 1518 1024 „ornanda
1540 956 1588 1013 est
1612 951 1697 1013 enim
1720 948 1862 1035 dignitas

684 1056 810 1131 d0m0'',
842 1076 916 1119 oum
947 1053 1113 1119 Foreellr'ni
1146 1060 1177 1119 et
1200 1053 1294 1118 Klotz
1318 1057 1403 1118 aiant
1427 1054 1504 1117 enim
1526 1076 1592 1119 esse
1615 1055 1861 1131 affirmativum,

683 1163 863 1228 adnotavit:
890 1161 975 1237 „Mit
999 1162 1074 1223 enine
1098 1159 1177 1224 wird
1200 1160 1250 1224 die
1273 1157 1515 1247 Gereohtigkeit
1539 1161 1594 1225 der
1616 1161 1778 1241 ignominie
1798 1160 1863 1225 und

683 1269 839 1333 aeternitas
861 1267 1128 1353 begriindet''.
1759 1264 1763 1268 ’

728 1374 824 1440 Klotz
855 1381 887 1439 et
917 1371 1057 1459 Georges
1087 1375 1177 1438 aiunt
1198 1376 1232 1437 in
1256 1369 1321 1439 cie.
1346 1364 1495 1437 orationis
1518 1394 1574 1458 pro
1598 1372 1745 1438 Deiotaro
1770 1371 1862 1457 533:

687 1481 884 1562 „multorum
914 1482 999 1545 enim
1030 1482 1133 1564 capita
1161 1481 1282 1543 civium
1315 1479 1459 1543 viderat''
1484 1480 1560 1542 enim
1583 1500 1649 1544 esse
1670 1477 1863 1564 particulam

684 1589 908 1656 affirmativam
931 1591 963 1651 et
986 1586 1171 1650 vertendam
1195 1582 1398 1649 Germanice:
1419 1585 1533 1665 qewiee,
1554 1586 1627 1648 eloe
1645 1585 1780 1670 bee'sel.
1805 1584 1864 1648 Est

685 1703 791 1760 tamen
826 1691 959 1757 causalis
993 1690 1158 1776 particula.
1193 1690 1290 1755 Recte
1324 1688 1475 1754 Halmius
1510 1691 1604 1755 rerba
1636 1689 1793 1755 Matthiae
1824 1688 1864 1754 sd

683 1802 767 1866 huno
797 1799 903 1864 locum
932 1797 1077 1863 laudavit
1108 1797 1257 1862 dicentis:
1293 1795 1419 1873 „lronia
1447 1800 1481 1860 in
1505 1818 1540 1862 eo
1565 1800 1667 1882 posita
1691 1805 1756 1873 est,
1780 1797 1865 1882 quod

682 1930 773 1971 esraa
791 1904 920 1971 affertur
938 1906 995 1979 rei,
1015 1923 1112 1988 quam
1132 1903 1245 1968 falsam
1263 1901 1317 1967 vel
1336 1903 1505 1967 absurdam
1524 1925 1590 1968 esse
1604 1925 1712 1968 omnes
1725 1903 1863 1967 seiunt''.

684 2012 791 2080 Germ.
816 2018 863 2077 est
886 2010 1075 2077 vertendum
1090 2011 1147 2094 je,
1172 2009 1301 2096 Belgica
1323 2009 1447 2074 immere.

730 2116 837 2184 Simili
866 2115 959 2181 modo
988 2122 1036 2180 est
1065 2114 1317 2201 intellegendum
1347 2114 1431 2200 quod
1462 2114 1583 2202 legitur
1614 2115 1651 2180 de
1682 2115 1754 2180 Nat.
1778 2114 1863 2179 deor.

685 2224 731 2290 ΠΙ
756 2224 846 2309 §402
882 2221 1024 2299 „Omitto
1056 2220 1131 2298 illa,
1164 2227 1238 2285 sunt
1269 2223 1355 2286 enim
1386 2221 1576 2306 praeelars’',
1606 2223 1662 2286 ubi
1692 2220 1809 2307 Meyer
1832 2223 1865 2284 in

685 2336 856 2397 comment.
880 2330 978 2393 vertit
999 2328 1104 2411 emp,
1129 2326 1351 2412 quodfalsum
1374 2334 1432 2392 est.

730 2437 1006 2521 supervacaneum
1048 2433 1182 2498 arbitror
1223 2432 1330 2518 plures
1369 2433 1456 2499 locos
1490 2430 1710 2500 Oieeromsnos
1746 2433 1864 2499 afferre.

685 2543 795 2628 Neque
826 2561 938 2627 operae
969 2541 1109 2624 pretium
1139 2545 1187 2603 est
1216 2542 1376 2625 inquirere
1406 2543 1439 2603 in
1462 2561 1573 2605 versus
1597 2541 1787 2606 Horatianos
1811 2544 1867 2625 qui

687 2652 720 2713 in
754 2647 864 2712 lexicis
899 2646 1081 2722 afferuntur,
1117 2645 1182 2710 Sat.
1214 2644 1246 2711 ll
1277 2645 1403 2725 3,124;
1439 2647 1468 2724 5,
1484 2645 1540 2723 79;
1573 2647 1675 2733 Epist.
1703 2648 1719 2712 l
1745 2648 1795 2723 19,
1811 2647 1864 2712 44.

688 2755 888 2819 Recentiores
922 2755 1108 2836 interpretes
1143 2773 1269 2828 omnes,
1307 2753 1389 2837 quod
1423 2755 1539 2829 sciam,
1575 2755 1651 2816 enim
1685 2756 1756 2818 istis
1787 2752 1866 2818 loeis

688 2881 814 2926 eausam
838 2863 905 2924 sire
929 2862 1082 2924 rationem
1107 2857 1283 2945 significare
1307 2866 1390 2924 reete
1414 2865 1549 2924 censent.

733 2965 900 3032 Difficilius
931 2987 1005 3030 vero
1036 2971 1084 3029 est
1114 2986 1207 3029 usum
1232 2963 1455 3052 Vergilianum
1478 2965 1641 3050 explicere.
1666 2965 1769 3030 Hodie
1793 2987 1868 3050 quo

689 3096 749 3160 que
783 3080 857 3138 sunt
887 3074 949 3137 riri
980 3071 1063 3136 docti
1094 3074 1149 3156 qui
1178 3071 1261 3157 apud
1294 3094 1368 3138 eum
1401 3072 1475 3136 seim
1508 3081 1698 3158 usurpatum
1721 3094 1788 3138 esse
1811 3094 1868 3158 pro

687 3183 840 3267 perfeeto,
864 3201 948 3255 vero,
973 3178 1089 3264 quidem
1113 3185 1236 3262 putent,
1260 3200 1308 3244 ex.
1332 3201 1381 3265 gr.
1406 3182 1482 3245 Aen.
1508 3178 1538 3257 8,
1552 3178 1612 3244 84:

825 3306 921 3372 quam
943 3287 1016 3371 pius
1040 3286 1161 3349 Aeneas
1186 3286 1243 3350 tibi
1269 3289 1371 3362 enim,
1397 3287 1470 3363 tibi,
1495 3289 1637 3351 maxima
1659 3285 1754 3363 Iuno,

824 3397 943 3457 mactat
964 3411 1051 3456 sacra
1074 3391 1206 3456 ferens”.

689 3500 820 3566 Servius
852 3504 942 3563 extra
970 3500 1122 3562 terminos
1153 3518 1227 3563 suae
1251 3498 1411 3564 doctrinae
1434 3501 1662 3584 grammaticae
1686 3519 1871 3585 progressus

690 3610 781 3691 inops
812 3603 994 3691 profitetur:
1028 3608 1140 3680 „vacat
1162 3605 1239 3667 enim
1262 3610 1294 3669 et
1318 3610 1444 3669 tantum
1468 3604 1507 3669 ad
1530 3611 1677 3670 ometum
1700 3606 1870 3690 pertinet”.

691 3711 872 3776 Absurdum
895 3710 953 3775 hoo
977 3710 1106 3794 quidem
1129 3715 1193 3787 est,
1217 3710 1271 3775 sed
1295 3732 1356 3775 non
1380 3713 1483 3797 magis
1502 3708 1672 3796 probabilis
1693 3717 1741 3775 est
1760 3730 1871 3774 eorum

691 3819 864 3893 sententis,
897 3818 951 3901 qui
982 3818 1072 3880 aiunt
1099 3816 1176 3879 reim
1199 3815 1318 3881 efficere
1342 3822 1378 3880 ut
1401 3819 1531 3903 gravior
1554 3824 1700 3881 accentus
1724 3816 1814 3880 eadat
1837 3819 1872 3880 in

692 3923 756 4001 tibi,
781 3927 837 3987 aut
859 3942 968 3987 eorum
994 3924 1048 4005 qui
1072 3922 1148 3985 enim
1169 3922 1228 3986 hoo
1251 3921 1319 3987 loeo
1343 3945 1419 3999 vero,
1444 3923 1546 4008 otique
1567 3928 1622 3986 aut
1641 3922 1756 4007 quidem
1776 3926 1873 4008 signi-

693 4030 783 4095 ficare
814 4026 954 4093 eredunt.
987 4025 1076 4106 Quod
1107 4026 1146 4092 ad
1170 4028 1305 4092 formam
1328 4028 1444 4093 similis
1469 4035 1516 4093 est
1540 4049 1650 4092 versus
1674 4027 1782 4093 Ovidii
1804 4030 1873 4095 Me·

692 4141 804 4202 tamm.
829 4131 888 4197 XV
912 4131 994 4196 581:

829 4240 925 4316 „rer”
950 4240 1011 4316 ait,
1038 4259 1077 4315 „o
1101 4236 1203 4303 salve!
1232 4238 1298 4301 Tibi
1321 4240 1414 4316 enim,
1439 4240 1510 4316 titi,
1536 4236 1631 4325 Cipo,
1657 4242 1782 4325 tuisque

827 4347 879 4411 hie
901 4344 989 4410 locus
1012 4351 1044 4410 et
1067 4345 1176 4410 Latiae
1199 4345 1355 4429 parebunt
1378 4346 1525 4410 cornibus
1547 4366 1648 4422 eroes,

694 4452 748 4516 sed
768 4454 816 4515 vis
836 4450 968 4517 causalis
988 4450 1162 4536 particulae
1181 4453 1232 4515 bio
1252 4473 1313 4516 non
1332 4457 1380 4517 est
1399 4453 1540 4517 obseura.
1564 4451 1610 4516 Eo
1630 4451 1698 4516 loeo
1720 4473 1812 4529 vero,
1835 4452 1874 4517 de

694 4578 756 4643 quo
775 4578 857 4621 nuno
877 4561 994 4644 agitur,
1016 4558 1092 4623 haec
1111 4560 1161 4621 vis
1180 4560 1286 4642 potius
1305 4580 1321 4623 e
1339 4558 1531 4644 longinquo,
1552 4565 1590 4623 ut
1608 4561 1654 4621 ita
1675 4559 1793 4634 dicam,
1808 4580 1875 4624 sen·

694 4666 784 4738 titur,
805 4684 901 4746 quam
915 4685 1059 4747 praesens
1071 4669 1288 4749 cognoscatur.
1307 4663 1414 4729 Nihilo
1428 4667 1534 4728 minus
1547 4666 1597 4729 ris
1608 4663 1742 4729 causalis
1755 4666 1873 4731 subest.

740 4771 860 4834 Aeneas
883 4791 972 4834 suem
996 4776 1114 4836 mactat
1135 4768 1260 4835 Iunoni.
1281 4769 1336 4834 Bis
1356 4771 1393 4835 de
1412 4772 1470 4835 hae
1491 4792 1547 4835 sue
1566 4773 1599 4834 in
1620 4771 1876 4837 antecedentibus

696 4896 798 4940 sermo
830 4882 897 4941 erat
929 4874 974 4940 ΙΙΙ
1007 4876 1071 4942 390
1103 4885 1135 4942 et
1165 4875 1237 4940 VIII
1270 4876 1323 4951 43,
1355 4878 1404 4942 bis
1435 4898 1559 4963 quoque
1589 4878 1627 4942 de
1657 4877 1777 4943 Iunone
1801 4885 1875 4944 ante
