5125 6150
1046 814 1089 864 11
1111 811 1319 864 1111111111
1340 811 1527 864 camacum.
1831 796 1871 863 al

695 1001 817 1046 sacrum
851 979 989 1065 Dionysi
1022 977 1148 1044 cultum
1182 979 1369 1043 ecstaticum
1398 980 1432 1042 in
1463 998 1497 1043 se
1527 980 1645 1063 recepit
1674 984 1706 1043 et
1728 997 1875 1064 responsa

694 1087 785 1153 dabat
816 1085 1015 1168 11911111ίὶ111
1044 1105 1101 1170 per
1129 1083 1324 1149 sacerdotem
1352 1086 1506 1149 instinctu
1537 1084 1645 1149 divino
1669 1083 1827 1150 furentem
1840 1085 1875 1165 ¹).
1978 1142 1980 1147 .

692 1193 779 1259 Unde
808 1199 952 1258 statuere
982 1190 1059 1256 licet
1087 1189 1252 1255 oraculum
1283 1189 1514 1267 Lebadiaeum,
1539 1190 1710 1278 quodiam
1734 1197 1875 1277 tempore

690 1300 915 1386 Aristophanis
944 1297 1146 1374 irridebatur,
1176 1302 1288 1382 utpote
1319 1295 1497 1362 obsoletum
1520 1302 1552 1362 et
1574 1296 1631 1362 hac
1655 1296 1876 1363 11111111-

687 1412 723 1471 ut
753 1406 793 1471 fit
818 1443 862 1455 -
884 1403 1007 1492 puerile
1030 1404 1192 1481 habitum,
1216 1405 1380 1487 antiquius
1403 1402 1499 1468 fuisse
1521 1403 1659 1490 Pythice
1682 1403 1809 1469 oraculo
1831 1425 1877 1469 ec-

687 1515 822 1589 statico,
857 1512 934 1577 licet
968 1519 1000 1577 et
1034 1511 1131 1575 huius
1161 1512 1252 1596 origo
1283 1512 1318 1574 in
1348 1510 1487 1575 tenebris
1518 1509 1747 1597 mythologieis
1768 1510 1874 1576 lateat.

686 1617 945 1684 Admirationem
979 1623 1064 1683 corte
1095 1623 1204 1682 movet
1238 1618 1415 1681 constantia
1445 1614 1617 1702 Trophonii
1646 1616 1769 1695 eultue;
1801 1638 1876 1683 nam

685 1725 791 1791 fuerat
827 1724 969 1810 aequalis
1007 1723 1098 1789 illius
1127 1722 1311 1808 Aesculapii
1339 1743 1435 1810 quem
1465 1721 1608 1788 Thessali
1634 1722 1760 1790 Triccao
1798 1722 1876 1790 locis

685 1834 904 1898 subterraneis
938 1829 1170 1918 implorabant,
1204 1828 1330 1894 saeculo
1360 1835 1469 1894 autem
1498 1828 1654 1894 Hadriani
1683 1833 1875 1895 immutatus

684 1941 885 2004 imminutus
914 1939 1013 2001 etiam
1043 1935 1128 2021 apud
1159 1932 1296 2002 Graecos
1323 1940 1355 1999 et
1378 1935 1526 2000 barbaros
1549 1937 1632 2001 vixit
1655 1935 1825 2020 floruitque
1838 1935 1875 2016 ’t

686 2044 889 2131 Agamedem
908 2048 1017 2108 autern
1036 2047 1068 2107 et
1084 2040 1303 2127 Trophonium
1322 2041 1433 2107 heroas
1452 2041 1550 2105 factos
1561 2046 1594 2106 et
1606 2041 1645 2106 ob
1658 2047 1760 2107 artem
1773 2041 1877 2107 aedifi·

685 2151 778 2215 candi
797 2149 884 2235 apud
905 2147 1130 2214 Orchomenios
1150 2147 1322 2213 celebratos
1341 2168 1360 2212 a
1378 2147 1501 2234 Minyis
1519 2151 1551 2211 in
1572 2146 1741 2232 Triphylia
1752 2169 1876 2233 quoque

685 2278 752 2322 essa
785 2254 892 2321 cultos
922 2253 1005 2319 nihil
1035 2254 1140 2319 obstat
1170 2256 1342 2340 quominus
1373 2253 1549 2319 credamus.
1581 2252 1690 2337 Neque
1713 2253 1810 2318 aliam
1834 2254 1873 2319 ob

687 2383 820 2428 causam
850 2382 925 2427 cum
948 2362 1074 2447 Augiae
1096 2361 1281 2424 nominoio
1305 2365 1381 2425 nota
1403 2351 1509 2424 fabulo
1532 2361 1717 2425 coniunctos
1741 2380 1807 2425 esse
1830 2380 1876 2424 ar

686 2468 798 2545 bitror,
818 2487 914 2552 quam
934 2471 972 2530 ut
989 2464 1204 2530 illustraretur
1223 2465 1413 2551 Minyarum
1430 2467 1597 2551 ingenium
1617 2467 1721 2551 magis
1734 2471 1874 2543 acutum,

687 2594 750 2658 qno
774 2575 900 2637 invisus
923 2571 978 2636 ille
997 2573 1120 2658 Augias
1138 2570 1335 2656 lepidissime
1355 2577 1437 2635 esset
1454 2569 1619 2635 fraudatus
1639 2569 1873 2637 atludificatus.

686 2678 775 2758 Quae
816 2681 903 2743 enim
939 2676 1003 2742 alia
1037 2698 1131 2742 causa
1164 2677 1295 2763 Minyae
1329 2697 1514 2761 permovere
1549 2678 1652 2761 potuit
1687 2681 1725 2740 ut
1758 2699 1874 2742 nomen

686 2783 806 2870 Hyriei
829 2804 904 2848 cum
926 2784 1051 2869 Augiae
1074 2780 1257 2848 mutarent?
1281 2782 1387 2847 Facile
1409 2785 1512 2868 igitur
1531 2781 1688 2848 Muelloro
1707 2787 1875 2848 assentirer

686 2890 872 2977 perhibenti
902 2888 1125 2954 Orchomenioa
1149 2887 1290 2953 fabulam
1312 2888 1351 2953 de
1372 2888 1489 2976 Hyriei
1512 2890 1660 2954 thesauro
1682 2891 1717 2953 in
1739 2889 1875 2977 Triphy-

687 2995 768 3062 liam
791 2994 1006 3060 introduxisse
1028 3002 1124 3081 atque
1146 2995 1193 3059 ibi
1216 3016 1291 3059 cum
1315 2995 1438 3082 Augiae
1462 2997 1590 3060 nomine
1613 2998 1827 3074 coniunxisse,
1848 2999 1875 3062 si

685 3124 799 3170 revera
830 3101 1011 3189 Agamedes
1043 3109 1075 3168 et
1105 3101 1304 3187 Trophonius
1327 3100 1395 3179 1111,
1419 3104 1475 3187 111
1500 3103 1641 3189 Augiam
1664 3102 1873 3187 deceperunt,

685 3210 825 3275 fuissent
847 3209 923 3272 idem
944 3209 1055 3274 heroes
1074 3206 1277 3273 Orchomenii
1297 3208 1349 3293 qui
1368 3208 1540 3271 dedocent
1559 3209 1712 3292 Hyriecm.
1737 3208 1873 3275 Sodnon

686 3317 829 3383 fuerunt.
850 3314 943 3381 Teste
963 3317 1050 3380 enim
1067 3312 1205 3381 Charace
1219 3314 1244 3393 3)
1261 3314 1444 3392 Ἀγαμήδης
1463 3312 1597 3395 ἄρχων
1618 3317 1872 3398 Στυμφήλου

686 3433 743 3499 τῆς
780 3423 946 3502 'Apuliae
984 3422 1098 3500 ἐγάμει
1133 3422 1334 3499 Ἐπικάστην,
1372 3417 1412 3493 ἧς
1445 3430 1542 3494 ταῖς
1574 3418 1613 3496 ἦν
1643 3426 1872 3505 Τροφώνιος

686 3530 865 3599 σκότιος.
897 3524 977 3592 οὗτοι
1017 3529 1046 3591 ἒν
1064 3527 1167 3593 Ἤλιδι
1192 3536 1330 3604 ταμιεῖον
1353 3533 1485 3609 χρυσοῦν
1494 3526 1533 3608 (1)
1558 3531 1792 3594 κατεσκεύασαν
1815 3532 1875 3596 Αὐ-

687 3638 834 3719 7111-
859 3633 1006 3700 ἔκλεπτον
1037 3642 1095 3699 τῶν
1125 3634 1295 3714 χρημάτων
1319 3631 1405 3711 ἅμα
1426 3634 1613 3715 Κερκυόνι
1637 3627 1668 3708 ὃς
1692 3634 1726 3712 ἦν
1749 3639 1872 3713 γνήσιος

686 3741 893 3820 ’Δγαμήδους
924 3743 976 3805 ael
1008 3742 1198 3815 Ἐπικάστης
1231 3743 1302 3814 υἱός.
1334 3741 1512 3827 Agamedes
1541 3744 1644 3828 igitur
1673 3743 1873 3827 Stymphalica

686 3872 764 3916 cum
782 3848 926 3931 privigno
949 3847 1129 3935 Trophonio
1151 3855 1183 3913 et
1205 3847 1383 3935 Cercyona,
1408 3856 1483 3913 noto
1507 3828 1895 3935 11111111111111111111·ι

686 3977 761 4021 sous
792 3953 824 4019 ἓν
854 3956 1004 4019 Ἐλευσῖνι
1038 3956 1287 4026 caverciatam
1318 3955 1420 4017 ἀνεῖλε
1434 3953 1470 4036 ⁴),
1503 3953 1605 4019 scelus
1633 3960 1872 4021 commiserunt.

685 4061 773 4142 Quid
804 4067 912 4126 autem
944 4060 1067 4147 Minyis
1099 4083 1172 4127 cum
1196 4083 1271 4148 rege
1293 4060 1497 4147 Stymphali,
1522 4063 1609 4127 urbia
1631 4062 1742 4147 procul
1766 4084 1784 4128 a
1806 4062 1872 4127 Tri·

725 4292 750 4350 1)
768 4291 806 4339 Ol.
823 4291 851 4339 Ε.
870 4290 952 4356 liohde
970 4289 1062 4354 Psyche
1079 4288 1104 4337 11
1122 4290 1163 4340 11.

720 4374 747 4433 2)
774 4373 858 4436 Neque
883 4372 1028 4421 comicorum
1050 4372 1216 4421 insectationes
1238 4372 1267 4419 ad
1282 4371 1331 4419 1111
1349 4370 1420 4418 hcine
1438 4369 1560 4433 religionis
1577 4370 1728 4419 minuendam
1744 4370 1873 4434 quidquam

684 4455 804 4513 11111111,
826 4470 902 4519 neque
927 4454 1066 4503 Dicaearchi
1090 4451 1232 4514 κατάβασιν
1249 4451 1284 4510 εἷς
1302 4451 1438 4513 τροφωνίου
1456 4453 1506 4502 cius
1523 4452 1661 4502 auctoritati
1677 4452 1790 4512 nocuisse,
1808 4454 1876 4502 decet

686 4540 719 4587 K.
738 4538 769 4587 0.
787 4536 893 4585 Mueller
909 4536 982 4585 Orch.
999 4535 1012 4584 1
1030 4552 1054 4601 p.
1072 4536 1128 4594 lbl,
1145 4535 1187 4599 qni
1205 4536 1288 4584 landet
1305 4534 1400 4584 oracula
1416 4535 1471 4582 data
1488 4536 1517 4583 de
1534 4534 1599 4583 exitu
1617 4549 1707 4599 pugnae
1724 4535 1874 4594 leuctricee,

682 4621 714 4670 dc
741 4622 820 4668 morte
847 4617 965 4683 Philippi,
993 4619 1021 4666 de
1043 4617 1151 4666 victoriis
1174 4617 1266 4676 Sullee;
1290 4632 1380 4666 necnon
1403 4620 1572 4665 commemorat
1590 4616 1657 4664 ludos
1674 4615 1780 4680 publicos
1797 4621 1875 4666 aetate

683 4700 810 4753 Hadriani
831 4700 950 4749 lebadeae
968 4699 1073 4758 habitos,
1093 4703 1117 4749 et
1134 4699 1230 4749 oracula
1246 4701 1275 4748 de
1292 4700 1389 4749 civitate
1406 4714 1504 4748 romana
1521 4713 1579 4760 quae
1598 4697 1740 4760 Eutychides
1757 4699 1782 4747 in
1801 4714 1875 4748 unum

684 4785 800 4835 volumen
816 4782 915 4831 collecta
931 4798 946 4830 e
961 4783 1001 4831 Tr.
1019 4783 1134 4848 accepisse
1150 4781 1280 4831 dicebatur.

721 4870 746 4927 81
764 4865 830 4915 Nob.
850 4866 897 4913 108
914 4866 940 4914 in
958 4865 1029 4914 Schol

721 4952 748 5010 4)
764 4948 833 4997 Plut.
849 4948 918 4997 Thes.
940 4948 978 4996 11.
