5125 6150
720 774 787 839 316
1054 789 1220 839 promite
1242 788 1560 837 mnmmsesnsis.

764 955 846 1019 iilud
878 977 1001 1041 qnoque
1031 955 1156 1020 addam.
1188 955 1249 1018 Vix
1280 955 1456 1020 verendum
1485 962 1533 1019 est
1562 976 1602 1019 ne
1631 956 1702 1040 quis
1723 954 1895 1020 confundat

719 1066 863 1126 activum
894 1063 1028 1126 verbnm
1060 1061 1271 1126 α’πεδειανίναι
1302 1082 1376 1125 cum
1406 1061 1512 1125 medio
1541 1062 1789 1137 ε’πνδείαννείαι,
1820 1082 1895 1125 nam

718 1167 887 1232 discrimen
917 1171 950 1231 in
981 1171 1087 1253 aprico
1117 1182 1182 1243 est:
1215 1168 1268 1233 sed
1299 1167 1472 1252 aliquando
1497 1168 1626 1231 oonfusa
1647 1167 1776 1232 fuerunt
1798 1167 1897 1231 rerba

721 1275 920 1338 ἐπιδεικνύω
942 1290 972 1338 et
998 1274 1228 1338 ἐπιδείκνυσθαι.
1253 1274 1400 1337 Primum
1423 1273 1503 1337 dabo
1524 1273 1647 1358 aliquot
1669 1272 1812 1359 exempla
1838 1273 1896 1338 ubi

719 1396 803 1444 recte
838 1383 980 1444 activum
1016 1383 1190 1444 invenitur.
1221 1379 1331 1443 Veluti
1361 1379 1376 1442 I
1407 1380 1427 1441 5
1458 1400 1490 1462 p.
1515 1379 1573 1442 15:
1602 1380 1761 1452 Ἕλληνας
1783 1380 1896 1450 αὐτοὺς

721 1486 811 1557 ὄντας
841 1485 998 1563 ἐπιδείξειν
1030 1487 1249 1564 ὒπινχνεῡμαι.
1284 1485 1332 1549 ΠΙ
1358 1486 1400 1549 lt]
1429 1508 1460 1570 p.
1484 1484 1567 1549 433:
1599 1487 1653 1549 νῦν
1682 1486 1720 1549 ἂν
1751 1484 1818 1567 ἐχυι
1846 1510 1897 1557 τις

720 1592 870 1670 ἐπιδείξαι
891 1597 990 1671 <Dim
1013 1593 1170 1672 ἐνίριίπυν
1193 1588 1215 1671 ᾧ
1238 1601 1294 1664 τῆς
1318 1594 1476 1663 πολιτείας
1499 1592 1766 1668 μεταδεδιίεαμεν.
1786 1591 1833 1658 Ill
1854 1593 1893 1656 ll

721 1722 751 1784 p.
776 1698 860 1763 437:
886 1700 899 1763 ί
922 1700 1055 1769 reneis
1079 1701 1216 1775 πατέρας
1239 1699 1419 1778 ἐπιχυρίευς
1438 1698 1586 1776 ἐπιδείξει
1606 1697 1777 1775 δυνάμενος.
1801 1698 1833 1762 X
1852 1697 1896 1762 33

721 1828 751 1890 p.
765 1804 868 1869 208οῑ
889 1806 958 1876 τεὺς
978 1805 1131 1881 ὑπηρέτας
1151 1808 1252 1876 uzi.-
1273 1804 1478 1880 διαεειμένευς
1492 1806 1715 1870 ἐπεδείκνυσαν.
1734 1804 1897 1889 Denique:

722 1912 751 1975 X
775 1911 818 1976 38
850 1933 879 1997 p.
904 1911 1009 1976 2092:
1041 1915 1074 1976 τί
1106 1912 1232 1976 δέαατεν
1261 1910 1442 1986 ἐπιδειξάτω
1472 1912 1561 1991 μέρες
1592 1909 1630 1975 ἐν
1659 1912 1729 1986 ὑμῖν
1752 1909 1898 1987 ὑπέδειξα

720 2021 790 2095 est.
814 2018 875 2083 Sed
898 2018 975 2082 alibi
997 2019 1152 2083 fluctuant
1174 2017 1296 2083 codices
1320 2036 1350 2083 et
1374 2019 1511 2083 editores
1533 2019 1723 2082 titubarunt.
1746 2015 1898 2081 Animad-

719 2128 801 2190 verti
833 2124 925 2189 vta
954 2146 985 2210 p.
1010 2124 1093 2189 956:
1125 2128 1293 2209 scriptores
1324 2124 1439 2189 debent
1462 2128 1693 2210 imperatorum
1717 2124 1785 2196 τεὺς
1809 2124 1897 2200 βίους

721 2235 746 2296 εί
778 2231 891 2309 με’πριυι
922 2231 1097 2295 διεπέλεεαν
1122 2232 1442 2295 ἐπιδείανυπίαι·
1467 2231 1519 2294 hio
1541 2233 1641 2295 miror
1661 2229 1896 2315 Kiesslingium

721 2341 776 2424 qni
806 2339 972 2401 coniecerit
1001 2336 1280 2402 ἐπιδεικνύναι
1312 2346 1344 2401 et
1374 2344 1481 2402 tamen
1511 2337 1525 2401 1
1559 2336 1580 2400 8
1610 2359 1641 2421 p.
1672 2335 1716 2401 23
1746 2336 1896 2401 ediderit:

721 2442 787 2508 ἕλεν
819 2443 1089 2519 ἀποδείκνυμι
1113 2444 1164 2506 τίν
1186 2445 1317 2522 ἇρχαῑεν
1339 2444 1407 2518 βίον
1431 2452 1486 2516 τῆς
1511 2442 1646 2520 πίλειις,
1670 2464 1744 2507 cum
1766 2445 1801 2506 in
1823 2440 1898 2508 Chi-

722 2555 809 2615 siano
835 2553 877 2614 sit
901 2550 1169 2626 ἐπιδείκνυμι.
1189 2548 1305 2615 Itidem
1328 2551 1358 2615 ll
1382 2550 1425 2615 64
1449 2573 1480 2635 p.
1505 2549 1588 2615 364:
1612 2550 1797 2625 βουλόμενον
1820 2550 1899 2611 ἔπι-

722 2655 939 2732 δείξαείαι
961 2665 1026 2728 παῖς
1049 2658 1209 2723 brisaico
1233 2656 1359 2734 ἐναργές
1381 2683 1410 2720 τι
1434 2657 1562 2732 μήνυμα
1584 2664 1641 2729 πῆς
1664 2656 1735 2732 πρὸς
1759 2655 1810 2717 τὸν
1832 2654 1897 2717 δαί-

722 2787 800 2838 μονα
830 2763 971 2839 ὁμιλίας,
1002 2766 1107 2827 verior
1137 2766 1294 2850 scriptura
1325 2772 1389 2827 est:
1427 2761 1649 2839 ἐπιδείξαι,
1681 2761 1751 2827 coll.
1786 2758 1897 2826 Cobet.

727 2870 842 2932 Οίιενν.
874 2892 904 2954 p.
930 2868 984 2944 52,
1015 2873 1110 2933 sicuti
1133 2870 1288 2934 habemns
1309 2867 1352 2932 IV
1377 2868 1419 2933 35
1443 2892 1474 2954 p.
1500 2868 1581 2934 729:
1606 2870 1659 2940 τίιν
1683 2870 1790 2933 τρίτου
1813 2890 1899 2932 συνο-

722 2977 859 3051 Φαντίαν
883 2974 1167 3051 ἐπιδείξασθαι
1191 2976 1394 3053 βουλόμενος,
1418 2977 1473 3040 ubi
1495 2973 1632 3042 cobetus
1651 2976 1795 3061 probavit
1815 2972 1899 3059 quod

723 3084 937 3169 Kiesslingius
968 3086 1102 3147 correxit
1135 3082 1351 3160 ἐπιδεῖξαι.
1376 3082 1437 3147 Sed
1461 3084 1537 3157 ohe,
1560 3086 1625 3146 iam
1648 3085 1725 3146 satis
1748 3078 1812 3145 est!
1837 3086 1898 3144 ter-

723 3197 829 3255 centos
852 3192 964 3253 insero.

768 3402 823 3466 13
847 3425 877 3487 p.
900 3402 958 3465 12:
983 3402 1049 3480 περί
1069 3402 1186 3475 πίλευς
1208 3404 1348 3479 γράφει
1368 3411 1424 3476 τῆς
1443 3402 1702 3483 περιφανεςιίτνις.
1724 3403 1898 3490 Dionysius

722 3512 847 3594 scripsit
869 3509 1095 3593 praefationem
1119 3517 1175 3573 ant
1198 3518 1281 3573 certe
1305 3531 1338 3573 se
1357 3512 1517 3594 scripsisse
1538 3509 1670 3574 simulat
1689 3517 1758 3572 aete
1776 3509 1898 3595 reliqua

724 3618 841 3681 omnia.
877 3614 960 3679 Hine
997 3616 1149 3680 habemns
1184 3637 1210 3680 c.
1245 3617 1262 3679 l
1296 3638 1325 3700 p.
1351 3614 1389 3679 2:
1424 3618 1477 3686 τίιν
1506 3619 1663 3694 ἐμπειρίαν
1695 3616 1808 3693 ἔλαβον
1840 3623 1899 3681 τῶν

724 3720 977 3801 γραφησομένων.
1009 3719 1044 3787 (ί.
1070 3722 1089 3785 5
1121 3745 1151 3807 p.
1178 3723 1237 3785 15:
1270 3724 1300 3785 ἐν
1329 3721 1429 3801 satire
1459 3720 1580 3794 δνλιίεω
1603 3733 1641 3803 τῇ
1665 3732 1785 3803 γραφῇ.
1816 3722 1899 3788 Ibid.

725 3828 787 3891 ἐπί
817 3836 872 3900 τῆς
902 3828 987 3904 μετὰ
1018 3827 1133 3902 ταύτην
1164 3827 1332 3905 ιίρξιίμεννς
1364 3830 1551 3908 ἀναγραφῆς
1575 3831 1794 3909 ἐφηγιίσομαι.
1818 3827 1853 3895 0.
1880 3829 1900 3895 8

724 3957 754 4020 p.
780 3934 840 3998 24:
873 3935 890 4005 νί
921 3934 1017 4011 ίςνρία
1047 3933 1113 4010 περί
1138 3934 1277 3998 τοιούτων
1301 3936 1463 4011 γενήσεται
1488 3937 1693 4015 πραγμάτων.
1718 3936 1808 4001 Unde
1831 3958 1901 4001 eon-

723 4044 867 4125 sequitur
896 4040 1129 4105 rescribendum
1153 4061 1237 4105 esse:
1262 4041 1329 4118 περὶ
1354 4040 1469 4113 πόλεως
1494 4043 1637 4122 γράψω
1661 4052 1715 4117 τῆς
1739 4049 1903 4125 περιφανε-

725 4146 833 4221 stirne.
856 4146 935 4211 Vide
957 4150 1054 4211 etiam
1078 4147 1185 4211 fiitura
1208 4150 1375 4223 γενήσεται
1399 4155 1431 4213 et
1455 4148 1598 4224 τεύξεται
1622 4150 1638 4214 Ι
1661 4150 1681 4213 8
1703 4173 1733 4236 p.
1758 4150 1813 4214 24.

770 4358 784 4422 Ι
809 4358 828 4423 5
852 4382 882 4445 p.
910 4357 968 4422 16:
991 4360 1018 4422 εί
1042 4359 1076 4433 tt,
1100 4358 1217 4428 ιίπέςαι
1240 4365 1293 4424 τοῦ
1318 4360 1413 4437 λόγου
1436 4361 1471 4426 τί
1495 4363 1662 4444 ἐπίφίονιν.
1693 4363 1756 4428 Hie
1779 4365 1902 4432 haereo.

724 4464 820 4528 Nulla
843 4466 934 4541 urbe,
957 4467 1079 4548 inquit,
1103 4468 1188 4530 viros
1211 4466 1298 4532 domi
1317 4471 1558 4553 praestantiores
1579 4490 1674 4554 quam
1694 4468 1795 4535 Roma
1814 4471 1903 4549 tulit,

725 4566 814 4632 nulla
836 4571 987 4646 militiae,
1012 4572 1037 4634 εί
1061 4571 1103 4645 δίι
1127 4572 1282 4641 ιέπέςαι
1306 4579 1359 4638 ποῦ
1384 4573 1478 4652 λόγου
1502 4577 1536 4641 ιδ
1561 4575 1727 4653 ἐπίφθονον.
1753 4577 1789 4641 Ιιι
1812 4574 1904 4642 0οῶ-

725 4673 815 4738 cibus
844 4697 955 4760 parum
987 4684 1035 4742 est
1066 4679 1231 4764 praesidii:
1267 4676 1437 4745 Ohieianus
1469 4683 1494 4745 εί
1524 4681 1556 4745 δέ
1587 4682 1699 4759 habet,
1722 4682 1903 4770 Stephanus

724 4783 857 4845 coniecit
880 4781 963 4861 είγε,
987 4807 1049 4870 quo
1072 4807 1134 4850 non
1154 4785 1295 4851 multum
1313 4787 1505 4872 proficimus.
1529 4787 1716 4874 Scripserim
1735 4792 1900 4876 equidem:

725 4885 750 4948 εί
780 4885 818 4951 δέ
942 4891 1076 4959 intes
1100 4890 1270 4969 τοῦλόγου
1294 4895 1327 4958 τί
1351 4892 1518 4973 ἐπίφθονον,
1542 4895 1657 4979 quibus
1679 4896 1784 4961 verbis
1807 4899 1901 4962 inter·

681 5259 879 5373 A
