5125 6150
1215 829 1339 880 brerae.
1805 810 1871 882 377

684 994 803 1058 Andos.
828 994 881 1058 Or.
905 994 920 1057 Ι
946 993 1029 1078 ς88.
1061 993 1123 1059 Sed
1155 995 1302 1080 exempla
1333 995 1481 1060 diationis
1505 997 1733 1062 usitatissimae
1757 999 1874 1084 ubique

682 1105 759 1163 sunt
781 1100 885 1164 obvia.

731 1315 784 1379 Or.
811 1316 852 1380 Vl
875 1316 966 1401 §332
991 1318 1033 1390 εἷς
1058 1322 1182 1383 τοσοῦτο
1203 1317 1228 1383 δ’
1252 1318 1468 1399 ἀναισχυντίας
1494 1320 1630 1398 ἀφῖκται
1654 1317 1731 1384 ὥστε
1746 1356 1776 1368 -
1790 1359 1869 1370 --

684 1421 738 1498 ἤδη
769 1425 940 1501 δημηγορεῖ
967 1425 1019 1488 κοιδ
1052 1425 1182 1504 ἐπιτιμᾷ
1213 1425 1266 1489 καὶ
1301 1423 1609 1503 ἀποδοκιμάζει
1633 1432 1691 1490 τῶν
1715 1425 1873 1508 ἀρχόντων

684 1552 746 1592 τισι
782 1544 852 1594 κτλ.
889 1528 1096 1595 Halbertsma
1130 1530 1182 1594 aa}
1214 1528 1436 1609 ἀποδοκιμάζει
1474 1529 1601 1595 delebat
1634 1552 1708 1595 eum
1739 1534 1875 1597 verbum

687 1635 834 1698 dativum
860 1656 922 1699 non
945 1641 1052 1721 regat,
1079 1639 1155 1714 „vix
1178 1637 1296 1701 recte”.
1322 1641 1366 1714 (v.
1391 1635 1514 1709 Herw.)
1538 1635 1652 1701 Potius
1674 1643 1876 1722 transponen-

686 1739 782 1813 dum,
815 1739 870 1804 sed
900 1762 961 1805 non
993 1762 1067 1806 oum
1098 1741 1245 1818 Rsislrio,
1277 1739 1414 1820 (lebete,
1447 1741 1661 1806 Herwerdeno
1692 1751 1766 1827 post
1795 1744 1875 1822 τιοῖ,

686 1845 770 1928 quod
795 1847 905 1909 minus
928 1868 1096 1912 numerose
1119 1848 1159 1912 ad
1182 1867 1273 1911 aures
1298 1847 1430 1923 aeoidit,
1456 1846 1510 1911 sed
1533 1853 1605 1932 post
1627 1847 1812 1927 δημηγορεῖ,
1838 1856 1876 1912 ut

683 1953 743 2016 sit:
770 1951 823 2025 ἤδη
845 1951 1014 2029 δημηγορεῖ
1032 1953 1083 2016 καὶ
1104 1949 1407 2030 ἀποδοκιμάζει
1431 1952 1498 2016 καὶ
1524 1953 1702 2036 ἐπιτιμᾷ
1722 1960 1778 2018 τῶν
1800 1957 1874 2035 ἀρχ.

682 2056 755 2120 τισί.
788 2056 927 2122 Verbum
960 2079 1036 2122 oasu
1066 2061 1099 2122 in
1129 2059 1302 2143 archetypo
1336 2060 1493 2123 omissum
1521 2064 1554 2122 et
1577 2061 1612 2122 in
1637 2063 1782 2145 margine
1805 2081 1876 2145 sup

685 2161 810 2246 pletum
834 2165 867 2226 in
893 2184 1076 2247 perversam
1100 2163 1205 2228 sedem
1231 2185 1264 2229 se
1287 2165 1475 2228 insinuavit.

732 2379 784 2444 Or.
809 2380 852 2444 VI
882 2381 978 2466 §36:
1011 2378 1081 2445 εἶτα
1113 2386 1171 2445 τῶν
1202 2381 1259 2454 μὶν
1290 2383 1416 2458 ἀγαθῶν
1439 2381 1488 2446 δεῖ
1508 2381 1605 2460 τούτῳ
1630 2379 1722 2463 χάριν
1745 2381 1856 2447 εἰδέναι
1866 2429 1875 2460 ,

686 2483 744 2549 ὅτι
769 2487 783 2549 ε’
791 2487 957 2564 μήνυσε,
972 2524 1050 2534 --
1063 2523 1094 2534 -
1108 2494 1164 2560 τῆς
1184 2486 1215 2549 δὲ
1235 2494 1381 2566 ταραχῆς
1401 2487 1453 2550 καὶ
1475 2492 1533 2549 τῶν
1554 2489 1656 2550 κακῶν
1677 2487 1764 2563 ὑμεῖς
1784 2487 1877 2551 αῖτιοῖ

687 2593 775 2669 ε’στε,
807 2588 851 2654 ὅτι
888 2590 1024 2671 ἐζητεῖτε
1049 2593 1117 2662 τοὺς
1142 2589 1356 2669 dardanidum
1383 2590 1449 2658 Cur
1471 2592 1705 2658 Harwerdanus
1728 2598 1759 2657 et
1781 2592 1877 2657 Hart-

686 2718 822 2761 mannus
860 2700 1050 2783 epexegesin
1085 2696 1130 2761 ὅτι
1166 2697 1297 2772 ἐμήνυσε
1334 2701 1576 2785 proscripserint
1611 2705 1643 2764 et
1677 2701 1877 2784 oppositione

687 2802 863 2867 stabilitam
896 2811 928 2868 et
957 2806 1179 2889 respicientem
1210 2824 1291 2889 quae
1323 2805 1418 2889 paulo
1443 2810 1516 2870 ante
1540 2807 1571 2889 (ᾗ
1592 2804 1649 2882 35)
1672 2805 1757 2870 diota
1781 2810 1875 2880 sunt,

685 2929 748 2972 non
772 2909 874 2975 video.

732 3113 783 3177 Or.
810 3113 852 3176 VI
875 3115 893 3196 ξ
914 3112 974 3176 44τ
1006 3114 1057 3176 καὶ
1089 3114 1114 3177 οῖ
1146 3114 1204 3190 μὲν
1227 3112 1319 3178 ἀλλοι
1343 3116 1495 3191 μηνυταί,
1521 3114 1623 3178 ὀπόσοι
1650 3114 1699 3176 ἐπ’
1724 3113 1873 3193 αἰσχραῖς

686 3221 802 3291 οιῖτῖαις
823 3216 1091 3296 ἑξηλεγμένοι
1113 3224 1200 3299 σφοῖς
1222 3219 1334 3289 αὐτοὺς
1357 3220 1574 3296 ἐμήνυσαν,
1595 3211 1624 3282 ἓν
1644 3224 1720 3295 γοῦν
1732 3219 1876 3283 ἐπίσταν-

685 3349 757 3400 τοιι,
788 3326 831 3401 μδ
863 3326 1000 3403 ἐνοχλεῖν
1031 3333 1093 3395 τοῖς
1123 3324 1323 3402 ἠδικημένοις.
1347 3325 1398 3390 Ita
1422 3326 1462 3402 X,
1488 3345 1644 3409 perverse.
1669 3322 1731 3388 Sed
1755 3326 1874 3388 vitium

684 3432 934 3516 grammaticum
968 3434 1001 3495 in
1034 3428 1233 3509 ἐξηλιγμένοι
1266 3434 1428 3496 neminem
1459 3429 1619 3495 editorum
1650 3428 1784 3507 fefellit;
1816 3430 1875 3494 hoo

684 3538 795 3612 miror,
826 3538 1001 3600 sententiae
1034 3539 1152 3602 vitium
1177 3537 1261 3621 qnod
1285 3537 1382 3601 verbo
1406 3536 1560 3610 ἐμήνυσαν
1582 3536 1649 3598 sine
1673 3534 1770 3600 dubio
1792 3538 1876 3599 inest

684 3648 717 3706 et
751 3641 830 3706 alios
865 3641 1014 3707 fefellisse
1049 3649 1081 3706 et
1116 3664 1192 3707 vero
1228 3646 1328 3708 etiam
1363 3639 1521 3707 Oobetum
1551 3639 1817 3719 (Hartmannum)
1842 3646 1874 3703 st

683 3746 945 3813 Herwerdenum.
982 3749 1122 3832 Apparet
1157 3750 1243 3812 enim
1278 3729 1436 3812 oratorem
1467 3745 1527 3810 hoo
1558 3745 1679 3811 dicere:
1711 3748 1807 3810 ceteri
1830 3746 1876 3807 in·

685 3852 783 3928 dices,
823 3854 879 3935 qui
917 3854 1066 3935 quamvis
1098 3855 1359 3936 turpissimorum
1392 3852 1565 3915 criminum
1598 3852 1736 3914 convicti
1767 3855 1874 3914 tamen

678 3958 818 4040 periculo
849 3980 880 4020 aa
907 3958 1136 4034 εαάῖνσσοοαιιῖ,
1161 3977 1264 4020 unum
1288 3957 1347 4022 hoc
1372 3961 1456 4022 certe
1481 3959 1587 4021 sciunt
1609 3976 1707 4039 quam
1730 3957 1876 4019 remotis·

684 4066 783 4128 simos
807 4063 920 4148 degere
944 4085 962 4128 a
984 4071 1154 4148 conspectu
1177 4069 1300 4141 vestro,
1324 4085 1364 4128 ne
1387 4064 1565 4148 praesentia
1585 4081 1643 4126 sua
1660 4081 1717 4126 vos
1736 4062 1874 4126 irritent.

685 4169 755 4249 Qua
788 4190 861 4233 eum
898 4171 1056 4234 sententia
1090 4168 1247 4253 quomodo
1278 4168 1413 4254 quadret
1442 4167 1564 4243 μηνύειν
1596 4186 1658 4230 non
1690 4164 1780 4230 faoile
1804 4167 1876 4250 quis

686 4274 814 4340 viderit.
847 4273 957 4358 Neque
988 4274 1072 4338 vidit
1101 4273 1342 4349 Thalheimius,
1374 4275 1430 4357 qui
1454 4271 1607 4351 ῖξητηοαν
1630 4272 1764 4334 coniecit
1786 4275 1819 4334 et
1841 4272 1875 4331 in

685 4386 813 4444 textum
836 4381 971 4464 recepit,
996 4385 1033 4443 ut
1057 4385 1155 4443 esset:
1180 4382 1235 4464 qui
1259 4399 1396 4464 poenam
1415 4397 1507 4441 suam
1526 4374 1685 4460 deprecati
1704 4380 1789 4440 sunt.
1813 4372 1876 4438 Sed

685 4491 743 4549 aut
765 4485 971 4550 vehementer
993 4484 1086 4549 fallor
1109 4491 1165 4550 aut
1188 4485 1247 4549 hoe
1271 4484 1389 4548 dieitur
1412 4479 1618 4562 ἐξαιτεῖσθαι,
1642 4502 1706 4544 non
1730 4478 1873 4556 ἐξαιτεῖν.
1961 4478 1964 4483 ’

687 4588 887 4674 Quapropter
918 4589 1034 4654 melius
1066 4591 1163 4654 suerit
1193 4590 1363 4654 rescribere
1394 4591 1479 4666 σφοῖς
1512 4586 1624 4655 αὐτοὺς
1662 4584 1703 4657 ἐξ
1713 4584 1873 4649 ἔλυσαν.

689 4695 841 4780 Exempli
863 4698 969 4781 gratia
992 4696 1084 4761 affero
1104 4695 1218 4782 Polyb.
1240 4693 1316 4758 XVI
1336 4694 1385 4775 65
1400 4692 1440 4756 12
1460 4695 1482 4758 i.
1494 4693 1534 4755 f.:
1556 4692 1639 4755 κατὰ
1660 4692 1692 4756 δὲ
1710 4691 1761 4755 τδν
1780 4690 1873 4755 αὐτὸν

686 4803 786 4880 καιοδν
798 4802 823 4864 οἱ
836 4801 907 4880 πρὸς
922 4800 992 4873 τοὺς
1006 4802 1135 4873 Ῥοδίους
1149 4800 1365 4880 ἀγωνιζόμενοι
1379 4806 1436 4863 τῶν
1448 4797 1643 4875 Μακεδόνων,
1656 4797 1758 4861 πάλοιι
1772 4798 1873 4867 κακῶς

688 4906 883 4987 πάσχοντες,
917 4904 1081 4982 ἐξέλυον
1113 4907 1261 4975 αὐτοὺς
1295 4906 1335 4969 εἰι
1361 4910 1430 4969 τοῦ
1456 4902 1668 4980 κινδύνου,
1693 4908 1725 4967 et
1748 4899 1874 4968 Cobet-ia

1703 5024 1736 5073 26
