5125 6150
689 788 756 854 286
1033 812 1076 857 nu
1100 811 1232 859 rrrunos
1255 812 1524 862 acamrmusrs.

690 980 852 1038 exaratam
883 995 952 1039 eam
985 995 1052 1040 esse
1076 979 1170 1041 certis
1192 981 1395 1062 argumentis
1419 981 1515 1043 evicit
1538 978 1691 1057 Foucart,
1715 984 1771 1066 qui
1795 981 1883 1046 solus

689 1085 871 1144 nostrorum
907 1081 1076 1145 hominum
1110 1081 1250 1166 lapidem
1286 1105 1369 1147 nunc
1405 1083 1606 1168 deperditum
1643 1085 1741 1159 vidit,
1778 1107 1883 1171 neque

688 1206 841 1270 umquam
879 1190 1049 1272 quisquam
1084 1186 1253 1253 oblocutus
1282 1195 1341 1253 est.
1372 1191 1537 1267 Ἀργιλίας
1567 1192 1672 1276 igitur
1701 1193 1883 1270 Aaevr'xroe,

688 1294 744 1376 qui
767 1312 849 1356 anno
873 1291 949 1370 329,
973 1314 1011 1357 er
1035 1294 1111 1357 Asia
1135 1292 1253 1370 redux,
1278 1294 1447 1358 donarium
1471 1298 1503 1358 in
1528 1294 1650 1381 templo
1669 1295 1883 1361 Orchomenio

688 1400 796 1475 vovit,
822 1419 883 1462 non
907 1400 953 1463 ita
976 1398 1081 1463 multo
1105 1404 1177 1484 post
1200 1420 1322 1463 annum
1347 1398 1413 1465 310
1435 1399 1657 1485 polemarcbus
1681 1404 1748 1467 sive
1768 1403 1884 1467 Acrae·

686 1504 871 1589 phiensium
900 1507 967 1569 sive
997 1504 1133 1570 foederis
1164 1505 1307 1570 Boeotici
1338 1506 1410 1570 fuit.
1441 1506 1511 1570 Nisi
1542 1507 1623 1572 sorte
1651 1529 1747 1592 nepos
1772 1512 1883 1593 potius

687 1608 922 1695 intellegendus
946 1616 994 1675 est
1018 1610 1116 1675 titulo
1141 1610 1327 1676 nostrove]
1352 1632 1508 1696 pronepos
1531 1612 1693 1691 'speratae
1717 1616 1881 1693 Λαονικίω,

685 1717 741 1799 qui
760 1718 888 1780 nomine
908 1715 1136 1802 designabatur
1155 1716 1281 1793 eodem,
1303 1719 1385 1781 eirca
1404 1719 1535 1781 initium
1556 1739 1634 1804 ergo
1653 1718 1773 1784 saeculi
1793 1724 1883 1785 tertii

685 1824 805 1886 incisus
829 1829 877 1886 est
900 1820 971 1888 108
997 1825 1014 1887 1
1040 1844 1091 1888 no.
1117 1821 1216 1888 2716.

731 1927 820 1992 Idem
846 1928 931 1993 valet
954 1929 992 1993 de
1015 1928 1111 1994 titulo
1136 1929 1362 2013 Acraepbieusi
1384 1927 1454 1995 108
1477 1950 1528 1994 no.
1550 1927 1672 1995 27241)
1692 1939 1745 2012 (=
1758 1931 1883 1996 Michel

686 2055 735 2099 no.
762 2032 874 2114 1107),
905 2055 985 2119 quo,
1019 2037 1069 2098 uti
1099 2037 1165 2099 iam
1197 2038 1365 2099 annotavit
1388 2033 1623 2120 Dittenberger,
1651 2038 1761 2102 Θοίνων
1784 2047 1883 2112 Teuc»

685 2138 818 2217 γιτδνιος
846 2140 1042 2220 Ἐρχομένιος
1064 2139 1224 2217 laudatur,
1249 2143 1342 2205 cuius
1365 2162 1481 2205 nomen
1504 2144 1537 2204 in
1561 2141 1708 2228 catalogo
1731 2147 1882 2228 equitum

685 2248 822 2310 recurrit
844 2243 928 2325 (108
951 2244 1194 2330 1n0.3206,);
1219 2247 1306 2311 idem
1330 2247 1368 2311 de
1394 2246 1489 2311 titulo
1513 2245 1654 2332 Gopaeo,
1675 2251 1731 2334 qui
1750 2248 1884 2327 Fausti·

686 2374 758 2422 avoc
792 2350 938 2416 sacioso
969 2355 1159 2417 memoriam
1190 2355 1333 2417 servavit
1364 2349 1488 2432 (1081
1524 2376 1574 2417 no.
1606 2351 1719 2434 2781).
1751 2353 1883 2419 Solebat

687 2458 853 2542 hueusque
884 2458 961 2523 haec
992 2460 1157 2543 inscriptio
1187 2460 1217 2521 ei
1241 2460 1395 2542 temporis
1418 2461 1521 2542 spatio
1544 2458 1698 2536 adscribi,
1724 2459 1808 2543 quod
1832 2467 1883 2525 est

687 2565 771 2628 inter
801 2562 920 2627 saeculi
953 2565 1041 2627 tertii
1069 2565 1202 2627 initium
1234 2569 1266 2627 61
1296 2562 1439 2627 medium
1470 2562 1553 2627 illud
1577 2563 1752 2628 saeculum.
1777 2565 1882 2629 Paulo

687 2671 902 2755 antiquiorem
925 2675 1032 2734 16111611
1055 2667 1197 2754 lapidem
1221 2690 1289 2734 esse
1311 2672 1377 2733 iam
1401 2677 1500 2753 patet.

732 2881 760 2944 11
783 2902 917 2946 numero
940 2883 1206 2967 inscriptionum,
1230 2902 1309 2966 quas
1332 2902 1434 2967 nuper
1457 2902 1496 2946 ex
1520 2881 1594 2946 Ptoi
1615 2884 1734 2946 montis
1753 2885 1883 2948 visceri-

687 2987 747 3051 bus
776 2987 886 3052 effodit
916 2987 1093 3063 Perdrinet,
1118 2986 1255 3073 catalogi
1277 2987 1474 3072 epheborum
1499 2988 1785 3071 Acraephiensium
1810 2995 1884 3054 octo

687 3100 763 3158 sunt
796 3092 897 3171 (BGH
929 3092 1062 3159 23193
1083 3115 1149 3179 sqq.
1182 3116 1232 3158 no.
1268 3093 1378 3170 1-8),
1413 3094 1452 3159 de
1487 3115 1622 3178 quorum
1658 3100 1762 3159 aetate
1796 3116 1883 3159 nunc

686 3200 849 3285 disputare
879 3198 968 3265 libet.
1000 3199 1142 3265 Paucula
1174 3199 1304 3284 quidem
1334 3203 1401 3264 iam
1424 3200 1587 3265 Perdrizet
1610 3199 1779 3276 disseruit,
1803 3202 1883 3265 haec

687 3312 795 3370 tamen
824 3326 888 3370 non
919 3307 1025 3369 omnia
1048 3326 1147 3389 aeque
1171 3303 1316 3369 feliciter.
1341 3305 1393 3369 Sic
1416 3304 1506 3369 verbi
1529 3325 1624 3368 causa
1648 3303 1786 3390 catalogi
1812 3309 1883 3369 eius

685 3414 847 3488 tironum,
883 3432 979 3496 quem
1013 3411 1113 3476 edidit
1145 3408 1234 3476 BOH
1264 3409 1398 3474 26198
1431 3431 1482 3474 no.
1508 3409 1545 3485 6,
1581 3416 1667 3474 aetas
1699 3432 1763 3475 non
1795 3417 1882 3476 reete

688 3516 812 3582 definiri
847 3518 976 3582 videtur
1008 3539 1090 3594 „aux
1123 3515 1285 3582 alentours
1317 3516 1354 3580 de
1386 3515 1474 3580 215”
1505 3514 1565 3592 (ll.
1598 3538 1628 3599 p.
1659 3514 1750 3593 205),
1782 3517 1881 3601 paulo

686 3626 849 3706 antiquior
867 3623 1030 3688 habendus
1050 3630 1098 3688 est
1118 3622 1210 3707 lapis.
1231 3622 1378 3707 Namque
1399 3643 1436 3686 er
1457 3619 1670 3706 polemarchis
1692 3621 1810 3698 tribus,
1825 3626 1882 3705 qui

686 3729 764 3793 olim
787 3732 820 3792 in
845 3728 990 3814 catalogo
1013 3728 1071 3793 illo
1092 3728 1292 3815 legebantur,
1313 3730 1409 3792 unius
1429 3734 1557 3790 tantum
1576 3747 1691 3791 nomen
1710 3730 1879 3813 integrum

687 3834 726 3899 ad
756 3856 813 3899 nos
836 3838 999 3918 pervenit;
1026 3837 1212 3906 Πτωῖοκλεῑς
1236 3837 1265 3897 16
1288 3844 1337 3897 661
1360 3831 1559 3908 ’statatum
1593 3831 1688 3896 Hunc
1711 3832 1878 3898 hominem

687 3944 794 4004 tamen
826 3960 995 4025 agnoscere
1026 3939 1190 4015 videmur;
1222 3942 1254 4002 in
1284 3936 1430 4022 catalogo
1453 3939 1539 4001 enim
1563 3935 1633 4001 108
1659 3938 1674 4000 l
1701 3960 1751 4002 no.
1776 3937 1877 4017 2716,

687 4065 783 4129 quem
820 4044 914 4109 modo
949 4044 1206 4109 demonstrabam
1241 4045 1315 4106 anni
1351 4042 1416 4107 fere
1447 4041 1512 4106 300
1543 4062 1628 4118 6666,
1660 4044 1729 4106 eius
1760 4065 1878 4109 nomen

685 4153 823 4215 recurrit
844 4158 904 4229 (vs.
930 4149 974 4229 3).

730 4255 879 4320 Recurrit
895 4256 1025 4339 quidem
1041 4275 1171 4332 nomen;
1185 4256 1361 4320 recurritne
1374 4272 1499 4336 quoque
1511 4252 1606 4317 homo
1618 4251 1729 4316 idem?
1745 4253 1880 4319 Nihilne

685 4361 846 4426 distabant
869 4363 1053 4432 Πτωῖοκλεῖς
1080 4361 1288 4439 Ἀδανοδώριος
1312 4367 1343 4424 61
1364 4362 1551 4430 uruloensis
1571 4357 1784 4437 ’Adavobdpol
1805 4359 1882 4427 Cre-

684 4466 820 4531 diderim
856 4467 938 4544 fere,
974 4465 1112 4531 alterum
1143 4465 1275 4531 alterius
1308 4466 1406 4529 fuisse
1436 4470 1601 4547 nepotem,
1634 4465 1879 4547 inscriptionem

684 4575 788 4659 igitur
810 4570 880 4638 108
907 4572 921 4636 l
948 4593 999 4636 no.
1024 4569 1113 4637 2716
1139 4592 1220 4637 anno
1244 4578 1280 4642 ὲ
1299 4569 1375 4645 300,
1401 4566 1489 4634 ΒοΗ
1513 4567 1647 4633 23.198
1671 4590 1722 4633 no.
1749 4568 1769 4632 6
1795 4591 1879 4635 anno

683 4685 720 4751 ss
744 4676 810 4742 240
846 4698 913 4743 6666
948 4675 1184 4763 assignandam.
1220 4678 1422 4761 Argumento
1457 4677 1561 4758 primo
1596 4674 1753 4738 eiusmodi
1792 4685 1878 4752 utar,

683 4784 791 4870 qualia
825 4784 988 4868 hueusque
1022 4785 1056 4848 in
1090 4788 1194 4848 aetate
1231 4781 1403 4846 titulorum
1437 4780 1662 4846 Boeotieorum
1698 4779 1878 4846 definienda

684 4893 833 4976 usurpari
869 4888 969 4975 vulgo
1004 4888 1164 4955 solebant:
1201 4887 1335 4953 alteram
1370 4888 1610 4970 inscriptionem
1646 4885 1740 4951 alteri
1770 4893 1877 4953 aetate
