5125 6150
1062 826 1316 874 salsuomnrtun.

640 989 693 1054 Vs.
721 989 818 1055 1351.

684 1097 760 1159 άλλ*
784 1094 817 1169 ἐξ
841 1092 909 1158 ὅσον
934 1094 969 1158 τὸ
993 1097 1109 1171 πρῶτον
1134 1092 1236 1171 ἤρξαθ’
1261 1095 1279 1167 ἦ
1303 1093 1397 1173 μάχη
1422 1095 1583 1175 γενέσθαι,

686 1200 739 1274 ἤδη
765 1201 869 1276 λέγειν
892 1202 953 1279 χρὴ
976 1202 1048 1276 πρὸς
1072 1199 1168 1280 χαρά
1181 1221 1212 1263 ν·
1238 1200 1401 1273 πάντας
1426 1201 1465 1265 δὲ
1489 1205 1577 1266 τοῦτο
1601 1200 1731 1277 δράσεις.

590 1304 783 1369 Posterioris
815 1326 928 1370 versus
959 1304 1178 1382 difficultates,
1211 1304 1249 1371 de
1281 1306 1398 1391 quibus
1422 1306 1461 1370 cf.
1486 1305 1668 1371 Leenwenii
1692 1311 1786 1383 nota,

590 1417 799 1488 evanescent,
824 1414 858 1474 ni
883 1410 986 1487 fallor,
1011 1413 1039 1474 si
1063 1413 1253 1496 corrigitur:

687 1514 740 1589 ἤδη
766 1514 869 1593 λέγειν
893 1516 972 1596 χρή·
998 1517 1093 1595 πρὸς
1116 1517 1238 1596 χάριν
1263 1514 1420 1579 σάντων
1445 1514 1483 1579 δὲ
1508 1521 1596 1581 τοῦτο
1621 1514 1738 1597 δράσεις

591 1619 616 1683 ι’.
632 1640 658 1683 o.
682 1621 814 1684 omnibus
836 1628 933 1683 cutem
955 1618 1038 1700 (soil.
1062 1621 1307 1706 spectatoribus)
1327 1628 1447 1701 protum
1469 1621 1514 1684 ito
1530 1623 1660 1708 χροιήν.

641 1724 677 1788 ln
698 1746 761 1810 qua
780 1728 961 1790 coniectura
979 1725 1071 1805 χάριν
1092 1725 1224 1789 debetur
1243 1723 1380 1790 Dobraei
1400 1728 1549 1791 acumini.
1576 1726 1657 1806 Quia
1676 1732 1785 1793 autem

591 1833 657 1895 tria
687 1833 791 1914 prima
822 1828 976 1894 vocabula
1007 1833 1168 1895 artissime
1198 1830 1383 1909 cohaerent,
1416 1830 1580 1897 collocatio
1609 1834 1785 1917 particulae

591 1934 627 2000 δέ
650 1938 779 2000 veniam
802 1936 916 2013 habet,
941 1939 1001 2000 nisi
1025 1935 1134 2014 fallor;
1155 1939 1205 2000 sin
1225 1940 1351 2015 minus,
1375 1959 1432 2024 pro
1452 1959 1488 2004 so
1508 1939 1664 2003 substitui
1682 1945 1785 2025 potest

590 2050 768 2127 pronomen
792 2040 841 2108 σύ.

639 2644 840 2730 Subiungens
870 2644 920 2708 his
950 2643 1041 2709 lubet
1070 2644 1379 2730 disputatiunculam
1411 2646 1449 2710 de
1481 2648 1589 2731 paucis
1619 2643 1783 2709 Ranarum

590 2748 681 2814 locis.

639 2851 693 2918 Vs.
719 2851 795 2917 346.
819 2854 1013 2919 ἀποσείονται
1036 2855 1068 2918 δὲ
1091 2854 1196 2926 λύσαι

820 2959 955 3039 χρονίους
979 2962 1007 3022 τ’
1031 2960 1104 3024 ἐτῶν
1127 2966 1270 3025 παλαιῶν
1293 2960 1517 3030 ἐνιαυτούς.

592 3063 645 3129 Sic
677 3064 793 3148 optimi
822 3063 908 3128 libri.
937 3061 1101 3130 Consensu
1123 3065 1189 3132 fere
1213 3067 1276 3131 viri
1300 3065 1402 3143 docti,
1425 3068 1459 3130 in
1482 3066 1598 3152 quibus
1621 3064 1783 3151 qnondam

592 3172 662 3255 ipse
693 3169 740 3233 fui
771 3170 836 3233 ἰνῶν
865 3171 1039 3246 coniciens,
1072 3174 1173 3256 aperti
1202 3173 1277 3235 vitii
1300 3171 1407 3237 sedem
1430 3171 1581 3236 ducentos
1606 3171 1678 3235 ἑτῶν
1702 3168 1785 3235 nihil

591 3280 700 3339 tamen
723 3280 946 3360 reppererunt,
971 3275 1055 3359 quod
1079 3278 1156 3341 satis
1174 3283 1287 3362 aptum
1306 3276 1462 3342 videatur.
1486 3276 1589 3357 Quare
1609 3275 1784 3342 videndum

591 3401 631 3444 an
663 3382 770 3464 potius
801 3381 955 3452 ἐνιαυτούς
989 3380 1179 3446 mendosum
1209 3385 1269 3460 sit,
1301 3403 1358 3467 pro
1389 3403 1451 3467 quo
1482 3403 1534 3447 me
1557 3382 1663 3448 iudice
1686 3384 1811 3467 aptis·⁸

592 3488 714 3550 simum
754 3487 836 3551 foret
877 3488 1120 3563 μελεδώνας.
1164 3485 1212 3554 of.
1249 3487 1347 3553 Hom.
1384 3486 1442 3553 Od.
1478 3486 1558 3552 XIX
1594 3485 1669 3552 517.
1705 3485 1783 3552 Hes.

593 3590 674 3676 Opp.
700 3590 741 3656 66
766 3597 826 3658 etc.

636 3836 691 3904 Vs.
723 3836 800 3904 467.
843 3838 916 3906 Orci
950 3844 1067 3908 ianitor
1100 3843 1140 3908 ad
1170 3842 1350 3920 Bacchum,
1382 3862 1477 3927 quem
1509 3839 1683 3907 Herculem
1715 3861 1783 3906 osse

592 3949 704 4028 putat:

821 4046 841 4113 ὦ
864 4050 993 4132 βδελυρὲ
1017 4053 1227 4132 κάναίσχννσε
1251 4051 1304 4117 καὶ
1329 4053 1462 4132 τολμηρὲ
1486 4053 1524 4117 σὺ

821 4156 872 4219 καὶ
897 4158 989 4235 μιαρὲ
1013 4157 1065 4222 καὶ
1090 4158 1257 4238 παμμίαρε
1281 4156 1334 4223 ιιαὶ
1358 4159 1555 4239 μιαρώτατε,

819 4256 850 4332 ὃς
874 4262 926 4325 τὸν
949 4264 1013 4327 κύν’
1038 4265 1120 4339 ἡμῶν
1145 4261 1351 4339 ἐξελάσαι
1376 4265 1427 4330 σὸν
1452 4262 1601 4344 Κέρβερον

818 4364 944 4448 άσρῑξας
969 4363 1073 4448 άρχοιν
1097 4367 1255 4449 ιιάσοδράς
1279 4366 1361 4452 ᾤχου
1385 4368 1503 4449 λαβὼν,

818 4464 848 4535 ὃν
872 4474 933 4550 ἐγὼ
958 4473 1152 4554 ἐφύλασσον·
1178 4475 1267 4540 άλλά
1292 4478 1342 4539 νῦν
1365 4472 1431 4554 ἔχει
1456 4473 1561 4552 μέσος.

589 4572 709 4640 Misere
744 4574 955 4660 depravatum
990 4579 1073 4645 mihi
1103 4580 1232 4646 videtur
1261 4583 1471 4667 participium
1501 4579 1674 4659 ἐξελάσας,
1705 4600 1781 4644 nam

589 4679 765 4744 absurdum
800 4689 848 4747 est
881 4705 992 4750 canem
1027 4708 1121 4771 quom
1156 4688 1351 4772 prehendero
1383 4687 1479 4765 velis,
1516 4690 1606 4772 prius
1641 4688 1779 4772 exigere.

589 4782 732 4849 Sensisse
763 4785 823 4852 hoc
855 4789 985 4854 videtur
1015 4790 1093 4856 olim
1123 4791 1257 4870 liciole,
1286 4790 1456 4857 infeliciter
1479 4794 1635 4857 coniciens
1659 4789 1780 4869 ἐξελών,

590 4889 675 4972 quod
705 4912 860 4975 graecum
889 4917 951 4961 non
975 4902 1023 4961 est
1047 4918 1104 4981 pro
1127 4897 1305 4976 συλλαβών.
1335 4896 1371 4961 Si
1394 4917 1428 4962 re
1452 4917 1527 4963 vera
1548 4896 1629 4964 latet
1651 4899 1780 4985 partici-
