5125 6150
784 847 850 912 302
1220 863 1262 909 66
1286 863 1394 910 naras
1417 863 1530 910 66666

780 1028 886 1094 liceat.
911 1024 1031 1094 Causas
1054 1031 1163 1091 autem
1187 1029 1214 1090 si
1234 1029 1436 1112 quaerimus,
1458 1049 1538 1113 quae
1557 1032 1591 1092 16
1610 1034 1678 1093 tam
1697 1032 1817 1094 mirum
1837 1051 1982 1096 errorem

781 1132 937 1198 Ovidium
967 1132 1116 1198 inducere
1147 1136 1327 1218 potuerint,
1352 1134 1411 1198 hoc
1435 1139 1565 1200 omnino
1589 1142 1717 1201 etanta
1741 1139 1849 1202 omnia
1872 1143 1982 1202 tenen·

782 1240 861 1304 dum
892 1239 974 1303 mihi
1005 1239 1143 1317 videtur,
1173 1226 1235 1304 666
1259 1247 1379 1304 temere
1402 1244 1597 1307 mentionem
1621 1242 1739 1307 factam
1762 1264 1830 1308 6666
1854 1241 1982 1308 Thebes

783 1347 988 1423 ὑποπλακίης.
1021 1345 1190 1410 Thebanus
1220 1344 1276 1409 1116
1307 1367 1438 1431 campus
1471 1351 1633 1424 „carmine
1656 1349 1816 1413 homerico
1841 1347 1983 1412 celebra-

782 1451 867 1527 tus”,
900 1453 955 1537 qui
978 1450 1018 1515 ad
1042 1455 1149 1515 sinum
1174 1451 1447 1537 Adramyttenum
1471 1455 1553 1517 situs
1577 1460 1645 1519 erat
1668 1454 1720 1531 (cf.
1746 1453 1817 1518 Liv.
1845 1451 1979 1532 37.19;

781 1556 895 1622 Strabo
914 1578 988 1642 pag.
1003 1556 1083 1636 1112)
1102 1555 1263 1641 duplicem
1283 1558 1323 1622 ob
1344 1578 1473 1621 cansam
1493 1561 1656 1623 mentione
1669 1561 1701 1622 in
1715 1565 1821 1624 nostro
1834 1563 1981 1625 carmine

782 1664 899 1748 dignus
923 1671 1000 1728 erat.
1033 1663 1075 1726 Et
1099 1665 1242 1747 primum
1266 1663 1395 1749 quidem
1418 1667 1570 1749 quoniam
1595 1664 1725 1729 decebat
1748 1668 1983 1750 peregrinatio

780 1791 855 1834 nem
884 1770 924 1834 ad
953 1770 1064 1833 urbem
1088 1776 1241 1854 nepotum
1265 1791 1398 1834 suorum
1422 1770 1565 1835 indidem
1590 1791 1607 1834 6
1632 1771 1737 1836 Matre
1761 1770 1856 1836 Idaea
1880 1773 1980 1850 iniri,

780 1874 864 1940 unde
896 1875 975 1939 61166
1006 1877 1130 1939 Aeneae
1162 1872 1270 1939 classis
1301 1875 1442 1960 profecta
1471 1881 1555 1941 esset
1585 1897 1700 1961 nempe
1729 1897 1768 1942 er
1798 1877 1981 1942 Antandro.

780 1980 842 2046 Sed
865 1984 1052 2066 praesertim
1075 1981 1115 2046 ad
1138 1981 1384 2047 memorandum
1409 1981 1533 2046 Thebes
1556 2002 1707 2066 campum
1732 1986 1878 2046 auctores
1904 1982 1982 2048 Per·

780 2107 935 2172 gamenos
964 2085 1028 2150 alia
1049 2089 1181 2152 incitare
1204 2093 1329 2172 poterat
1351 2107 1455 2152 causa.
1481 2089 1561 2173 Agri
1585 2087 1728 2152 Thebani
1749 2108 1865 2152 nomen
1890 2088 1980 2152 haud

781 2196 889 2258 minus
920 2199 1067 2257 sanctum
1090 2201 1158 2257 erat
1182 2196 1260 2278 ipsis
1284 2193 1492 2280 Pergamenis
1515 2214 1613 2277 quam
1638 2195 1761 2258 Aeneae
1784 2195 1978 2278 nepotibus,

781 2300 857 2364 urba
889 2298 1034 2364 Eetionis
1064 2301 1150 2363 enim
1182 2302 1287 2383 patria
1309 2299 1372 2364 fuit
1396 2298 1648 2377 Andromacham
1674 2306 1770 2385 atque
1792 2320 1831 2363 ex
1855 2301 1980 2366 Andro

780 2407 892 2470 macho
914 2409 948 2470 et
970 2404 1180 2490 Neoptolemo
1203 2410 1299 2469 natus
1323 2411 1389 2470 erat
1412 2406 1507 2470 heros
1529 2404 1586 2470 ille
1611 2405 1807 2491 Pergamus,
1828 2407 1925 2470 cuius
1944 2409 1978 2471 16

779 2513 934 2577 honorem
955 2511 1161 2598 Eurypylus,
1187 2511 1320 2597 Telephi
1343 2511 1445 2589 filius,
1470 2510 1548 2576 olim
1574 2513 1688 2576 urbem
1711 2532 1729 2575 a
1753 2532 1786 2576 66
1809 2511 1976 2577 conditam

779 2619 977 2704 Pergamum
997 2621 1219 2682 nominaverat
1233 2616 1267 2698 1).
1294 2617 1363 2683 Η66
1386 2620 1488 2703 igitur
1510 2616 1581 2682 loco
1604 2622 1637 2682 et
1656 2615 1795 2682 Graecae
1814 2621 1925 2702 gentis
1946 2623 1978 2683 61

779 2724 996 2809 Pergamenae
1012 2729 1045 2788 61
1065 2723 1224 2789 Romanae
1246 2726 1507 2789 coniunctissima
1524 2730 1572 2788 est
1590 2725 1755 2788 memoria.
1780 2722 1887 2802 Quam
1907 2745 1974 2788 rem

779 2831 817 2896 ab
842 2830 1046 2915 Euphorione
1069 2829 1219 2895 traditam
1244 2851 1398 2895 essenon
1421 2836 1469 2895 est
1493 2830 1577 2915 quod
1600 2829 1821 2916 neglegamus.

824 2935 981 3017 Quoniam
1014 2941 1123 3000 autem
1153 2936 1192 2999 ah
1222 2936 1282 3001 hoc
1310 2935 1378 3000 loco
1410 2936 1475 3000 1666
1502 2937 1642 3020 incipere
1671 2955 1797 3000 6666666
1822 2935 1887 2998 1611
1912 2938 1976 3001 1166

779 3039 934 3129 Cyheles,
966 3046 1112 3127 expectes
1139 3044 1186 3106 ita
1216 3063 1285 3106 rem
1314 3039 1500 3127 dispositam
1533 3041 1646 3118 161666,
1671 3046 1707 3105 61
1729 3043 1874 3126 primum
1900 3041 1974 3107 Per-

777 3168 874 3234 gamo
906 3148 1071 3214 devectam
1104 3148 1196 3212 deam
1227 3148 1267 3212 ad
1299 3146 1377 3212 litus
1408 3146 1741 3232 Antandrireciperet
1766 3150 1972 3212 6666666616

778 3276 818 3320 er
848 3255 939 3340 ligno
970 3254 1063 3319 Idaeo
1095 3260 1233 3331 structa,
1266 3260 1337 3318 tum
1368 3254 1508 3319 Lesbum
1538 3254 1680 3339 profecta
1707 3251 1862 3338 Cyclades
1887 3261 1972 3340 peta·

777 3366 836 3425 ret.
866 3397 907 3408 -
936 3359 1055 3424 Verum
1078 3358 1172 3445 longe
1197 3360 1322 3424 diversa
1345 3367 1451 3425 narrat
1476 3357 1628 3424 Ovidius!
1659 3394 1700 3407 -
1728 3356 1894 3436 Concedo,
1918 3360 1971 3424 sed

778 3469 847 3530 eius
869 3466 966 3531 verba
989 3472 1056 3531 tam
1079 3468 1209 3530 omnino
1234 3487 1296 3530 non
1317 3465 1539 3550 concoqueuda
1558 3466 1709 3541 dixerim,
1732 3471 1769 3528 ut
1788 3467 1971 3530 coniectura

778 3571 916 3655 quadam
947 3593 1026 3656 opus
1058 3575 1108 3635 sit.
1141 3570 1176 3635 Si
1201 3592 1238 3635 ex
1262 3571 1413 3656 Pergami
1437 3577 1531 3655 portu
1556 3571 1696 3656 prosecta
1718 3575 1767 3634 est
1790 3572 1884 3634 navis
1909 3569 1970 3656 Cy·

776 3676 868 3742 belen
892 3684 1038 3761 portans,
1062 3677 1237 3742 verisimile
1262 3683 1310 3741 est
1333 3699 1407 3741 eum
1432 3683 1563 3762 portum
1586 3678 1684 3741 161666
1707 3675 1849 3740 Elaeam.
1875 3676 1970 3763 Legi-

777 3790 831 3848 tur
865 3789 973 3847 autsm
1008 3785 1041 3846 in
1073 3783 1227 3868 Stephani
1258 3784 1405 3870 Byzantii
1436 3783 1535 3848 libro:
1566 3780 1691 3861 Ἕλλα,
1724 3782 1832 3862 χωρίον
1858 3784 1969 3854 Ἀσίας

778 3889 936 3954 Ἀττάλου
968 3889 1126 3966 βασίλεως
1159 3889 1309 3967 ἐμπόριον.
1343 3890 1495 3967 Πολύβιος
1528 3893 1585 3957 ις’·
1617 3889 1652 3953 τὸ
1677 3891 1786 3954 iterata
1808 3892 1968 3962 ’11666166

777 3995 880 4077 Quam
911 3997 1023 4060 urbem
1054 3998 1081 4060 si
1114 3999 1186 4079 quis
1208 3995 1377 4061 contendat
1400 3997 1440 4061 ah
1463 3995 1559 4061 Elaea
1582 3996 1741 4061 diversam
1766 4017 1829 4059 666
1852 3996 1969 4072 161666,

777 4125 816 4168 err
850 4105 957 4167 animo
988 4101 1175 4186 adstipulor,
1208 4102 1381 4166 dummodo
1413 4124 1451 4166 ne
1481 4105 1621 4188 corrigat
1647 4123 1768 4172 ¹nomen
1792 4102 1879 4187 apud
1903 4102 1969 4167 ste-

776 4209 938 4295 phanum,
959 4206 1042 4292 quod
1062 4213 1151 4272 vetat
1173 4208 1249 4272 ordo
1273 4208 1459 4284 literarum,
1485 4206 1676 4273 collocatum
1700 4209 1786 4270 enim
1810 4212 1969 4273 6616666·

776 4314 889 4380 bulum
919 4317 1004 4378 16166
1032 4314 1212 4385 Ἐλισύκους
1243 4313 1451 4378 6111666116.
1484 4314 1570 4377 Mihi
1592 4334 1713 4377 novum
1737 4312 1966 4378 documentum

775 4424 836 4488 hoc
870 4441 986 4486 nomen
1021 4442 1088 4485 esse
1123 4420 1267 4495 videtur,
1300 4426 1418 4504 quanto
1450 4418 1555 4482 studio
1587 4421 1745 4504 principes
1775 4417 1968 4505 Pergameni

775 4530 974 4604 curaverint,
1007 4535 1043 4592 61
1074 4525 1267 4592 Graecorum
1300 4527 1472 4590 memorias
1503 4527 1744 4609 antiquissimas
1766 4545 1842 4588 suae
1866 4524 1968 4588 vindi·

775 4642 882 4699 carent
912 4636 1041 4718 patriae.
1073 4632 1109 4697 Si
1132 4640 1240 4697 autem
1262 4634 1296 4696 in
1321 4631 1441 4697 Graeco
1466 4631 1504 4694 de
1529 4628 1665 4717 Cyheles
1688 4632 1802 4693 itinere
1826 4634 1966 4694 carmine

776 4747 939 4803 narratum
959 4739 1071 4815 fuerit,
1091 4760 1207 4804 navem
1224 4740 1344 4814 Ἕλλης
1364 4736 1464 4815 λιμέν’
1484 4738 1640 4815 ἀμεῖψαι,
1662 4772 1704 4785 -
1724 4737 1842 4821 quihus
1861 4736 1966 4800 verbis

779 4886 970 4903 ———n

809 4962 833 5020 l)
851 4964 920 5015 Paua.
939 4967 959 5015 1.
978 4967 1017 5015 ll.
1030 4966 1051 5014 1.
1069 4964 1175 5029 Euphor.
1192 4964 1255 5029 apud
1272 4967 1338 5013 Serv.
1355 4962 1389 5012 ad
1404 4964 1466 5012 Bur.
1484 4963 1507 5012 d.
1518 4962 1557 5016 72.
