5125 6150
791 799 856 863 146
1219 818 1333 864 merus
1356 818 1541 866 oraremus.

789 990 821 1047 et
843 981 942 1047 libros
965 986 999 1047 in
1022 982 1127 1048 lucem
1148 986 1296 1048 emittere
1316 994 1400 1048 certe
1420 1005 1482 1048 non
1500 990 1548 1048 est
1568 983 1661 1069 plane
1679 984 1843 1070 decrepiti.
1870 988 1978 1071 Atqui,

787 1093 815 1153 si
839 1093 948 1174 paucis
972 1100 1045 1154 ante
1068 1100 1205 1155 mortem
1230 1093 1321 1154 annis
1344 1094 1453 1155 vexari
1478 1093 1658 1155 miserrimo
1681 1094 1743 1156 isto
1763 1095 1880 1156 mentis
1899 1096 1979 1157 vitio

787 1207 919 1280 coeptus
943 1208 1008 1270 est,
1033 1194 1185 1260 Bibaculo
1208 1198 1405 1260 innotescere
1429 1216 1466 1260 ea
1485 1217 1535 1260 res
1554 1208 1610 1260 aut
1631 1200 1761 1260 omnino
1780 1218 1841 1261 non
1861 1201 1978 1282 potnit,

786 1311 843 1366 aut
867 1312 937 1366 tum
961 1304 1103 1366 innotuit
1126 1323 1200 1365 cum
1224 1304 1293 1385 ipse
1313 1304 1378 1365 iam
1398 1311 1480 1366 esset
1499 1312 1602 1366 aetate
1621 1302 1795 1366 admodum
1815 1310 1977 1387 provecte.

787 1408 924 1471 Auctore
947 1410 1032 1470 enim
1058 1406 1256 1492 Hieronymo
1281 1405 1453 1471 Bibaculus
1475 1429 1537 1471 non
1561 1406 1634 1492 plus
1655 1407 1763 1471 decem
1787 1411 1878 1471 annis
1900 1418 1980 1472 natu

785 1516 892 1577 minor
921 1513 983 1576 fuit-
1013 1533 1110 1597 qnam
1133 1511 1276 1577 Orbilius
1300 1516 1378 1598 ipss.
1402 1512 1465 1577 Sed
1487 1514 1642 1577 faciamus
1665 1515 1732 1576 iam
1755 1513 1865 1577 decem
1888 1517 1979 1577 annis

785 1625 956 1703 postquam
996 1617 1172 1682 Horatium
1212 1616 1408 1702 discipulum
1443 1618 1557 1682 habuit
1591 1618 1769 1703 decrepitae
1805 1622 1979 1683 senectutis

783 1724 936 1808 deprensa
970 1724 1127 1807 quasdam
1162 1726 1194 1786 in
1231 1722 1355 1788 Orbilio
1390 1745 1457 1788 esse
1491 1724 1610 1787 indicia
1635 1732 1735 1788 —et
1768 1744 1865 1808 supre
1895 1723 1978 1788 illud

783 1836 912 1913 tempus
943 1829 1130 1894 adscendere
1162 1830 1253 1893 nobis
1285 1835 1369 1894 certe
1397 1850 1459 1893 non
1484 1827 1560 1893 licet
1584 1866 1627 1876 -
1650 1835 1719 1894 erat
1741 1836 1812 1893 tum
1835 1831 1904 1913 ipse
1926 1828 1979 1892 Bi-

784 1933 917 1998 baculus
948 1937 982 1998 in
1013 1938 1187 1998 senectutis
1217 1933 1347 2007 limine,
1372 1936 1540 2018 sexaginta
1564 1940 1629 1998 tres
1651 1954 1750 1998 annos
1772 1938 1883 1997 nctus:
1908 1936 1978 1997 eius

785 2051 893 2104 autem
916 2042 1031 2104 aetatis
1054 2048 1101 2103 est
1125 2020 1466 2103 metuere'senectutis
1489 2041 1588 2113 vitia,
1611 2059 1675 2102 non
1698 2038 1811 2103 ridere.

832 2147 897 2220 „At
925 2147 1045 2209 erravit
1068 2144 1306 2230 Hieronymus:
1330 2148 1386 2208 vix
1408 2148 1496 2209 enim
1519 2143 1668 2208 credibile
1692 2152 1741 2208 est
1763 2144 1849 2207 huno
1871 2150 1978 2207 canto

784 2271 852 2315 rem
884 2250 1100 2334 Euphorionis
1130 2253 1220 2314 annis
1252 2251 1316 2314 iere
1341 2253 1459 2335 viginti
1482 2251 1635 2313 maiorem
1658 2255 1736 2312 natu
1759 2248 1857 2313 tuisse
1880 2268 1978 2332 quam

785 2352 970 2431 Catullum,
995 2353 1084 2418 illius
1109 2354 1296 2439 disciplinas
1320 2354 1530 2439 priucipem”.
1555 2354 1716 2418 Lnbenter
1739 2356 1910 2418 assentior:
1935 2356 1978 2416 sit

785 2482 860 2546 ergo
893 2460 1065 2525 Bibaculus
1097 2462 1161 2525 iere
1192 2460 1333 2544 aequalis
1363 2459 1495 2526 Catulli.
1526 2459 1756 2524 Statuamuane
1774 2462 1878 2545 igitur
1901 2457 1979 2543 lepi-

785 2566 956 2630 dissimum
988 2574 1114 2651 poetum
1144 2580 1176 2631 et
1201 2568 1255 2630 uix
1279 2568 1345 2650 ipsi
1367 2563 1498 2630 Catullo
1520 2568 1679 2649 imparem
1701 2586 1809 2629 senem
1834 2564 1874 2628 ob
1898 2585 1979 2628 mor-

783 2672 863 2735 bum
899 2671 1033 2737 senilem
1069 2669 1236 2736 derisisse?
1271 2670 1407 2737 Crudele
1438 2670 1526 2735 istud
1558 2682 1625 2747 est,
1657 2674 1684 2734 si
1715 2671 1812 2735 verba
1834 2669 1980 2734 Suetonii

789 2781 927 2855 „amissa
958 2779 1135 2842 memoria'’
1166 2780 1213 2841 ita
1235 2780 1486 2861 interpretemur
1508 2785 1546 2841 ut
1569 2776 1731 2842 Orbilium
1754 2776 1828 2841 inde
1850 2797 1869 2840 a
1892 2783 1978 2839 certo

784 2882 923 2968 quodam
955 2892 1097 2966 tempore
1128 2890 1161 2946 et
1190 2885 1241 2945 sui
1271 2886 1410 2946 nominis
1434 2890 1466 2946 et
1489 2885 1634 2966 ipsorum
1657 2881 1815 2959 στοιχείων
1838 2879 1977 2945 oblitum

785 2988 883 3052 fuisse
914 2994 1095 3051 statuamus
1125 2994 1169 3064 (et
1201 2988 1360 3052 eiusmodi
1390 2987 1512 3071 aliquid
1543 2988 1605 3051 sibi
1635 2985 1777 3051 voluisse
1806 2984 1977 3050 Suetonius

784 3094 936 3170 videtur).
962 3093 1019 3156 Sin
1044 3115 1110 3157 rem
1135 3096 1221 3157 iusto
1245 3095 1449 3179 gravioribus
1471 3094 1577 3157 verbis
1600 3092 1773 3157 Suetonius
1796 3094 1978 3156 enuntiavit

783 3205 817 3264 et
848 3198 1009 3263 Orbilium
1043 3202 1088 3274 tin
1113 3199 1258 3264 versibus
1282 3215 1361 3283 puta
1384 3199 1568 3278 recitandis)
1591 3198 1753 3262 interdum
1779 3196 1892 3262 fefellit
1914 3217 1980 3260 me

784 3305 905 3379 moria,
936 3303 1014 3387 quid
1044 3323 1081 3367 ea
1109 3324 1159 3368 res
1188 3304 1284 3368 babet
1317 3300 1467 3367 ridiculi?
1497 3303 1610 3367 Nonne
1633 3303 1665 3366 id
1688 3311 1721 3367 et
1744 3303 1921 3367 senioribus
1946 3309 1979 3366 et

783 3409 962 3472 iunioribus
985 3410 1167 3493 frequenter
1189 3407 1318 3473 evenit?
1342 3409 1441 3473 Bstne
1465 3410 1685 3473 venustissimi
1705 3416 1817 3492 poetae
1836 3407 1978 3492 aliquem

785 3533 822 3577 so
846 3516 974 3578 nomine
997 3514 1137 3578 ludibrio
1159 3512 1298 3578 babere?

834 3619 898 3693 „At
928 3639 1055 3683 summa
1086 3631 1134 3683 est
1157 3622 1349 3703 perversitas
1371 3622 1404 3682 in
1429 3617 1586 3683 eiusmodi
1610 3619 1704 3683 rebus
1727 3625 1836 3683 nostro
1859 3621 1910 3682 nti
1931 3622 1979 3682 iu·

786 3722 868 3787 dicio
899 3731 931 3786 et
961 3723 994 3786 id
1021 3724 1104 3807 quod
1130 3725 1220 3788 nobis
1243 3727 1351 3788 minus
1374 3724 1533 3787 urbanum
1559 3723 1707 3788 videatur
1728 3726 1861 3807 antiqno
1885 3730 1979 3808 poeta

783 3828 955 3913 indignum
987 3829 1133 3912 putare”.
1166 3828 1219 3894 Sic
1251 3831 1316 3894 iere
1347 3829 1523 3893 declamare
1546 3827 1649 3893 solent
1672 3832 1728 3913 qui
1751 3850 1769 3893 e
1791 3850 1825 3893 se
1848 3832 1978 3912 suisque

784 3935 897 3998 amicis
929 3934 988 3996 hoc
1013 3937 1082 4017 ipso
1108 3943 1251 4018 tempore
1277 3937 1391 4010 „unice
1415 3955 1524 3999 reram
1548 3933 1742 4020 philologiae
1765 3933 1976 3998 methodum”

784 4042 950 4103 inventam
981 4038 1171 4122 gloriantur.
1204 4038 1308 4123 luepti
1339 4061 1413 4104 sane
1445 4042 1607 4116 homines,
1643 4040 1697 4104 sed
1729 4039 1813 4124 quod
1847 4046 1978 4104 monent

786 4147 920 4209 minime
956 4146 1122 4228 ineptum:
1157 4144 1253 4229 probe
1288 4143 1370 4208 illud
1401 4152 1607 4229 praeceptum
1637 4142 1750 4210 Cobeti
1780 4152 1813 4208 et
1841 4144 1979 4210 Bentleii

786 4257 959 4314 tenuerunt
982 4263 1012 4312 et
1037 4252 1182 4333 quisquis
1207 4270 1349 4333 unquam
1373 4249 1412 4314 de
1434 4257 1544 4314 nostra
1566 4258 1633 4314 arte
1658 4251 1737 4315 bene
1760 4252 1897 4313 meritus
1919 4256 1978 4314 est.

784 4354 934 4418 Etiamne
963 4358 1095 4439 antiquo
1127 4359 1264 4419 sermoni
1296 4359 1365 4420 vim
1396 4357 1573 4421 inferamus
1596 4362 1634 4418 ut
1657 4361 1806 4420 tneemnr
1829 4355 1914 4439 quod
1939 4357 1978 4420 ab

785 4457 893 4541 aliquo
917 4463 1128 4542 grammatico
1152 4464 1302 4545 antiqno,
1327 4464 1475 4545 quamvis
1494 4463 1603 4536 docto,
1623 4464 1665 4524 sit
1685 4458 1862 4524 traditum?
1882 4461 1979 4524 Haud

785 4566 905 4646 opinor.
941 4565 1102 4629 Aureaene
1133 4586 1209 4651 ergo
1241 4565 1426 4631 Latinitatis
1457 4577 1504 4631 est
1537 4575 1680 4645 (auream
1712 4570 1799 4630 enim
1824 4566 1980 4650 dicoque

784 4668 837 4731 bic
860 4683 953 4750 poeta
978 4673 1097 4746 utitur)
1119 4672 1274 4734 literarum
1298 4672 1471 4736 obliuionem
1493 4693 1569 4737 eum
1597 4671 1700 4737 dicere
1729 4675 1785 4756 qui
1811 4671 1978 4736 literarum

784 4776 828 4837 sit
851 4773 991 4838 oblitust
1016 4774 1086 4840 Hoc
1110 4798 1234 4861 quoquo
1258 4798 1351 4863 nego.

830 4878 983 4941 Hominem
1006 4900 1080 4943 oum
1105 4883 1276 4945 oblivionem
1302 4881 1519 4967 appellamus,
1544 4905 1607 4949 non
1625 4886 1735 4968 ipsum
1751 4884 1978 4947 immemorem
