5125 6150
738 887 741 892 ,
800 819 865 886 202
1318 841 1459 889 riorus.

846 1003 927 1068 Ann.
953 1002 1010 1081 XI,
1037 1003 1088 1068 18.
1122 1001 1259 1082 Chauci,
1289 1006 1375 1069 mitia
1398 1005 1591 1071 dissensione
1615 1006 1702 1071 domi
1727 1013 1759 1071 et
1783 1012 1884 1072 morta
1908 1005 1984 1071 San-

800 1111 901 1193 quinii
930 1109 1064 1187 alacres,
1096 1111 1173 1175 dnm
1204 1110 1341 1177 Corbulo
1371 1112 1537 1190 adventat,
1569 1115 1750 1178 inferiorem
1774 1112 1985 1178 Germaniam

796 1217 1006 1281 incursavere.
1050 1215 1102 1282 Sic
1136 1218 1316 1297 Mediceus;
1353 1221 1527 1283 rectissima
1558 1220 1625 1285 cod.
1659 1217 1744 1284 Gnd.
1776 1220 1878 1296 natta,
1916 1223 1987 1284 sive

798 1322 883 1407 quod
912 1325 946 1386 in
977 1322 1150 1409 exemplari
1173 1327 1242 1389 ains
1264 1324 1347 1389 illud
1369 1325 1448 1403 fuit,
1473 1329 1540 1390 sive
1563 1326 1646 1411 quod
1670 1329 1772 1391 critici
1796 1329 1874 1391 satis
1899 1329 1988 1391 acuti

797 1450 931 1494 manum
953 1438 1103 1516 expertus
1126 1431 1178 1496 hic
1201 1437 1259 1497 est.

841 1534 926 1601 Anu.
951 1536 1007 1613 XI,
1033 1536 1086 1602 20.
1111 1536 1263 1617 (Corbulo
1286 1538 1392 1603 subito
1417 1538 1557 1603 emedio
1577 1538 1683 1604 labore
1702 1545 1882 1615 revocatus)
1902 1536 1988 1602 nihil

797 1641 885 1706 aliud
906 1642 1089 1728 prolocutus
1111 1666 1208 1729 quam
1231 1646 1339 1710 beatos
1358 1645 1517 1730 quondam
1538 1645 1632 1709 duces
1652 1645 1830 1722 Romanos,
1850 1648 1988 1731 sIgnum

796 1752 939 1834 receptui
969 1750 1065 1815 dedit.
1101 1751 1140 1814 Vt
1170 1757 1276 1816 tamen
1307 1751 1400 1815 miles
1430 1755 1532 1816 otium
1563 1759 1709 1830 exueret,
1740 1755 1825 1816 inter
1854 1751 1986 1816 Mosam

796 1853 1008 1941 Rhenumque
1031 1855 1142 1921 XXIII
1166 1857 1294 1922 milium
1319 1860 1421 1942 spatio
1445 1858 1562 1922 fossam
1586 1858 1743 1943 perduxit.

841 1961 879 2026 In
903 1961 990 2027 codd.
1018 1962 1267 2041 „deterioribus”
1292 1985 1366 2029 vera
1390 1963 1484 2029 lectio
1508 1972 1541 2027 at
1564 1967 1737 2029 invenitur.

843 2069 925 2133 hun.
955 2067 1028 2143 XII,
1053 2068 1106 2136 47.
1142 2069 1221 2145 (Rex
1256 2069 1461 2135 Mithridates
1495 2071 1534 2134 ab
1569 2071 1749 2136 adversario
1782 2091 1839 2155 per
1874 2068 1988 2134 dolum

800 2174 1007 2259 prehenditur
1025 2181 1056 2240 et
1076 2179 1237 2255 vincitur).
1258 2178 1304 2241 Ac
1316 2175 1480 2261 compede,
1497 2176 1580 2262 quod
1592 2176 1780 2241 dedecorum
1793 2176 1938 2240 barbaris
1955 2175 1990 2255 ¹),

800 2282 997 2361 trahebatur;
1028 2304 1094 2346 moa
1124 2283 1196 2368 qaia
1226 2282 1364 2368 vulgus,
1396 2282 1475 2347 duro
1505 2286 1641 2369 Imperio
1673 2282 1840 2358 habitum,
1873 2283 1991 2367 probra

800 2408 837 2452 ac
864 2387 992 2453 verbera
1013 2389 1191 2454 intentabat
1199 2410 1207 2467 ;
1232 2394 1265 2454 et
1289 2396 1378 2454 erant
1401 2394 1509 2454 contra
1532 2392 1587 2474 qui
1611 2411 1637 2455 e.
1652 2411 1681 2474 q.
1695 2411 1719 2454 s.

844 2493 966 2560 Locum
989 2497 1211 2580 perturbatum
1234 2498 1266 2560 in
1291 2495 1435 2560 ordinem
1459 2495 1577 2581 redigit
1597 2495 1694 2561 codex
1714 2493 1882 2561 Gudianus
1901 2515 1990 2580 pras

800 2599 902 2665 bando
925 2623 1054 2686 mosque.

845 2707 926 2770 Ano.
950 2706 1039 2783 XIII,
1065 2706 1095 2772 8.
1120 2705 1257 2773 Oorhulo
1351 2728 1479 2792 corpore
1498 2709 1629 2793 ingens,
1651 2707 1756 2771 verbis
1776 2706 1992 2790 maassficiset

802 2832 898 2897 super
920 2815 1149 2898 experientiam
1174 2815 1427 2898 sapientiamque
1450 2816 1548 2878 etiam
1569 2815 1671 2897 specie
1691 2814 1834 2877 inanium
1849 2811 1990 2878 validus.

846 2917 931 2982 Mihi
965 2918 1068 2984 multo
1102 2926 1260 3005 praestare
1295 2919 1489 2984 deteriorum
1522 2917 1617 2983 lectio
1650 2918 1823 3002 maqaifiaas
1846 2918 1989 2985 videtur.

802 3021 894 3091 Certe
917 3046 979 3090 non
1002 3025 1073 3091 ideo
1096 3025 1265 3092 reiicianda
1289 3031 1337 3091 cst
1359 3027 1438 3111 qaod
1458 3028 1492 3090 in
1515 3025 1663 3092 deteriori
1686 3025 1791 3090 codice
1812 3025 1954 3112 legatur.

847 3132 929 3195 Ann.
954 3131 1041 3209 XIII,
1066 3132 1119 3197 26.
1144 3133 1192 3212 (ln
1216 3140 1328 3197 senatu
1351 3154 1426 3197 cum
1450 3139 1599 3216 ageretur
1621 3132 1659 3196 de
1682 3134 1819 3217 ingratis
1842 3131 1988 3209 libertis,

802 3243 834 3302 et
863 3238 993 3323 qnidam
1025 3245 1186 3303 censerent
1216 3242 1358 3325 patronis
1389 3239 1529 3303 dandum
1561 3260 1627 3303 esse
1657 3240 1709 3302 ius
1737 3241 1770 3302 in
1794 3241 1989 3303 servitutem

802 3365 854 3409 eos
884 3344 1080 3423 retrahendi,
1113 3345 1195 3410 Nero
1225 3348 1310 3410 inter
1339 3367 1457 3431 pancos
1488 3345 1565 3429 quid
1594 3345 1757 3410 rideretur
1780 3342 1988 3409 consultavit.

803 3451 928 3516 Horum
952 3473 1035 3516 anus
1058 3457 1090 3517 et
1113 3452 1192 3517 alter
1214 3451 1309 3537 paulo
1335 3454 1473 3517 severior
1496 3450 1685 3529 clamabatt)

847 3559 1049 3623 tribuendum
1082 3559 1210 3644 ahquod
1241 3558 1361 3635 telum,
1392 3558 1476 3644 quod
1500 3561 1604 3643 sperni
1628 3563 1772 3642 nequeat.
1797 3555 1864 3620 Nec
1887 3576 1989 3641 grave

801 3668 1005 3728 manumissis
1029 3686 1085 3750 per
1106 3665 1191 3729 idem
1215 3665 1404 3749 obsequium
1429 3663 1586 3729 retinendi
1609 3663 1807 3737 libertatem,
1828 3683 1886 3746 per
1902 3662 1989 3747 quod

801 3770 943 3835 adsecuti
977 3774 1056 3834 sint:
1092 3777 1125 3835 at
1156 3774 1327 3835 criminum
1360 3771 1544 3835 manifestos
1577 3773 1691 3833 merito
1724 3768 1763 3832 ad
1793 3771 1988 3833 servitutem

799 3878 937 3953 retrahi,
962 3883 998 3941 ut
1019 3884 1108 3941 metu
1133 3884 1345 3953 coerceantur,
1370 3898 1448 3962 quos
1472 3875 1621 3940 beneficIa
1644 3898 1703 3938 aaa
1726 3873 1933 3939 arctavissent.

844 3982 896 4048 Sic
920 3982 1100 4061 Mediceus,
1121 4004 1304 4069 perperam:
1325 4005 1386 4047 non
1407 3985 1492 4047 enim
1513 3982 1586 4044 mati
1607 3984 1690 4045 servi
1710 3982 1988 4044 manumittuntur

801 4097 838 4155 ut
869 4090 1017 4155 meliores
1049 4090 1142 4165 fiant,
1174 4089 1227 4153 sed
1259 4093 1374 4175 optimi
1403 4088 1626 4153 tantummodo
1650 4090 1741 4172 („qui
1765 4091 1839 4149 sunt
1861 4084 1988 4151 liberali

799 4197 974 4283 ingenio'’),
995 4218 1049 4281 spe
1067 4199 1101 4260 in
1122 4204 1312 4280 perpetuum
1334 4196 1412 4261 tales
1431 4217 1483 4260 aos
1504 4196 1637 4259 futuros.
1662 4191 1765 4256 Multo
1778 4212 1855 4277 ergo
1868 4196 1988 4258 rectius

800 4304 1069 4380 commutavisseat,
1095 4303 1178 4387 quod
1202 4305 1304 4367 suasit
1328 4302 1514 4387 Madvigius
1534 4310 1566 4366 st
1588 4351 1640 4366 ...
1661 4299 1812 4383 praebent
1832 4298 1990 4374 „deteris

800 4409 882 4474 ras”.
903 4407 1052 4493 (Utrique
1064 4415 1170 4473 tamen
1181 4408 1312 4473 lectioni
1324 4411 1456 4474 forsitan
1469 4414 1607 4493 praestet
1619 4405 1756 4490 simplex
1767 4406 1988 4485 mutavissent).

846 4517 927 4579 Ann.
960 4514 1048 4592 XIII,
1081 4514 1134 4579 48.
1165 4515 1303 4579 Auditae
1334 4514 1585 4580 Puteolanorum
1617 4513 1808 4599 legationes,
1841 4532 1921 4596 quas
1945 4513 1990 4577 di-

802 4643 908 4687 versas
931 4623 1001 4685 orda
1020 4622 1107 4705 plebs
1131 4621 1170 4686 sd
1192 4630 1337 4687 senatum
1361 4624 1522 4690 miserant.

836 4888 863 4951 l)
885 4889 948 4937 Setis
971 4889 1050 4953 inepte
1073 4887 1153 4936 addita
1170 4888 1228 4936 haec
1249 4891 1317 4937 eunt:
1342 4902 1371 4938 au
1394 4902 1450 4950 crgo
1473 4886 1534 4953 apud
1553 4887 1655 4935 Graecos
1672 4885 1836 4948 Romanosque
1853 4882 1879 4933 iu
1897 4882 1992 4935 honore

759 4976 762 4985 '
800 4970 859 5018 illud
877 4970 992 5034 ponitur?
