<?xml version="1.0" encoding="UTF-8"?>
<!DOCTYPE html PUBLIC "-//W3C//DTD XHTML 1.0 Transitional//EN"
    "http://www.w3.org/TR/xhtml1/DTD/xhtml1-transitional.dtd">
<html xmlns="http://www.w3.org/1999/xhtml" xml:lang="en" lang="en">
 <head>
  <title>
</title>
<meta http-equiv="Content-Type" content="text/html;charset=utf-8" />
  <meta name='ocr-system' content='tesseract 3.04.00' />
  <meta name='ocr-capabilities' content='ocr_page ocr_carea ocr_par ocr_line ocrx_word'/>
</head>
<body>
  <div class='ocr_page' id='page_1' title='image "./mnemosyne04verdgoog_0844.png"; bbox 0 0 5125 6150; ppageno 0'>
   <div class='ocr_carea' id='block_1_1' title="bbox 1057 825 1879 892">
    <p class='ocr_par' dir='ltr' id='par_1_1' title="bbox 1057 825 1879 892">
     <span class='ocr_line' id='line_1_1' title="bbox 1057 825 1879 892; baseline 0.002 -3"><span class='ocrx_word' id='word_1_1' title='bbox 1057 843 1100 889; x_wconf 81' lang='lat' dir='ltr'>ro</span> <span class='ocrx_word' id='word_1_2' title='bbox 1123 841 1354 890; x_wconf 77' lang='lat' dir='ltr'>rnrsrorunrus</span> <span class='ocrx_word' id='word_1_3' title='bbox 1377 841 1514 890; x_wconf 82' lang='lat' dir='ltr'>rnoron.</span> <span class='ocrx_word' id='word_1_4' title='bbox 1813 825 1879 892; x_wconf 81' lang='lat'>359</span> 
     </span>
    </p>
   </div>
   <div class='ocr_carea' id='block_1_2' title="bbox 683 1003 1883 4570">
    <p class='ocr_par' dir='ltr' id='par_1_2' title="bbox 687 1003 1883 1706">
     <span class='ocr_line' id='line_1_2' title="bbox 873 1003 1767 1087; baseline -0.002 -15"><span class='ocrx_word' id='word_1_5' title='bbox 873 1008 958 1083; x_wconf 72' lang='grc' dir='ltr'><strong><em>ὀδύνη</em></strong></span> <span class='ocrx_word' id='word_1_6' title='bbox 984 1031 1019 1071; x_wconf 85' lang='grc' dir='ltr'>σε</span> <span class='ocrx_word' id='word_1_7' title='bbox 1043 1006 1109 1084; x_wconf 78' lang='grc' dir='ltr'>περὶ</span> <span class='ocrx_word' id='word_1_8' title='bbox 1133 1006 1175 1069; x_wconf 76' lang='grc' dir='ltr'>τὰ</span> <span class='ocrx_word' id='word_1_9' title='bbox 1200 1003 1368 1086; x_wconf 68' lang='grc' dir='ltr'>σπλάγχν’</span> <span class='ocrx_word' id='word_1_10' title='bbox 1392 1003 1469 1070; x_wconf 65' lang='lat' dir='ltr'>torel</span> <span class='ocrx_word' id='word_1_11' title='bbox 1492 1012 1591 1084; x_wconf 82' lang='grc' dir='ltr'>σκς&gt;</span> <span class='ocrx_word' id='word_1_12' title='bbox 1615 1006 1767 1087; x_wconf 74' lang='grc' dir='ltr'><strong><em>στρέφειν,</em></strong></span> 
     </span>
     <span class='ocr_line' id='line_1_3' title="bbox 690 1111 1883 1197; baseline 0 -17"><span class='ocrx_word' id='word_1_13' title='bbox 690 1115 744 1180; x_wconf 89' lang='lat' dir='ltr'>sed</span> <span class='ocrx_word' id='word_1_14' title='bbox 775 1118 808 1179; x_wconf 94' lang='lat' dir='ltr'>in</span> <span class='ocrx_word' id='word_1_15' title='bbox 839 1114 1001 1179; x_wconf 83' lang='lat' dir='ltr'>codicibus</span> <span class='ocrx_word' id='word_1_16' title='bbox 1031 1112 1260 1179; x_wconf 88' lang='lat' dir='ltr'>recentioribus</span> <span class='ocrx_word' id='word_1_17' title='bbox 1283 1111 1378 1197; x_wconf 89' lang='lat' dir='ltr'>longe</span> <span class='ocrx_word' id='word_1_18' title='bbox 1400 1111 1552 1196; x_wconf 84' lang='lat' dir='ltr'><strong>plurimis</strong></span> <span class='ocrx_word' id='word_1_19' title='bbox 1575 1111 1698 1197; x_wconf 84' lang='lat' dir='ltr'>legitur</span> <span class='ocrx_word' id='word_1_20' title='bbox 1722 1111 1793 1178; x_wconf 70' lang='grc' dir='ltr'><strong><em>έιιιι·</em></strong></span> <span class='ocrx_word' id='word_1_21' title='bbox 1817 1113 1883 1195; x_wconf 86' lang='lat' dir='ltr'>(vel</span> 
     </span>
     <span class='ocr_line' id='line_1_4' title="bbox 690 1214 1882 1302; baseline 0 -18"><span class='ocrx_word' id='word_1_22' title='bbox 690 1221 797 1298; x_wconf 81' lang='grc' dir='ltr'><strong><em>ἔσιιιεν)</em></strong></span> <span class='ocrx_word' id='word_1_23' title='bbox 822 1218 1048 1297; x_wconf 75' lang='grc' dir='ltr'>ἐπιστρέφειν,</span> <span class='ocrx_word' id='word_1_24' title='bbox 1072 1217 1312 1302; x_wconf 85' lang='lat' dir='ltr'>Hemsterhuys</span> <span class='ocrx_word' id='word_1_25' title='bbox 1336 1221 1445 1281; x_wconf 89' lang='lat' dir='ltr'>autem</span> <span class='ocrx_word' id='word_1_26' title='bbox 1470 1214 1540 1281; x_wconf 71' lang='grc' dir='ltr'><strong><em>ἔοικ’</em></strong></span> <span class='ocrx_word' id='word_1_27' title='bbox 1563 1215 1578 1281; x_wconf 83' lang='grc' dir='ltr'><strong><em>έ</em></strong></span> <span class='ocrx_word' id='word_1_28' title='bbox 1586 1240 1624 1281; x_wconf 93' lang='grc' dir='ltr'>τι</span> <span class='ocrx_word' id='word_1_29' title='bbox 1647 1217 1791 1298; x_wconf 75' lang='grc' dir='ltr'><strong><em>στρέφειν</em></strong></span> <span class='ocrx_word' id='word_1_30' title='bbox 1809 1241 1882 1284; x_wconf 90' lang='lat' dir='ltr'>con-</span> 
     </span>
     <span class='ocr_line' id='line_1_5' title="bbox 687 1320 1881 1408; baseline 0 -18"><span class='ocrx_word' id='word_1_31' title='bbox 687 1328 781 1402; x_wconf 88' lang='lat' dir='ltr'>iecit,</span> <span class='ocrx_word' id='word_1_32' title='bbox 814 1324 928 1389; x_wconf 89' lang='lat' dir='ltr'>multis</span> <span class='ocrx_word' id='word_1_33' title='bbox 958 1322 1202 1408; x_wconf 79' lang='lat' dir='ltr'>plaudentibus,</span> <span class='ocrx_word' id='word_1_34' title='bbox 1233 1320 1309 1387; x_wconf 87' lang='lat' dir='ltr'>licet</span> <span class='ocrx_word' id='word_1_35' title='bbox 1339 1320 1383 1388; x_wconf 85' lang='grc' dir='ltr'>έτι</span> <span class='ocrx_word' id='word_1_36' title='bbox 1407 1321 1565 1407; x_wconf 85' lang='lat' dir='ltr'>particula</span> <span class='ocrx_word' id='word_1_37' title='bbox 1588 1344 1649 1388; x_wconf 94' lang='lat' dir='ltr'>non</span> <span class='ocrx_word' id='word_1_38' title='bbox 1675 1326 1783 1390; x_wconf 89' lang='lat' dir='ltr'>minus</span> <span class='ocrx_word' id='word_1_39' title='bbox 1807 1326 1881 1390; x_wconf 89' lang='lat' dir='ltr'>hine</span> 
     </span>
     <span class='ocr_line' id='line_1_6' title="bbox 688 1427 1881 1515; baseline 0.001 -21"><span class='ocrx_word' id='word_1_40' title='bbox 688 1433 730 1495; x_wconf 88' lang='lat' dir='ltr'>sit</span> <span class='ocrx_word' id='word_1_41' title='bbox 761 1430 863 1494; x_wconf 85' lang='lat' dir='ltr'>aliena</span> <span class='ocrx_word' id='word_1_42' title='bbox 891 1450 987 1515; x_wconf 90' lang='lat' dir='ltr'>quam</span> <span class='ocrx_word' id='word_1_43' title='bbox 1020 1429 1082 1492; x_wconf 81' lang='grc' dir='ltr'><strong><em>ἔτι·</em></strong></span> <span class='ocrx_word' id='word_1_44' title='bbox 1106 1430 1307 1513; x_wconf 87' lang='lat' dir='ltr'>praepositio.</span> <span class='ocrx_word' id='word_1_45' title='bbox 1340 1429 1556 1512; x_wconf 81' lang='lat' dir='ltr'>Aptissimum</span> <span class='ocrx_word' id='word_1_46' title='bbox 1580 1450 1655 1494; x_wconf 86' lang='lat' dir='ltr'>vero</span> <span class='ocrx_word' id='word_1_47' title='bbox 1679 1431 1712 1493; x_wconf 90' lang='lat' dir='ltr'>in</span> <span class='ocrx_word' id='word_1_48' title='bbox 1737 1427 1881 1497; x_wconf 74' lang='lat' dir='ltr'>(larionis</span> 
     </span>
     <span class='ocr_line' id='line_1_7' title="bbox 688 1533 1878 1618; baseline 0.001 -18"><span class='ocrx_word' id='word_1_49' title='bbox 688 1558 742 1601; x_wconf 90' lang='lat' dir='ltr'>ore</span> <span class='ocrx_word' id='word_1_50' title='bbox 777 1544 825 1601; x_wconf 87' lang='lat' dir='ltr'>est</span> <span class='ocrx_word' id='word_1_51' title='bbox 858 1535 1062 1600; x_wconf 90' lang='lat' dir='ltr'>indefinitum</span> <span class='ocrx_word' id='word_1_52' title='bbox 1096 1553 1160 1607; x_wconf 75' lang='grc' dir='ltr'><strong><em>τιςε</em></strong></span> <span class='ocrx_word' id='word_1_53' title='bbox 1198 1534 1295 1597; x_wconf 79' lang='lat' dir='ltr'>neseio</span> <span class='ocrx_word' id='word_1_54' title='bbox 1330 1534 1382 1618; x_wconf 79' lang='lat' dir='ltr'>qui</span> <span class='ocrx_word' id='word_1_55' title='bbox 1415 1533 1558 1597; x_wconf 77' lang='grc' dir='ltr'><strong><em>νιίτννιιιιι</em></strong></span> <span class='ocrx_word' id='word_1_56' title='bbox 1592 1535 1678 1598; x_wconf 76' lang='lat' dir='ltr'>dolor</span> <span class='ocrx_word' id='word_1_57' title='bbox 1712 1559 1819 1601; x_wconf 80' lang='lat' dir='ltr'>occare</span> <span class='ocrx_word' id='word_1_58' title='bbox 1849 1545 1878 1601; x_wconf 81' lang='lat' dir='ltr'>tc</span> 
     </span>
     <span class='ocr_line' id='line_1_8' title="bbox 688 1644 816 1706; baseline 0.008 -2"><span class='ocrx_word' id='word_1_59' title='bbox 688 1644 816 1706; x_wconf 73' lang='lat' dir='ltr'>videtur.</span> 
     </span>
    </p>

    <p class='ocr_par' dir='ltr' id='par_1_3' title="bbox 685 1744 1879 2043">
     <span class='ocr_line' id='line_1_9' title="bbox 733 1744 1878 1832; baseline 0.002 -22"><span class='ocrx_word' id='word_1_60' title='bbox 733 1747 844 1832; x_wconf 87' lang='lat' dir='ltr'>ltaque</span> <span class='ocrx_word' id='word_1_61' title='bbox 862 1747 921 1811; x_wconf 91' lang='lat' dir='ltr'>hoc</span> <span class='ocrx_word' id='word_1_62' title='bbox 941 1766 1066 1831; x_wconf 89' lang='lat' dir='ltr'>quoque</span> <span class='ocrx_word' id='word_1_63' title='bbox 1086 1745 1154 1810; x_wconf 93' lang='lat' dir='ltr'>looo</span> <span class='ocrx_word' id='word_1_64' title='bbox 1174 1744 1362 1821; x_wconf 90' lang='lat' dir='ltr'>lectionem,</span> <span class='ocrx_word' id='word_1_65' title='bbox 1383 1766 1479 1830; x_wconf 89' lang='lat' dir='ltr'>quam</span> <span class='ocrx_word' id='word_1_66' title='bbox 1498 1745 1628 1830; x_wconf 86' lang='lat' dir='ltr'>praebet</span> <span class='ocrx_word' id='word_1_67' title='bbox 1647 1746 1744 1812; x_wconf 82' lang='lat' dir='ltr'>codex</span> <span class='ocrx_word' id='word_1_68' title='bbox 1765 1750 1878 1812; x_wconf 86' lang='lat' dir='ltr'>ceteris</span> 
     </span>
     <span class='ocr_line' id='line_1_10' title="bbox 685 1851 1879 1938; baseline 0.002 -21"><span class='ocrx_word' id='word_1_69' title='bbox 685 1857 906 1938; x_wconf 80' lang='lat' dir='ltr'>praestantior,</span> <span class='ocrx_word' id='word_1_70' title='bbox 931 1851 1120 1918; x_wconf 88' lang='lat' dir='ltr'>servandam</span> <span class='ocrx_word' id='word_1_71' title='bbox 1143 1872 1210 1918; x_wconf 86' lang='lat' dir='ltr'>esse</span> <span class='ocrx_word' id='word_1_72' title='bbox 1234 1857 1339 1937; x_wconf 88' lang='lat' dir='ltr'>patet,</span> <span class='ocrx_word' id='word_1_73' title='bbox 1365 1854 1427 1916; x_wconf 87' lang='lat' dir='ltr'>nisi</span> <span class='ocrx_word' id='word_1_74' title='bbox 1451 1852 1535 1936; x_wconf 91' lang='lat' dir='ltr'>quod</span> <span class='ocrx_word' id='word_1_75' title='bbox 1560 1873 1624 1918; x_wconf 89' lang='lat' dir='ltr'>una</span> <span class='ocrx_word' id='word_1_76' title='bbox 1647 1873 1727 1938; x_wconf 88' lang='lat' dir='ltr'>quae</span> <span class='ocrx_word' id='word_1_77' title='bbox 1750 1857 1879 1920; x_wconf 86' lang='lat' dir='ltr'>interci-</span> 
     </span>
     <span class='ocr_line' id='line_1_11' title="bbox 687 1957 1189 2043; baseline 0.002 -21"><span class='ocrx_word' id='word_1_78' title='bbox 687 1959 776 2024; x_wconf 87' lang='lat' dir='ltr'>derat</span> <span class='ocrx_word' id='word_1_79' title='bbox 799 1958 909 2024; x_wconf 87' lang='lat' dir='ltr'>littera</span> <span class='ocrx_word' id='word_1_80' title='bbox 933 1966 981 2024; x_wconf 92' lang='lat' dir='ltr'>est</span> <span class='ocrx_word' id='word_1_81' title='bbox 1003 1957 1189 2043; x_wconf 88' lang='lat' dir='ltr'>supplenda.</span> 
     </span>
    </p>

    <p class='ocr_par' dir='ltr' id='par_1_4' title="bbox 684 2062 1881 2784">
     <span class='ocr_line' id='line_1_12' title="bbox 732 2062 1880 2150; baseline 0.003 -22"><span class='ocrx_word' id='word_1_82' title='bbox 732 2065 934 2150; x_wconf 80' lang='lat' dir='ltr'>Quamquam</span> <span class='ocrx_word' id='word_1_83' title='bbox 965 2064 1028 2127; x_wconf 84' lang='lat' dir='ltr'>alio</span> <span class='ocrx_word' id='word_1_84' title='bbox 1060 2066 1156 2141; x_wconf 85' lang='lat' dir='ltr'>vitio,</span> <span class='ocrx_word' id='word_1_85' title='bbox 1182 2084 1280 2148; x_wconf 89' lang='lat' dir='ltr'>eoque</span> <span class='ocrx_word' id='word_1_86' title='bbox 1305 2062 1469 2146; x_wconf 89' lang='lat' dir='ltr'>aliquanto</span> <span class='ocrx_word' id='word_1_87' title='bbox 1495 2066 1661 2149; x_wconf 85' lang='lat' dir='ltr'>graviore,</span> <span class='ocrx_word' id='word_1_88' title='bbox 1686 2065 1743 2129; x_wconf 89' lang='lat' dir='ltr'>hos</span> <span class='ocrx_word' id='word_1_89' title='bbox 1768 2086 1880 2131; x_wconf 84' lang='lat' dir='ltr'>versus</span> 
     </span>
     <span class='ocr_line' id='line_1_13' title="bbox 684 2167 1881 2256; baseline 0.002 -22"><span class='ocrx_word' id='word_1_90' title='bbox 684 2169 826 2234; x_wconf 88' lang='lat' dir='ltr'>laborare</span> <span class='ocrx_word' id='word_1_91' title='bbox 849 2172 1003 2256; x_wconf 86' lang='lat' dir='ltr'>suspicor.</span> <span class='ocrx_word' id='word_1_92' title='bbox 1034 2169 1118 2234; x_wconf 88' lang='lat' dir='ltr'>Nam</span> <span class='ocrx_word' id='word_1_93' title='bbox 1142 2168 1217 2253; x_wconf 93' lang='lat' dir='ltr'>quid</span> <span class='ocrx_word' id='word_1_94' title='bbox 1242 2167 1446 2254; x_wconf 83' lang='lat' dir='ltr'>languidius,</span> <span class='ocrx_word' id='word_1_95' title='bbox 1471 2168 1549 2253; x_wconf 91' lang='lat' dir='ltr'>quid</span> <span class='ocrx_word' id='word_1_96' title='bbox 1574 2175 1749 2235; x_wconf 89' lang='lat' dir='ltr'>venustum</span> <span class='ocrx_word' id='word_1_97' title='bbox 1772 2172 1881 2236; x_wconf 89' lang='lat' dir='ltr'>minus</span> 
     </span>
     <span class='ocr_line' id='line_1_14' title="bbox 687 2273 1879 2369; baseline -0.001 -28"><span class='ocrx_word' id='word_1_98' title='bbox 687 2279 864 2362; x_wconf 81' lang='lat' dir='ltr'>excogitari</span> <span class='ocrx_word' id='word_1_99' title='bbox 882 2278 1006 2360; x_wconf 90' lang='lat' dir='ltr'>potuit,</span> <span class='ocrx_word' id='word_1_100' title='bbox 1030 2295 1127 2359; x_wconf 91' lang='lat' dir='ltr'>quam</span> <span class='ocrx_word' id='word_1_101' title='bbox 1147 2281 1184 2338; x_wconf 88' lang='lat' dir='ltr'>ut</span> <span class='ocrx_word' id='word_1_102' title='bbox 1203 2273 1385 2339; x_wconf 87' lang='lat' dir='ltr'>Mercurius</span> <span class='ocrx_word' id='word_1_103' title='bbox 1405 2276 1495 2359; x_wconf 89' lang='lat' dir='ltr'>prius</span> <span class='ocrx_word' id='word_1_104' title='bbox 1515 2274 1650 2340; x_wconf 88' lang='lat' dir='ltr'>diceret:</span> <span class='ocrx_word' id='word_1_105' title='bbox 1671 2298 1725 2338; x_wconf 87' lang='lat' dir='ltr'>coc</span> <span class='ocrx_word' id='word_1_106' title='bbox 1741 2299 1879 2369; x_wconf 60' lang='lat' dir='ltr'>pernam,</span> 
     </span>
     <span class='ocr_line' id='line_1_15' title="bbox 688 2379 1881 2465; baseline 0.001 -21"><span class='ocrx_word' id='word_1_107' title='bbox 688 2405 775 2465; x_wconf 82' lang='lat' dir='ltr'>quom</span> <span class='ocrx_word' id='word_1_108' title='bbox 805 2384 951 2445; x_wconf 83' lang='lat' dir='ltr'>comedere</span> <span class='ocrx_word' id='word_1_109' title='bbox 980 2380 1123 2457; x_wconf 77' lang='lat' dir='ltr'>solebam,</span> <span class='ocrx_word' id='word_1_110' title='bbox 1155 2379 1244 2444; x_wconf 82' lang='lat' dir='ltr'>dein:</span> <span class='ocrx_word' id='word_1_111' title='bbox 1277 2401 1331 2442; x_wconf 86' lang='lat' dir='ltr'>cac</span> <span class='ocrx_word' id='word_1_112' title='bbox 1361 2381 1476 2443; x_wconf 77' lang='lat' dir='ltr'>viscera</span> <span class='ocrx_word' id='word_1_113' title='bbox 1504 2379 1623 2458; x_wconf 63' lang='lat' dir='ltr'>cauda,</span> <span class='ocrx_word' id='word_1_114' title='bbox 1647 2403 1745 2465; x_wconf 81' lang='lat' dir='ltr'>quoe</span> <span class='ocrx_word' id='word_1_115' title='bbox 1768 2404 1881 2445; x_wconf 80' lang='lat' dir='ltr'>come·</span> 
     </span>
     <span class='ocr_line' id='line_1_16' title="bbox 688 2483 1879 2553; baseline 0.001 -2"><span class='ocrx_word' id='word_1_116' title='bbox 688 2489 780 2551; x_wconf 83' lang='lat' dir='ltr'>dere</span> <span class='ocrx_word' id='word_1_117' title='bbox 802 2487 994 2551; x_wconf 76' lang='lat' dir='ltr'>solebam!</span> <span class='ocrx_word' id='word_1_118' title='bbox 1017 2483 1149 2551; x_wconf 80' lang='lat' dir='ltr'>Certum</span> <span class='ocrx_word' id='word_1_119' title='bbox 1173 2486 1256 2549; x_wconf 91' lang='lat' dir='ltr'>mibi</span> <span class='ocrx_word' id='word_1_120' title='bbox 1280 2484 1411 2551; x_wconf 83' lang='lat' dir='ltr'>videtur</span> <span class='ocrx_word' id='word_1_121' title='bbox 1433 2506 1496 2550; x_wconf 95' lang='lat' dir='ltr'>non</span> <span class='ocrx_word' id='word_1_122' title='bbox 1521 2488 1642 2551; x_wconf 88' lang='lat' dir='ltr'>comico</span> <span class='ocrx_word' id='word_1_123' title='bbox 1663 2486 1716 2550; x_wconf 87' lang='lat' dir='ltr'>sed</span> <span class='ocrx_word' id='word_1_124' title='bbox 1740 2485 1879 2553; x_wconf 88' lang='lat' dir='ltr'>librariis</span> 
     </span>
     <span class='ocr_line' id='line_1_17' title="bbox 688 2590 1878 2677; baseline 0.002 -21"><span class='ocrx_word' id='word_1_125' title='bbox 688 2593 796 2657; x_wconf 77' lang='lat' dir='ltr'>deberi</span> <span class='ocrx_word' id='word_1_126' title='bbox 826 2596 978 2658; x_wconf 87' lang='lat' dir='ltr'>iteratum</span> <span class='ocrx_word' id='word_1_127' title='bbox 1004 2592 1087 2670; x_wconf 67' lang='lat' dir='ltr'>„eye</span> <span class='ocrx_word' id='word_1_128' title='bbox 1111 2592 1303 2666; x_wconf 75' lang='grc' dir='ltr'><strong><em>ιιιιτήσθιιν”.</em></strong></span> <span class='ocrx_word' id='word_1_129' title='bbox 1326 2590 1425 2657; x_wconf 92' lang='lat' dir='ltr'>Nullo</span> <span class='ocrx_word' id='word_1_130' title='bbox 1448 2593 1578 2677; x_wconf 84' lang='lat' dir='ltr'>negotio</span> <span class='ocrx_word' id='word_1_131' title='bbox 1602 2597 1686 2657; x_wconf 89' lang='lat' dir='ltr'>certe</span> <span class='ocrx_word' id='word_1_132' title='bbox 1711 2596 1878 2677; x_wconf 86' lang='lat' dir='ltr'>unusquis-</span> 
     </span>
     <span class='ocr_line' id='line_1_18' title="bbox 686 2695 1774 2784; baseline 0 -21"><span class='ocrx_word' id='word_1_133' title='bbox 686 2720 748 2783; x_wconf 91' lang='lat' dir='ltr'>que</span> <span class='ocrx_word' id='word_1_134' title='bbox 772 2704 915 2763; x_wconf 88' lang='lat' dir='ltr'>nostrum</span> <span class='ocrx_word' id='word_1_135' title='bbox 939 2699 1101 2783; x_wconf 81' lang='lat' dir='ltr'>excogitet</span> <span class='ocrx_word' id='word_1_136' title='bbox 1123 2696 1245 2782; x_wconf 91' lang='lat' dir='ltr'>aliquid</span> <span class='ocrx_word' id='word_1_137' title='bbox 1268 2695 1353 2781; x_wconf 91' lang='lat' dir='ltr'>quod</span> <span class='ocrx_word' id='word_1_138' title='bbox 1376 2699 1419 2761; x_wconf 89' lang='lat' dir='ltr'>sit</span> <span class='ocrx_word' id='word_1_139' title='bbox 1442 2699 1566 2782; x_wconf 89' lang='lat' dir='ltr'>aptius,</span> <span class='ocrx_word' id='word_1_140' title='bbox 1591 2719 1618 2762; x_wconf 91' lang='lat' dir='ltr'>o.</span> <span class='ocrx_word' id='word_1_141' title='bbox 1639 2719 1673 2784; x_wconf 88' lang='lat' dir='ltr'>g.</span> <span class='ocrx_word' id='word_1_142' title='bbox 1696 2699 1774 2763; x_wconf 89' lang='lat' dir='ltr'>hoc:</span> 
     </span>
    </p>

    <p class='ocr_par' dir='ltr' id='par_1_5' title="bbox 823 2799 1721 2884">
     <span class='ocr_line' id='line_1_19' title="bbox 823 2799 1721 2884; baseline -0.001 -17"><span class='ocrx_word' id='word_1_143' title='bbox 823 2803 1019 2884; x_wconf 72' lang='grc' dir='ltr'><strong><em>σσλιὶχχννιν</em></strong></span> <span class='ocrx_word' id='word_1_144' title='bbox 1043 2826 1077 2867; x_wconf 87' lang='grc' dir='ltr'>τε</span> <span class='ocrx_word' id='word_1_145' title='bbox 1102 2804 1224 2882; x_wconf 75' lang='grc' dir='ltr'><strong><em>θερμῶν,</em></strong></span> <span class='ocrx_word' id='word_1_146' title='bbox 1249 2799 1287 2866; x_wconf 79' lang='grc' dir='ltr'>ὧν</span> <span class='ocrx_word' id='word_1_147' title='bbox 1311 2801 1577 2884; x_wconf 76' lang='grc' dir='ltr'><strong><em>&lt;ιιιιτεβρδχθιζσν</em></strong></span> <span class='ocrx_word' id='word_1_148' title='bbox 1600 2802 1721 2880; x_wconf 61' lang='lat' dir='ltr'>vdeo!</span> 
     </span>
    </p>

    <p class='ocr_par' dir='ltr' id='par_1_6' title="bbox 683 2905 1882 4570">
     <span class='ocr_line' id='line_1_20' title="bbox 732 2905 1880 2995; baseline 0.002 -22"><span class='ocrx_word' id='word_1_149' title='bbox 732 2909 876 2994; x_wconf 91' lang='lat' dir='ltr'>Denique</span> <span class='ocrx_word' id='word_1_150' title='bbox 899 2908 1068 2974; x_wconf 88' lang='lat' dir='ltr'>dicendum</span> <span class='ocrx_word' id='word_1_151' title='bbox 1091 2912 1139 2972; x_wconf 90' lang='lat' dir='ltr'>est</span> <span class='ocrx_word' id='word_1_152' title='bbox 1163 2905 1284 2991; x_wconf 91' lang='lat' dir='ltr'>aliquid</span> <span class='ocrx_word' id='word_1_153' title='bbox 1308 2906 1346 2972; x_wconf 91' lang='lat' dir='ltr'>de</span> <span class='ocrx_word' id='word_1_154' title='bbox 1369 2906 1486 2973; x_wconf 92' lang='lat' dir='ltr'>ultimo</span> <span class='ocrx_word' id='word_1_155' title='bbox 1510 2929 1664 2973; x_wconf 87' lang='lat' dir='ltr'>versuum</span> <span class='ocrx_word' id='word_1_156' title='bbox 1686 2929 1764 2993; x_wconf 90' lang='lat' dir='ltr'>quos</span> <span class='ocrx_word' id='word_1_157' title='bbox 1783 2929 1880 2995; x_wconf 86' lang='lat' dir='ltr'>supra</span> 
     </span>
     <span class='ocr_line' id='line_1_21' title="bbox 685 3011 1879 3101; baseline -0.001 -21"><span class='ocrx_word' id='word_1_158' title='bbox 685 3017 832 3101; x_wconf 80' lang='lat' dir='ltr'>excripsi.</span> <span class='ocrx_word' id='word_1_159' title='bbox 857 3014 920 3079; x_wconf 93' lang='lat' dir='ltr'>Ubi</span> <span class='ocrx_word' id='word_1_160' title='bbox 943 3014 1005 3079; x_wconf 90' lang='lat' dir='ltr'>sibi</span> <span class='ocrx_word' id='word_1_161' title='bbox 1030 3020 1176 3080; x_wconf 88' lang='lat' dir='ltr'>constans</span> <span class='ocrx_word' id='word_1_162' title='bbox 1200 3011 1293 3080; x_wconf 80' lang='lat' dir='ltr'>Cario</span> <span class='ocrx_word' id='word_1_163' title='bbox 1314 3051 1355 3062; x_wconf 95' lang='lat'>-</span> <span class='ocrx_word' id='word_1_164' title='bbox 1376 3015 1585 3079; x_wconf 90' lang='lat' dir='ltr'>meminimus</span> <span class='ocrx_word' id='word_1_165' title='bbox 1608 3016 1694 3081; x_wconf 91' lang='lat' dir='ltr'>enim</span> <span class='ocrx_word' id='word_1_166' title='bbox 1719 3013 1825 3100; x_wconf 88' lang='lat' dir='ltr'>qualia</span> <span class='ocrx_word' id='word_1_167' title='bbox 1845 3017 1879 3079; x_wconf 91' lang='lat' dir='ltr'>in</span> 
     </span>
     <span class='ocr_line' id='line_1_22' title="bbox 684 3106 1878 3206; baseline 0.001 -21"><span class='ocrx_word' id='word_1_168' title='bbox 684 3121 867 3205; x_wconf 79' lang='lat' dir='ltr'>Aesculapii</span> <span class='ocrx_word' id='word_1_169' title='bbox 899 3119 1020 3206; x_wconf 91' lang='lat' dir='ltr'>templo</span> <span class='ocrx_word' id='word_1_170' title='bbox 1050 3120 1267 3206; x_wconf 84' lang='lat' dir='ltr'>designaverit</span> <span class='ocrx_word' id='word_1_171' title='bbox 1302 3157 1340 3169; x_wconf 89' lang='lat'><em>-</em></span> <span class='ocrx_word' id='word_1_172' title='bbox 1373 3123 1495 3185; x_wconf 89' lang='lat' dir='ltr'>ventris</span> <span class='ocrx_word' id='word_1_173' title='bbox 1526 3120 1646 3205; x_wconf 88' lang='lat' dir='ltr'>oppleti</span> <span class='ocrx_word' id='word_1_174' title='bbox 1683 3106 1878 3186; x_wconf 85' lang='lat' dir='ltr'>medicinam</span> 
     </span>
     <span class='ocr_line' id='line_1_23' title="bbox 684 3224 1881 3311; baseline -0.001 -20"><span class='ocrx_word' id='word_1_175' title='bbox 684 3227 744 3291; x_wconf 94' lang='lat' dir='ltr'>deo</span> <span class='ocrx_word' id='word_1_176' title='bbox 775 3226 871 3291; x_wconf 88' lang='lat' dir='ltr'>donat</span> <span class='ocrx_word' id='word_1_177' title='bbox 974 3224 1093 3302; x_wconf 73' lang='grc' dir='ltr'><strong><em>σιρδιὶν.</em></strong></span> <span class='ocrx_word' id='word_1_178' title='bbox 1126 3224 1175 3289; x_wconf 88' lang='lat' dir='ltr'>lta</span> <span class='ocrx_word' id='word_1_179' title='bbox 1203 3229 1313 3290; x_wconf 87' lang='lat' dir='ltr'>autern</span> <span class='ocrx_word' id='word_1_180' title='bbox 1337 3224 1482 3311; x_wconf 90' lang='lat' dir='ltr'>loquitur</span> <span class='ocrx_word' id='word_1_181' title='bbox 1504 3229 1595 3311; x_wconf 87' lang='lat' dir='ltr'>quasi</span> <span class='ocrx_word' id='word_1_182' title='bbox 1619 3227 1799 3292; x_wconf 89' lang='lat' dir='ltr'>remedium</span> <span class='ocrx_word' id='word_1_183' title='bbox 1824 3226 1881 3291; x_wconf 87' lang='lat' dir='ltr'>ali-</span> 
     </span>
     <span class='ocr_line' id='line_1_24' title="bbox 685 3329 1880 3417; baseline 0.003 -22"><span class='ocrx_word' id='word_1_184' title='bbox 685 3331 770 3416; x_wconf 93' lang='lat' dir='ltr'>quod</span> <span class='ocrx_word' id='word_1_185' title='bbox 794 3367 835 3379; x_wconf 92' lang='lat'>—-</span> <span class='ocrx_word' id='word_1_186' title='bbox 860 3330 995 3395; x_wconf 76' lang='grc' dir='ltr'><strong><em>ιινιιεῶιιὶ</em></strong></span> <span class='ocrx_word' id='word_1_187' title='bbox 1025 3354 1095 3395; x_wconf 85' lang='grc' dir='ltr'><strong><em>τινιι</em></strong></span> <span class='ocrx_word' id='word_1_188' title='bbox 1117 3329 1302 3410; x_wconf 75' lang='grc' dir='ltr'><strong><em>βληχωνίαν</em></strong></span> <span class='ocrx_word' id='word_1_189' title='bbox 1323 3369 1366 3380; x_wconf 95' lang='grc'>-</span> <span class='ocrx_word' id='word_1_190' title='bbox 1389 3334 1419 3396; x_wconf 89' lang='lat' dir='ltr'>ei</span> <span class='ocrx_word' id='word_1_191' title='bbox 1443 3332 1592 3417; x_wconf 86' lang='lat' dir='ltr'>praebeat</span> <span class='ocrx_word' id='word_1_192' title='bbox 1617 3332 1749 3398; x_wconf 81' lang='grc' dir='ltr'><strong><em>έσιτιεῖν</em></strong></span> <span class='ocrx_word' id='word_1_193' title='bbox 1772 3333 1811 3397; x_wconf 85' lang='lat' dir='ltr'>ad</span> <span class='ocrx_word' id='word_1_194' title='bbox 1834 3354 1880 3398; x_wconf 91' lang='lat' dir='ltr'>se-</span> 
     </span>
     <span class='ocr_line' id='line_1_25' title="bbox 686 3435 1876 3523; baseline 0.003 -23"><span class='ocrx_word' id='word_1_195' title='bbox 686 3437 805 3501; x_wconf 88' lang='lat' dir='ltr'>dandos</span> <span class='ocrx_word' id='word_1_196' title='bbox 835 3438 957 3501; x_wconf 85' lang='lat' dir='ltr'>ventris</span> <span class='ocrx_word' id='word_1_197' title='bbox 986 3435 1061 3500; x_wconf 92' lang='lat' dir='ltr'>illos</span> <span class='ocrx_word' id='word_1_198' title='bbox 1093 3435 1226 3501; x_wconf 91' lang='lat' dir='ltr'>dolores.</span> <span class='ocrx_word' id='word_1_199' title='bbox 1260 3436 1303 3499; x_wconf 84' lang='lat' dir='ltr'>llt</span> <span class='ocrx_word' id='word_1_200' title='bbox 1332 3443 1428 3522; x_wconf 87' lang='lat' dir='ltr'>gestu</span> <span class='ocrx_word' id='word_1_201' title='bbox 1456 3449 1580 3522; x_wconf 86' lang='lat' dir='ltr'>aperte,</span> <span class='ocrx_word' id='word_1_202' title='bbox 1613 3458 1693 3523; x_wconf 87' lang='lat' dir='ltr'>quae</span> <span class='ocrx_word' id='word_1_203' title='bbox 1727 3444 1776 3503; x_wconf 92' lang='lat' dir='ltr'>est</span> <span class='ocrx_word' id='word_1_204' title='bbox 1806 3441 1876 3505; x_wconf 90' lang='lat' dir='ltr'>eius</span> 
     </span>
     <span class='ocr_line' id='line_1_26' title="bbox 687 3540 1882 3632; baseline 0.004 -26"><span class='ocrx_word' id='word_1_205' title='bbox 687 3542 904 3627; x_wconf 90' lang='lat' dir='ltr'>impudentia,</span> <span class='ocrx_word' id='word_1_206' title='bbox 930 3542 1049 3607; x_wconf 85' lang='lat' dir='ltr'>indicat</span> <span class='ocrx_word' id='word_1_207' title='bbox 1072 3542 1149 3627; x_wconf 92' lang='lat' dir='ltr'>quid</span> <span class='ocrx_word' id='word_1_208' title='bbox 1172 3542 1460 3608; x_wconf 82' lang='lat' dir='ltr'>demonstrativum</span> <span class='ocrx_word' id='word_1_209' title='bbox 1486 3540 1564 3616; x_wconf 79' lang='grc' dir='ltr'><strong><em>ιιῦτιι</em></strong></span> <span class='ocrx_word' id='word_1_210' title='bbox 1589 3544 1651 3609; x_wconf 90' lang='lat' dir='ltr'>sibi</span> <span class='ocrx_word' id='word_1_211' title='bbox 1673 3543 1759 3609; x_wconf 87' lang='lat' dir='ltr'>velit.</span> <span class='ocrx_word' id='word_1_212' title='bbox 1783 3545 1882 3632; x_wconf 89' lang='lat' dir='ltr'>Blay·</span> 
     </span>
     <span class='ocr_line' id='line_1_27' title="bbox 688 3647 1877 3737; baseline 0.003 -26"><span class='ocrx_word' id='word_1_213' title='bbox 688 3649 767 3713; x_wconf 91' lang='lat' dir='ltr'>desii</span> <span class='ocrx_word' id='word_1_214' title='bbox 792 3669 866 3713; x_wconf 87' lang='lat' dir='ltr'>vero</span> <span class='ocrx_word' id='word_1_215' title='bbox 890 3647 1110 3713; x_wconf 82' lang='lat' dir='ltr'>infelicissima</span> <span class='ocrx_word' id='word_1_216' title='bbox 1133 3654 1181 3711; x_wconf 86' lang='lat' dir='ltr'>est</span> <span class='ocrx_word' id='word_1_217' title='bbox 1200 3650 1356 3732; x_wconf 86' lang='lat' dir='ltr'>suspicio,</span> <span class='ocrx_word' id='word_1_218' title='bbox 1376 3648 1497 3730; x_wconf 76' lang='lat' dir='ltr'>alapam</span> <span class='ocrx_word' id='word_1_219' title='bbox 1517 3649 1575 3714; x_wconf 89' lang='lat' dir='ltr'>deo</span> <span class='ocrx_word' id='word_1_220' title='bbox 1594 3650 1737 3737; x_wconf 82' lang='lat' dir='ltr'>infringi.</span> <span class='ocrx_word' id='word_1_221' title='bbox 1762 3649 1877 3730; x_wconf 83' lang='lat' dir='ltr'>Qualia</span> 
     </span>
     <span class='ocr_line' id='line_1_28' title="bbox 685 3752 1877 3840; baseline -0.001 -21"><span class='ocrx_word' id='word_1_222' title='bbox 685 3757 785 3819; x_wconf 91' lang='lat' dir='ltr'>etiam</span> <span class='ocrx_word' id='word_1_223' title='bbox 804 3757 838 3817; x_wconf 94' lang='lat' dir='ltr'>in</span> <span class='ocrx_word' id='word_1_224' title='bbox 858 3753 972 3818; x_wconf 85' lang='lat' dir='ltr'>effrena</span> <span class='ocrx_word' id='word_1_225' title='bbox 991 3752 1048 3817; x_wconf 90' lang='lat' dir='ltr'>illa</span> <span class='ocrx_word' id='word_1_226' title='bbox 1067 3754 1192 3818; x_wconf 90' lang='lat' dir='ltr'>iocandi</span> <span class='ocrx_word' id='word_1_227' title='bbox 1214 3754 1362 3818; x_wconf 90' lang='lat' dir='ltr'>libertate</span> <span class='ocrx_word' id='word_1_228' title='bbox 1381 3753 1595 3820; x_wconf 87' lang='lat' dir='ltr'>intolerabilia</span> <span class='ocrx_word' id='word_1_229' title='bbox 1613 3758 1726 3840; x_wconf 89' lang='lat' dir='ltr'>opinor</span> <span class='ocrx_word' id='word_1_230' title='bbox 1742 3756 1877 3820; x_wconf 83' lang='lat' dir='ltr'>fuissent</span> 
     </span>
     <span class='ocr_line' id='line_1_29' title="bbox 685 3860 1879 3944; baseline 0.001 -21"><span class='ocrx_word' id='word_1_231' title='bbox 685 3864 756 3923; x_wconf 88' lang='lat' dir='ltr'>visa</span> <span class='ocrx_word' id='word_1_232' title='bbox 791 3860 1057 3935; x_wconf 83' lang='lat' dir='ltr'>Atheniensibus,</span> <span class='ocrx_word' id='word_1_233' title='bbox 1092 3881 1195 3944; x_wconf 89' lang='lat' dir='ltr'>neque</span> <span class='ocrx_word' id='word_1_234' title='bbox 1230 3880 1324 3925; x_wconf 88' lang='lat' dir='ltr'>causa</span> <span class='ocrx_word' id='word_1_235' title='bbox 1355 3867 1404 3925; x_wconf 89' lang='lat' dir='ltr'>est</span> <span class='ocrx_word' id='word_1_236' title='bbox 1436 3860 1502 3926; x_wconf 89' lang='lat' dir='ltr'>ulla</span> <span class='ocrx_word' id='word_1_237' title='bbox 1531 3882 1588 3926; x_wconf 90' lang='lat' dir='ltr'>cur</span> <span class='ocrx_word' id='word_1_238' title='bbox 1615 3861 1758 3944; x_wconf 78' lang='lat' dir='ltr'>feriator</span> <span class='ocrx_word' id='word_1_239' title='bbox 1795 3881 1879 3925; x_wconf 91' lang='lat' dir='ltr'>nuno</span> 
     </span>
     <span class='ocr_line' id='line_1_30' title="bbox 686 3965 1878 4052; baseline 0.001 -22"><span class='ocrx_word' id='word_1_240' title='bbox 686 3966 860 4051; x_wconf 89' lang='lat' dir='ltr'>Olympius</span> <span class='ocrx_word' id='word_1_241' title='bbox 883 3967 981 4029; x_wconf 89' lang='lat' dir='ltr'>miser</span> <span class='ocrx_word' id='word_1_242' title='bbox 1004 3971 1036 4030; x_wconf 88' lang='lat' dir='ltr'>et</span> <span class='ocrx_word' id='word_1_243' title='bbox 1060 3965 1234 4042; x_wconf 86' lang='lat' dir='ltr'>demissus;</span> <span class='ocrx_word' id='word_1_244' title='bbox 1263 3986 1393 4031; x_wconf 91' lang='lat' dir='ltr'>omnem</span> <span class='ocrx_word' id='word_1_245' title='bbox 1417 3965 1552 4052; x_wconf 89' lang='lat' dir='ltr'>denique</span> <span class='ocrx_word' id='word_1_246' title='bbox 1576 3966 1810 4031; x_wconf 86' lang='lat' dir='ltr'>dubitationem</span> <span class='ocrx_word' id='word_1_247' title='bbox 1836 4004 1878 4016; x_wconf 89' lang='lat'><em>-</em></span> 
     </span>
     <span class='ocr_line' id='line_1_31' title="bbox 685 4070 1881 4158; baseline 0.003 -22"><span class='ocrx_word' id='word_1_248' title='bbox 685 4076 713 4136; x_wconf 90' lang='lat' dir='ltr'>si</span> <span class='ocrx_word' id='word_1_249' title='bbox 744 4075 815 4156; x_wconf 88' lang='lat' dir='ltr'>quis</span> <span class='ocrx_word' id='word_1_250' title='bbox 843 4074 942 4135; x_wconf 87' lang='lat' dir='ltr'>etiam</span> <span class='ocrx_word' id='word_1_251' title='bbox 974 4070 1099 4136; x_wconf 86' lang='lat' dir='ltr'>dubitet</span> <span class='ocrx_word' id='word_1_252' title='bbox 1124 4109 1165 4118; x_wconf 95' lang='lat'>—</span> <span class='ocrx_word' id='word_1_253' title='bbox 1190 4073 1305 4136; x_wconf 85' lang='lat' dir='ltr'>eximit</span> <span class='ocrx_word' id='word_1_254' title='bbox 1328 4072 1360 4135; x_wconf 92' lang='lat' dir='ltr'>id</span> <span class='ocrx_word' id='word_1_255' title='bbox 1384 4072 1469 4158; x_wconf 90' lang='lat' dir='ltr'>quod</span> <span class='ocrx_word' id='word_1_256' title='bbox 1493 4074 1604 4137; x_wconf 87' lang='lat' dir='ltr'>statim</span> <span class='ocrx_word' id='word_1_257' title='bbox 1626 4074 1772 4156; x_wconf 86' lang='lat' dir='ltr'>sequitur</span> <span class='ocrx_word' id='word_1_258' title='bbox 1796 4072 1881 4139; x_wconf 89' lang='lat' dir='ltr'>Mer-</span> 
     </span>
     <span class='ocr_line' id='line_1_32' title="bbox 683 4177 1877 4256; baseline 0.001 -15"><span class='ocrx_word' id='word_1_259' title='bbox 683 4180 766 4242; x_wconf 89' lang='lat' dir='ltr'>curii</span> <span class='ocrx_word' id='word_1_260' title='bbox 798 4177 938 4241; x_wconf 89' lang='lat' dir='ltr'>dietum:</span> <span class='ocrx_word' id='word_1_261' title='bbox 968 4183 1048 4239; x_wconf 71' lang='lat' dir='ltr'>come</span> <span class='ocrx_word' id='word_1_262' title='bbox 1079 4184 1112 4238; x_wconf 82' lang='lat' dir='ltr'>at</span> <span class='ocrx_word' id='word_1_263' title='bbox 1143 4199 1300 4239; x_wconf 75' lang='lat' dir='ltr'>succurras</span> <span class='ocrx_word' id='word_1_264' title='bbox 1333 4177 1452 4241; x_wconf 78' lang='lat' dir='ltr'>emico?</span> <span class='ocrx_word' id='word_1_265' title='bbox 1482 4177 1569 4256; x_wconf 79' lang='lat' dir='ltr'>Quae</span> <span class='ocrx_word' id='word_1_266' title='bbox 1602 4177 1698 4242; x_wconf 89' lang='lat' dir='ltr'>verba</span> <span class='ocrx_word' id='word_1_267' title='bbox 1722 4198 1785 4241; x_wconf 93' lang='lat' dir='ltr'>non</span> <span class='ocrx_word' id='word_1_268' title='bbox 1810 4199 1877 4243; x_wconf 91' lang='lat' dir='ltr'>esse</span> 
     </span>
     <span class='ocr_line' id='line_1_33' title="bbox 684 4280 1879 4368; baseline 0.002 -22"><span class='ocrx_word' id='word_1_269' title='bbox 684 4286 753 4347; x_wconf 88' lang='lat' dir='ltr'>eius</span> <span class='ocrx_word' id='word_1_270' title='bbox 780 4284 835 4366; x_wconf 88' lang='lat' dir='ltr'>qui</span> <span class='ocrx_word' id='word_1_271' title='bbox 859 4281 953 4346; x_wconf 93' lang='lat' dir='ltr'>modo</span> <span class='ocrx_word' id='word_1_272' title='bbox 981 4280 1140 4366; x_wconf 77' lang='lat' dir='ltr'>copularit</span> <span class='ocrx_word' id='word_1_273' title='bbox 1164 4284 1220 4346; x_wconf 80' lang='lat' dir='ltr'>vix</span> <span class='ocrx_word' id='word_1_274' title='bbox 1245 4303 1324 4367; x_wconf 88' lang='lat' dir='ltr'>opus</span> <span class='ocrx_word' id='word_1_275' title='bbox 1348 4288 1395 4346; x_wconf 90' lang='lat' dir='ltr'>est</span> <span class='ocrx_word' id='word_1_276' title='bbox 1418 4282 1470 4346; x_wconf 91' lang='lat' dir='ltr'>bic</span> <span class='ocrx_word' id='word_1_277' title='bbox 1493 4281 1564 4345; x_wconf 91' lang='lat' dir='ltr'>dici.</span> <span class='ocrx_word' id='word_1_278' title='bbox 1592 4281 1706 4346; x_wconf 86' lang='lat' dir='ltr'>Risum</span> <span class='ocrx_word' id='word_1_279' title='bbox 1726 4285 1879 4368; x_wconf 90' lang='lat' dir='ltr'>mancipii</span> 
     </span>
     <span class='ocr_line' id='line_1_34' title="bbox 685 4385 1877 4473; baseline -0.001 -21"><span class='ocrx_word' id='word_1_280' title='bbox 685 4390 844 4473; x_wconf 87' lang='lat' dir='ltr'>patienter</span> <span class='ocrx_word' id='word_1_281' title='bbox 876 4388 1013 4471; x_wconf 85' lang='lat' dir='ltr'>perferre</span> <span class='ocrx_word' id='word_1_282' title='bbox 1044 4388 1158 4451; x_wconf 89' lang='lat' dir='ltr'>abiecti</span> <span class='ocrx_word' id='word_1_283' title='bbox 1187 4394 1235 4452; x_wconf 88' lang='lat' dir='ltr'>est</span> <span class='ocrx_word' id='word_1_284' title='bbox 1266 4387 1334 4451; x_wconf 91' lang='lat' dir='ltr'>dei:</span> <span class='ocrx_word' id='word_1_285' title='bbox 1367 4385 1520 4472; x_wconf 87' lang='lat' dir='ltr'>vapulare</span> <span class='ocrx_word' id='word_1_286' title='bbox 1551 4392 1713 4452; x_wconf 90' lang='lat' dir='ltr'>ettamen</span> <span class='ocrx_word' id='word_1_287' title='bbox 1737 4391 1877 4453; x_wconf 90' lang='lat' dir='ltr'>amicum</span> 
     </span>
     <span class='ocr_line' id='line_1_35' title="bbox 686 4492 1391 4570; baseline 0 -13"><span class='ocrx_word' id='word_1_288' title='bbox 686 4515 720 4558; x_wconf 88' lang='lat' dir='ltr'>se</span> <span class='ocrx_word' id='word_1_289' title='bbox 743 4494 846 4559; x_wconf 90' lang='lat' dir='ltr'>dicere</span> <span class='ocrx_word' id='word_1_290' title='bbox 869 4492 1031 4570; x_wconf 79' lang='lat' dir='ltr'>(larionis,</span> <span class='ocrx_word' id='word_1_291' title='bbox 1055 4493 1088 4557; x_wconf 92' lang='lat' dir='ltr'>id</span> <span class='ocrx_word' id='word_1_292' title='bbox 1112 4492 1277 4559; x_wconf 86' lang='lat' dir='ltr'>delirantis</span> <span class='ocrx_word' id='word_1_293' title='bbox 1302 4494 1391 4559; x_wconf 87' lang='lat' dir='ltr'>foret.</span> 
     </span>
    </p>
   </div>
   <div class='ocr_carea' id='block_1_3' title="bbox 684 4710 1876 5004">
    <p class='ocr_par' dir='ltr' id='par_1_7' title="bbox 684 4710 1876 5004">
     <span class='ocr_line' id='line_1_36' title="bbox 731 4710 1876 4796; baseline 0.003 -23"><span class='ocrx_word' id='word_1_294' title='bbox 731 4711 783 4775; x_wconf 88' lang='lat' dir='ltr'>Vs.</span> <span class='ocrx_word' id='word_1_295' title='bbox 811 4711 908 4776; x_wconf 91' lang='grc'><strong>1144.</strong></span> <span class='ocrx_word' id='word_1_296' title='bbox 936 4713 1019 4792; x_wconf 76' lang='lat' dir='ltr'>Quae</span> <span class='ocrx_word' id='word_1_297' title='bbox 1042 4713 1149 4796; x_wconf 79' lang='lat' dir='ltr'>offerre</span> <span class='ocrx_word' id='word_1_298' title='bbox 1171 4711 1392 4788; x_wconf 66' lang='lat' dir='ltr'>mistrectae,</span> <span class='ocrx_word' id='word_1_299' title='bbox 1414 4710 1478 4791; x_wconf 79' lang='lat' dir='ltr'>ipre</span> <span class='ocrx_word' id='word_1_300' title='bbox 1496 4710 1565 4774; x_wconf 70' lang='grc' dir='ltr'>ιίιὶιι</span> <span class='ocrx_word' id='word_1_301' title='bbox 1586 4712 1768 4790; x_wconf 78' lang='lat' dir='ltr'>comedebas,</span> <span class='ocrx_word' id='word_1_302' title='bbox 1791 4712 1876 4778; x_wconf 90' lang='lat' dir='ltr'>Mer·</span> 
     </span>
     <span class='ocr_line' id='line_1_37' title="bbox 684 4816 1673 4901; baseline 0 -21"><span class='ocrx_word' id='word_1_303' title='bbox 684 4820 793 4880; x_wconf 88' lang='lat' dir='ltr'>curius</span> <span class='ocrx_word' id='word_1_304' title='bbox 817 4820 972 4900; x_wconf 88' lang='lat' dir='ltr'>queritur.</span> <span class='ocrx_word' id='word_1_305' title='bbox 998 4818 1039 4880; x_wconf 75' lang='lat' dir='ltr'>nt</span> <span class='ocrx_word' id='word_1_306' title='bbox 1062 4817 1170 4898; x_wconf 78' lang='lat' dir='ltr'>optimo</span> <span class='ocrx_word' id='word_1_307' title='bbox 1193 4817 1311 4901; x_wconf 77' lang='lat' dir='ltr'>quidem</span> <span class='ocrx_word' id='word_1_308' title='bbox 1334 4816 1400 4880; x_wconf 80' lang='lat' dir='ltr'>iare</span> <span class='ocrx_word' id='word_1_309' title='bbox 1425 4854 1468 4865; x_wconf 97' lang='lat'>—</span> <span class='ocrx_word' id='word_1_310' title='bbox 1493 4818 1539 4881; x_wconf 88' lang='lat' dir='ltr'>ait</span> <span class='ocrx_word' id='word_1_311' title='bbox 1562 4816 1673 4883; x_wconf 84' lang='lat' dir='ltr'>Oario:</span> 
     </span>
     <span class='ocr_line' id='line_1_38' title="bbox 914 4921 1647 5004; baseline 0.001 -18"><span class='ocrx_word' id='word_1_312' title='bbox 914 4924 947 4987; x_wconf 85' lang='grc' dir='ltr'><strong>σύ</strong></span> <span class='ocrx_word' id='word_1_313' title='bbox 972 4924 1035 5002; x_wconf 73' lang='grc' dir='ltr'>γὰρ</span> <span class='ocrx_word' id='word_1_314' title='bbox 1057 4931 1206 5004; x_wconf 79' lang='grc' dir='ltr'>μετεῖχες</span> <span class='ocrx_word' id='word_1_315' title='bbox 1231 4924 1290 4993; x_wconf 75' lang='grc' dir='ltr'>τὰς</span> <span class='ocrx_word' id='word_1_316' title='bbox 1314 4921 1384 4994; x_wconf 73' lang='lat' dir='ltr'>icae</span> <span class='ocrx_word' id='word_1_317' title='bbox 1408 4924 1537 5001; x_wconf 75' lang='grc' dir='ltr'><strong><em>τλιιχιὶς</em></strong></span> <span class='ocrx_word' id='word_1_318' title='bbox 1562 4922 1647 5001; x_wconf 62' lang='lat' dir='ltr'>dael,</span> 
     </span>
    </p>
   </div>
   <div class='ocr_carea' id='block_1_4' title="bbox 0 0 2568 6150">
    <p class='ocr_par' dir='ltr' id='par_1_8' title="bbox 0 0 2568 6150">
     <span class='ocr_line' id='line_1_39' title="bbox 0 0 2568 6150; baseline 0 0"><span class='ocrx_word' id='word_1_319' title='bbox 0 0 2568 6150; x_wconf 95' lang='lat' dir='ltr'> </span> 
     </span>
    </p>
   </div>
  </div>
 </body>
</html>
