5125 6150
1103 844 1270 891 nrorrnrs.
1717 823 1782 889 277

581 1008 686 1073 lateat
710 1028 813 1093 neque
835 1007 1024 1094 Madvigius
1048 1010 1186 1092 reperire
1209 1010 1317 1093 potuit
1340 1014 1372 1072 et
1395 1029 1454 1093 ego
1479 1007 1534 1072 diu
1554 1008 1674 1072 frustra
1693 1028 1785 1092 quee-

584 1112 685 1178 sivi.''
722 1149 761 1160 -
795 1112 882 1192 Quae
906 1114 993 1178 hisee
1017 1113 1228 1177 duumvirum
1252 1115 1351 1197 eopiis
1375 1113 1488 1178 addere
1511 1135 1660 1198 possum,
1684 1134 1785 1198 peuce

585 1225 674 1284 sunt.
701 1218 818 1284 Videor
841 1218 918 1284 olim
943 1219 1044 1284 olium
1063 1225 1225 1304 praeterea
1244 1219 1352 1284 locum
1372 1223 1406 1283 in
1427 1219 1594 1284 Plutarchi
1605 1219 1785 1284 Moralibus

585 1327 767 1400 invenisse,
791 1327 847 1389 ubi
871 1326 982 1390 eadem
1006 1325 1125 1390 locutio
1148 1324 1344 1389 restituenda
1367 1329 1432 1402 est,
1453 1324 1508 1390 sed
1528 1325 1672 1390 multum
1693 1345 1786 1409 quae-

586 1452 660 1496 rens
692 1431 748 1494 ubi
773 1429 902 1515 legetur
926 1433 1122 1517 investigare
1145 1452 1207 1494 non
1231 1433 1333 1515 potui.
1357 1430 1453 1516 Apud
1477 1430 1614 1496 Dionem
1638 1428 1784 1496 cassium

588 1535 650 1599 XL
676 1534 737 1599 18:
764 1536 795 1606 ἒς
819 1536 870 1600 τθν
894 1536 1036 1613 ποταμὸν
1057 1537 1119 1601 οὶτθ
1139 1544 1195 1609 τῆς
1214 1536 1358 1616 γεφύρας
1383 1537 1628 1616 τεριτρατὲν
1649 1535 1785 1612 ένέτεσε,

588 1641 675 1707 haud
709 1643 787 1705 eatis
819 1644 883 1706 seio
915 1663 955 1706 en
987 1643 1083 1706 verbe
1112 1641 1151 1706 ad
1176 1641 1309 1706 eandem
1331 1663 1478 1706 normam
1502 1640 1685 1725 refingende
1710 1643 1784 1705 sint.

588 1745 652 1810 Sed
675 1748 710 1808 in
735 1744 869 1811 Luciani
893 1747 980 1824 loeo,
1005 1769 1022 1812 a
1047 1769 1109 1832 quo
1136 1747 1216 1812 hane
1244 1747 1494 1832 disputationem
1526 1749 1630 1812 exorsi
1662 1768 1784 1822 sumus,

586 1853 726 1916 minime
757 1853 888 1938 ambigo
911 1855 988 1937 quin
1013 1852 1217 1917 scribendum
1241 1854 1300 1917 sit:
1327 1854 1368 1917 τοὶ
1393 1853 1534 1932 μετέωρα
1558 1851 1649 1932 τερ)
1675 1852 1785 1917 noire

588 1955 774 2035 θγαγθντα.

634 2158 736 2244 527:
768 2159 852 2225 οὐδέν
882 2184 913 2224 τι
944 2161 1198 2240 τεριτρέψας
1225 2161 1304 2224 ἀλλ’
1337 2161 1386 2224 ἔτ’
1419 2162 1519 2225 αὐτῶν
1548 2168 1607 2227 τῶν
1630 2163 1785 2239 θνομοὶταν

590 2290 625 2330 τε
648 2266 702 2330 καὶ
728 2267 874 2345 ρἰρμθτοον
898 2268 968 2343 ὑμῖν
992 2265 1195 2342 οἱναλέξομαι.
1220 2266 1325 2352 Lege:
1351 2267 1634 2347 παρατρέψας.

634 2483 728 2569 536.
762 2483 914 2569 Appellat
944 2487 1080 2570 scriptor
1108 2486 1255 2570 quisquis
1278 2483 1335 2549 ille
1358 2486 1422 2549 fuit
1445 2486 1496 2550 τὸν
1519 2485 1610 2568 ζῆλον
1633 2492 1691 2550 τῶν
1715 2496 1786 2551 Μα-

590 2592 696 2669 ραθῶνι
731 2592 783 2656 καὶ
822 2600 1034 2668 Σαλαμῖνι
1077 2590 1360 2669 κατειργασμένων.
1404 2591 1566 2657 Adverbia
1601 2592 1784 2671 Μαραθῶνι,

589 2699 764 2774 Ἐλευσῖνι,
797 2703 872 2762 cett.
905 2701 982 2762 setis
1014 2703 1088 2762 nota
1120 2702 1210 2773 sunt,
1236 2696 1274 2761 de
1300 2697 1416 2781 quibus
1441 2704 1512 2764 tum
1536 2698 1592 2763 alii
1616 2698 1783 2776 dixerunt,

588 2810 663 2867 tum
696 2801 836 2869 Oobetus
869 2803 939 2867 Vor.
971 2804 1053 2867 liert.
1084 2825 1115 2887 p.
1140 2802 1203 2866 201
1231 2807 1263 2865 et
1288 2803 1319 2865 έν
1342 2804 1384 2883 τῷ
1408 2804 1502 2884 λογίῳ
1528 2804 1626 2884 Ἐρμῇ
1650 2826 1681 2888 p.
1707 2802 1783 2867 242.

588 2906 711 2975 Contra
737 2917 896 2985 Σαλαμῖνι
922 2930 1050 2993 perraro
1073 2911 1254 2973 invenitur:
1279 2915 1344 2975 tres
1367 2908 1452 2974 locos
1473 2913 1565 2987 novi,
1588 2930 1785 2994 quamquam

588 3015 629 3082 ad
654 3036 727 3080 eam
748 3036 815 3081 rem
836 3036 892 3101 per
913 3015 1033 3080 multos
1052 3036 1151 3080 annos
1171 3014 1378 3080 attenderim:
1400 3015 1567 3082 Demosth.
1588 3014 1714 3103 Symm.
1729 3016 1783 3092 30,

589 3120 720 3186 Platon.
752 3121 880 3186 Menon.
910 3143 940 3206 p.
966 3121 1073 3186 245A
1104 3128 1136 3186 et
1166 3142 1241 3185 eum
1266 3142 1362 3205 quem
1386 3122 1438 3186 hie
1461 3124 1645 3187 invenimus
1669 3126 1702 3186 in
1726 3121 1786 3187 De·

589 3227 769 3291 mosthenis
792 3227 956 3291 Encomio
989 3225 1038 3293 Of.
1062 3228 1174 3291 Μινονι.
1201 3225 1289 3292 1882
1312 3248 1343 3311 p.
1369 3226 1445 3292 364.
1481 3228 1598 3292 Itidem
1624 3237 1783 3305 Σαλαμῖνι

589 3331 722 3396 videtur
752 3333 891 3397 inveniri
922 3334 956 3395 in
987 3333 1193 3416 inscriptione
1225 3336 1353 3396 vetusta
1383 3330 1457 3399 0.1.
1472 3335 1510 3396 A.
1543 3331 1597 3397 IV.
1624 3335 1640 3398 1
1667 3355 1697 3418 p.
1723 3331 1784 3398 57:

587 3438 682 3501 οἰκεῖν
718 3437 771 3502 έοῖν
809 3444 987 3513 Σαλαμῖνι,
1031 3437 1070 3502 ef.
1105 3437 1247 3502 Iudeieh.
1283 3437 1439 3504 Mittheil.
1478 3438 1641 3504 Archaeol.
1674 3438 1779 3503 Instit.

589 3542 709 3609 Athen.
735 3543 832 3607 Abth.
858 3541 967 3606 XXIV
989 3565 1020 3628 p.
1047 3541 1123 3607 321.

638 3745 656 3828 ξ
677 3743 731 3808 43.
763 3742 871 3809 Stulte
896 3744 1020 3809 editur:
1052 3745 1103 3809 καὶ
1129 3749 1218 3821 ἡμεῖς
1243 3747 1268 3809 οῖ
1294 3746 1470 3819 τεθεαμένοι
1496 3748 1680 3825 διαφέρομεν
1703 3750 1786 3811 οὐδὲν

591 3849 743 3926 ὶατλθξεν
777 3874 812 3914 τε
845 3850 897 3914 καὶ
933 3850 1047 3933 οῖτιςῖρο
1069 3858 1127 3916 τῶν
1150 3853 1290 3928 θρθντον.
1315 3852 1555 3938 supplendum:
1580 3856 1605 3919 οἱ
1631 3854 1786 3936 (ἐγγὺς)

590 3955 771 4031 τεθεαμένοι
798 3992 840 4003 -
863 3962 922 4019 τῶν
945 3955 1007 4035 (σθ
1014 3980 1029 4037 ρ
1037 3957 1166 4037 ροιθεν)
1191 3957 1330 4037 θριθντιον.

639 4175 658 4257 §
678 4172 732 4238 46.
765 4175 990 4240 Demosthenis
1013 4182 1173 4261 postrema
1197 4147 1260 4241 vox
1285 4183 1349 4241 est:
1376 4177 1407 4239 οὐ
1433 4176 1701 4256 καταισχύνω
1725 4178 1785 4248 τοὶς

589 4277 736 4350 Ἀθήνας.
761 4278 951 4364 Requiritur
974 4282 1125 4345 futurum
1149 4287 1425 4360 καταισχυνῶ.
1449 4280 1572 4345 Eodem
1592 4281 1688 4346 modo
1708 4281 1787 4344 Her·

590 4389 674 4449 mot.
701 4383 744 4448 84
769 4388 905 4450 correxit
928 4387 1122 4451 Fritzschius
1146 4387 1274 4467 Quaest.
1300 4386 1431 4451 Lucien.
1456 4409 1486 4472 p.
1514 4387 1589 4451 165.

637 4601 738 4687 §472
773 4602 966 4681 Δημοσθένης
996 4603 1028 4668 δέ
1052 4606 1243 4683 εὐσχήμονος
1266 4603 1399 4668 θανοθτοο
1424 4604 1491 4679 βίον
1514 4613 1665 4684 προκρινεῖ
1686 4606 1787 4684 doxi-

590 4732 673 4786 μονα
704 4714 763 4773 τῶν
795 4711 993 4788 Ξενονρθτοος
1027 4710 1078 4773 καὶ
1111 4709 1277 4781 Πλάτωνος
1312 4710 1384 4787 ὑπὲρ
1416 4711 1649 4784 ἀθανασίας
1685 4711 1786 4786 λθναν

591 4812 812 4893 ἐκλαθόμενος
847 4815 968 4881 Immo:
1002 4816 1074 4894 ὑπὲρ
1107 4816 1370 4887 εὐθανασθας.
1403 4815 1551 4881 Solemus
1583 4817 1641 4881 hoe
1664 4818 1785 4881 vitium

590 4926 650 4985 est.
682 4920 819 5005 Legitur
841 4923 875 4986 in
900 4921 1050 4987 Vaticano
1075 4920 1283 5007 palimpsesto
1307 4920 1437 5008 Polybii
1459 4942 1489 5005 p.
1517 4920 1569 4987 79.
1584 4920 1627 4985 32
1653 4921 1784 5008 Heysii:

1607 5048 1638 5095 ιν
