5125 6150
1098 819 1273 869 mouserot.
1713 804 1778 871 235

588 997 640 1057 τοῦ
664 990 822 1070 μιγοὶροιι;
847 984 1146 1053 commemorandus
1169 989 1254 1050 enim
1278 992 1347 1051 erat
1370 985 1512 1064 θάλαμος
1527 987 1560 1067 ¹).
1584 988 1667 1053 Nam
1688 994 1781 1073 poeta

589 1101 643 1184 qui
667 1097 734 1162 Iter
756 1094 940 1162 Telemachi
960 1094 1075 1157 cecinit
1096 1113 1268 1176 quamnam
1289 1092 1417 1157 aedium
1436 1099 1558 1177 partem
1578 1097 1780 1180 cogitaverit,

588 1203 810 1289 intellegimus
841 1200 957 1267 collato
988 1198 1098 1263 Iliadis
1120 1197 1190 1263 loco
1213 1201 1333 1264 receuti
1356 1199 1546 1277 admodum,
1570 1201 1624 1265 ubi
1648 1200 1781 1267 Hecuba

588 1320 759 1396 postquam
781 1311 869 1373 iussa
892 1309 998 1371 estin
1023 1305 1188 1370 Minervae
1211 1304 1371 1390 templum
1395 1306 1475 1370 ferre

770 1415 898 1490 sistor,
924 1408 941 1475 d
962 1435 999 1475 ιοι
1026 1411 1118 1475 δοκέει
1143 1411 1349 1490 χαριέστατος
1372 1412 1422 1487 ἠδὲ
1446 1410 1594 1488 μέγιστοι

772 1520 880 1598 ἔμμεν·
905 1518 960 1582 ἑνὶ
985 1516 1201 1598 μακάρι’),

589 1627 752 1694 descendit
775 1628 831 1695 sic
856 1625 1043 1700 etiaim
1067 1624 1220 1701 andraeas,

771 1731 839 1797 ἔνθα
863 1734 885 1796 ι’
910 1729 984 1794 ἔσαν
1008 1730 1122 1795 πέπλοι
1146 1730 1349 1807 παμποίκιλοι
1366 1728 1401 1809 ³).

589 1839 744 1906 Videmus
768 1842 872 1926 igitur
894 1839 1074 1923 promiscue
1097 1835 1165 1901 illio
1187 1844 1357 1923 usurpatas
1381 1858 1448 1902 esee
1471 1858 1563 1903 voces
1585 1837 1722 1920 μέγαρον
1746 1847 1779 1907 et

587 1947 740 2022 θάλαμον,
777 1949 845 2011 sive
877 1947 979 2030 ipsius
1009 1948 1121 2030 poetae
1152 1943 1255 2029 culpa,
1288 1946 1356 2008 sive
1386 1944 1552 2028 postmodo
1576 1946 1636 2011 hoc
1658 1950 1777 2012 vitium

584 2055 725 2138 irrepsit.
758 2050 864 2116 Facile
895 2053 982 2115 enim
1013 2053 1120 2135 potuit
1150 2049 1219 2114 fieri
1242 2056 1279 2113 ut
1301 2048 1438 2114 alterum
1461 2071 1518 2136 pro
1542 2050 1642 2118 altero
1666 2055 1780 2119 substi-

587 2165 735 2225 tueretur
766 2179 881 2222 nomen
895 2155 931 2235 ⁴),
961 2163 993 2220 et
1016 2154 1076 2220 loci
1100 2177 1196 2241 quem
1218 2154 1313 2221 modo
1337 2154 1433 2220 attuli
1456 2158 1552 2222 verba
1576 2160 1682 2223 minus
1705 2167 1780 2224 suut

586 2274 690 2342 certa;
717 2286 791 2329 nam
816 2284 926 2329 versus

771 2371 849 2444 αὐτὴ
875 2369 901 2432 δ’
926 2368 968 2438 εἷο
993 2371 1134 2442 θάλαμον
1157 2366 1352 2443 κατεβήσετο
1375 2369 1513 2442 κηώεντα

586 2475 683 2543 lectio
707 2475 807 2541 altera
831 2475 1014 2541 Aristarcho
1037 2481 1112 2540 uota
1134 2481 1202 2540 erat
1224 2481 1257 2539 et
1280 2475 1373 2540 hodie
1390 2478 1422 2539 in
1444 2476 1654 2543 Ambrosiano
1674 2482 1778 2543 extat:

772 2579 789 2657 ἢ
814 2582 841 2645 δ’
864 2581 907 2651 εἷς
932 2589 1024 2645 raison
1048 2583 1136 2646 ἰοῦσα
1161 2583 1333 2661 παρίστατο
1358 2589 1560 2662 φαμαμοῒοι,

585 2686 690 2753 nihilo
711 2696 818 2753 tamen
838 2686 896 2752 illa
915 2686 1029 2752 melior
1048 2709 1145 2772 quam
1164 2695 1213 2752 est
1232 2687 1382 2773 vulgata,
1402 2691 1504 2755 immo
1517 2688 1620 2755 multo
1634 2690 1778 2757 deterior.

585 2795 661 2861 Non
686 2798 772 2860 enim
795 2794 829 2858 id
850 2792 996 2878 displicet
1015 2793 1098 2879 quod
1117 2815 1134 2858 e
1155 2792 1295 2859 thalamo
1315 2797 1383 2859 sive
1403 2794 1482 2860 cella
1502 2797 1653 2877 ὑψερεφεῖ
1668 2801 1779 2885 regina

586 2903 671 2986 petit
701 2908 824 2965 vestem
854 2902 1045 2985 pretiosam,
1072 2936 1114 2948 -
1139 2901 1239 2964 immo
1272 2902 1364 2965 unice
1394 2906 1468 2986 apta
1499 2903 1551 2967 hic
1580 2909 1629 2967 est
1657 2907 1778 2970 mentio

587 3012 642 3071 τοῦ
677 3007 832 3084 θαλάμου,
858 3004 980 3070 -sed
1010 3004 1095 3091 quod
1124 3003 1261 3087 μέγαρον
1289 3004 1345 3071 ille
1377 3006 1539 3072 thalamus
1570 3016 1702 3076 vocatus
1732 3015 1780 3077 est

584 3120 688 3178 antea.
730 3112 840 3179 Altera
870 3119 978 3177 autem
1012 3110 1107 3177 lectio
1138 3115 1224 3177 nasci
1248 3119 1319 3177 tum
1343 3113 1473 3178 demum
1498 3118 1603 3200 potuit
1626 3138 1700 3181 cum
1722 3139 1779 3204 pu·

586 3221 700 3285 tabant
723 3220 868 3285 homines
891 3220 988 3284 verba
1012 3216 1137 3283 ιοῒκοοδε
1161 3217 1262 3295 ἴμεναι
1285 3222 1319 3284 in
1344 3241 1397 3285 ore
1417 3222 1593 3304 priscorum
1611 3231 1778 3307 poetarum

556 3331 560 3336 “
586 3347 652 3390 uon
688 3325 793 3390 solum
828 3328 941 3389 άοιιιιιοι
968 3326 1013 3388 irc
1044 3324 1238 3412 significasse
1269 3325 1324 3390 sed
1356 3328 1453 3391 etiam
1483 3330 1624 3413 potuisse
1654 3329 1717 3395 dici
1741 3330 1778 3396 de

588 3430 726 3496 muliere
746 3452 826 3516 quae
843 3435 988 3497 virorum
1005 3431 1146 3496 conclavi
1157 3430 1267 3496 relicto
1280 3453 1376 3496 suum
1390 3437 1512 3517 peteret
1523 3433 1707 3500 cubiculum
1713 3457 1721 3515 ;
1736 3472 1779 3487 --

586 3558 665 3602 nam
687 3535 739 3601 hic
759 3558 885 3622 quoque
903 3558 991 3602 error
1009 3539 1218 3621 quantumvis
1237 3544 1366 3623 apertus
1385 3540 1419 3602 in
1432 3537 1610 3625 complures
1623 3539 1779 3628 Odysseae

586 3641 677 3709 locos
700 3646 829 3729 irrepsit
842 3644 878 3720 ⁵).

626 3890 653 3949 l)
671 3888 738 3937 ldem
756 3887 843 3937 sitium
860 3902 959 3950 agnosco
978 3886 1001 3935 io
1020 3901 1088 3935 versu
1106 3885 1230 3935 simillimo
1247 3886 1261 3950 ξ
1271 3886 1320 3935 ³26
1341 3908 1365 3929 =
1386 3887 1473 3938 etas:

844 3967 909 4017 daca
927 3984 963 4016 ses
981 3965 1006 4016 is
1024 3966 1125 4029 μεγάρῳ
1142 3966 1260 4027 κειμήλια
1278 3967 1354 4017 ’seire
1371 3967 1502 4026 ιτάνακτος.

587 4056 646 4119 Quo
665 4054 716 4101 loco
734 4052 758 4100 in
776 4051 894 4116 plerisque
911 4066 966 4100 sanc
983 4050 1101 4100 codicibus
1114 4055 1149 4099 cet
1164 4050 1265 4115 pluralis
1279 4047 1305 4099 ia
1319 4049 1451 4113 μεγάροις,
1465 4052 1491 4100 is
1504 4054 1606 4110 sedibus,
1620 4055 1660 4102 sed
1674 4058 1779 4121 optimus

587 4136 658 4185 testis
676 4137 698 4183 G
715 4132 809 4182 exhibet
827 4132 971 4197 singularem
988 4148 1058 4197 quem
1076 4132 1151 4197 poscit
1168 4148 1206 4181 srs
1222 4133 1377 4196 grsmmstics
1393 4133 1449 4194 (rid.
1468 4149 1539 4197 capra
1554 4150 1576 4199 p.
1596 4135 1653 4195 stt,
1664 4137 1694 4198 l).

627 4219 655 4278 2)
674 4222 691 4263 z
709 4218 791 4279 Otlsq.
816 4235 839 4257 =
861 4215 908 4266 271
927 4230 961 4278 sq.

626 4302 654 4358 8)
672 4298 733 4347 lhid.
751 4313 784 4345 vs.
802 4298 860 4347 288.

623 4384 652 4438 4)
673 4377 724 4427 vid.
747 4394 767 4426 c.
785 4394 807 4441 g.
831 4378 901 4427 lectio
918 4377 995 4426 alters
1012 4394 1024 4437 ι
1042 4378 1091 4426 506
1109 4377 1145 4426 rel
1163 4377 1183 4436 ψ
1201 4377 1256 4428 178.
1278 4377 1329 4426 Dici
1347 4381 1427 4427 autem
1445 4379 1549 4442 potuisse
1566 4380 1677 4430 κείσεται
1695 4382 1720 4432 ἦν
1737 4384 1780 4434 ta-

590 4460 666 4520 λέμου
690 4460 726 4509 rel
745 4463 771 4508 ds
789 4458 893 4520 iussisses
911 4458 998 4507 saletos
1017 4460 1134 4523 Odysseae
1151 4460 1210 4517 loco,
1229 4467 1252 4508 et
1269 4461 1375 4520 ’ίμμοναι
1393 4456 1418 4508 ἒν
1437 4459 1542 4523 θαλάμῳ
1561 4463 1585 4512 iu
1602 4464 1684 4524 Iliade.
1702 4468 1781 4532 quivis

587 4544 668 4600 sidet;
692 4542 732 4612 sed
756 4557 832 4606 aeque
855 4541 892 4589 his
914 4542 1058 4590 coniecturis
1079 4542 1209 4605 quidquam
1231 4541 1312 4591 tribuo
1334 4542 1443 4605 equidem
1467 4558 1543 4608 acque
1560 4545 1619 4594 scire
1637 4563 1780 4616 magnopere

587 4625 673 4675 lsbcro
690 4623 744 4688 quis
760 4624 854 4687 quando
871 4623 957 4672 vitium
974 4622 1120 4672 commiserit
1136 4624 1199 4688 quod
1219 4622 1332 4681 iudicari,
1351 4624 1371 4672 si
1389 4625 1458 4674 modo
1477 4625 1563 4675 vitium
1579 4642 1629 4677 esse
1646 4631 1760 4683 evincsm.

625 4710 653 4770 ὅ)
673 4706 725 4755 vid.
744 4708 826 4767 0350
844 4709 868 4754 et
886 4707 946 4763 Βοὴ
970 4721 1017 4769 quc
1036 4705 1087 4754 loco
1104 4709 1131 4755 ut
1148 4707 1198 4755 roci
1216 4705 1250 4760 sle
1267 4708 1347 4755 seinos
1361 4722 1430 4757 suum
1448 4724 1543 4759 seusam
1560 4709 1673 4761 tribuerit
1689 4715 1780 4779 priscus

588 4794 674 4856 pcets.
698 4804 758 4852 quae
782 4787 921 4837 liirchhollii
945 4792 981 4836 est
1004 4787 1141 4838 coniectura
1158 4787 1299 4853 probabilis,
1315 4791 1340 4840 irs
1358 4796 1440 4841 nostre
1457 4796 1536 4841 tameu
1555 4794 1662 4857 Odyssea
1678 4796 1779 4850 sheurds

589 4882 637 4930 est,
664 4871 778 4935 quoniam
800 4870 825 4918 ia
848 4870 906 4935 ipsis
929 4868 1026 4919 scdibm
1042 4896 1076 4907 -
1094 4875 1120 4920 ut
1139 4886 1201 4919 nunc
1218 4870 1289 4920 hehet
1305 4887 1399 4921 carmen
1420 4901 1448 4910 -
1467 4874 1511 4923 hoc
1527 4877 1642 4939 temporis
1659 4886 1778 4932 momento

590 4954 681 5003 rerssei
698 4953 797 5016 tingitur
809 4951 934 5018 Penelope.
949 4952 984 5000 Ol.
1000 4952 1072 5001 etism
1088 4950 1203 5022 limet
1217 4952 1233 5001 l.
1243 4968 1264 5002 s.
1278 4970 1296 5001 οι
1306 4954 1354 5002 860
1369 4952 1507 5013 θάλαμόνδι
1518 4972 1561 5020 pro
1572 4957 1657 5006 vitioso
1666 4962 1781 5013 νοῖκὸνδο.
