<?xml version="1.0" encoding="UTF-8"?>
<!DOCTYPE html PUBLIC "-//W3C//DTD XHTML 1.0 Transitional//EN"
    "http://www.w3.org/TR/xhtml1/DTD/xhtml1-transitional.dtd">
<html xmlns="http://www.w3.org/1999/xhtml" xml:lang="en" lang="en">
 <head>
  <title>
</title>
<meta http-equiv="Content-Type" content="text/html;charset=utf-8" />
  <meta name='ocr-system' content='tesseract 3.04.00' />
  <meta name='ocr-capabilities' content='ocr_page ocr_carea ocr_par ocr_line ocrx_word'/>
</head>
<body>
  <div class='ocr_page' id='page_1' title='image "./mnemosyne04verdgoog_0565.png"; bbox 0 0 5125 6150; ppageno 0'>
   <div class='ocr_carea' id='block_1_1' title="bbox 1180 821 1591 871">
    <p class='ocr_par' dir='ltr' id='par_1_1' title="bbox 1180 821 1591 871">
     <span class='ocr_line' id='line_1_1' title="bbox 1180 821 1591 871; baseline 0.005 -2"><span class='ocrx_word' id='word_1_1' title='bbox 1180 821 1223 869; x_wconf 73' lang='lat' dir='ltr'><strong>AD</strong></span> <span class='ocrx_word' id='word_1_2' title='bbox 1246 821 1477 871; x_wconf 70' lang='lat' dir='ltr'><strong>semiorum</strong></span> <span class='ocrx_word' id='word_1_3' title='bbox 1498 822 1591 871; x_wconf 70' lang='lat' dir='ltr'><strong>Affl-</strong></span> 
     </span>
    </p>
   </div>
   <div class='ocr_carea' id='block_1_2' title="bbox 794 986 1989 1699">
    <p class='ocr_par' dir='ltr' id='par_1_2' title="bbox 1112 986 1588 1066">
     <span class='ocr_line' id='line_1_2' title="bbox 1112 986 1588 1066; baseline -0.002 -14"><span class='ocrx_word' id='word_1_4' title='bbox 1112 986 1266 1052; x_wconf 75' lang='grc' dir='ltr'><strong><em>Μνυσνὶνν</em></strong></span> <span class='ocrx_word' id='word_1_5' title='bbox 1290 986 1426 1065; x_wconf 69' lang='grc' dir='ltr'><strong><em>θεράπων</em></strong></span> <span class='ocrx_word' id='word_1_6' title='bbox 1450 987 1588 1066; x_wconf 65' lang='grc' dir='ltr'><strong>ὀτρηρός,</strong></span> 
     </span>
    </p>

    <p class='ocr_par' dir='ltr' id='par_1_3' title="bbox 794 1092 1989 1699">
     <span class='ocr_line' id='line_1_3' title="bbox 1114 1092 1444 1171; baseline 0.006 -16"><span class='ocrx_word' id='word_1_7' title='bbox 1114 1094 1198 1156; x_wconf 66' lang='grc' dir='ltr'><strong>κατὰ</strong></span> <span class='ocrx_word' id='word_1_8' title='bbox 1222 1094 1274 1157; x_wconf 70' lang='grc' dir='ltr'><strong>τὸν</strong></span> <span class='ocrx_word' id='word_1_9' title='bbox 1295 1092 1444 1171; x_wconf 74' lang='grc' dir='ltr'><strong><em>Ὅμηρον.</em></strong></span> 
     </span>
     <span class='ocr_line' id='line_1_4' title="bbox 797 1195 1989 1282; baseline 0.006 -21"><span class='ocrx_word' id='word_1_10' title='bbox 797 1198 899 1263; x_wconf 82' lang='lat' dir='ltr'><strong>Verba</strong></span> <span class='ocrx_word' id='word_1_11' title='bbox 924 1197 1031 1274; x_wconf 66' lang='lat' dir='ltr'><strong>„nard</strong></span> <span class='ocrx_word' id='word_1_12' title='bbox 1055 1197 1106 1261; x_wconf 80' lang='grc' dir='ltr'><strong>τὸν</strong></span> <span class='ocrx_word' id='word_1_13' title='bbox 1126 1195 1286 1275; x_wconf 74' lang='grc' dir='ltr'><strong><em>’ομνρνν”</em></strong></span> <span class='ocrx_word' id='word_1_14' title='bbox 1311 1202 1436 1282; x_wconf 90' lang='lat' dir='ltr'><strong>optimo</strong></span> <span class='ocrx_word' id='word_1_15' title='bbox 1459 1201 1529 1263; x_wconf 87' lang='lat' dir='ltr'><strong>iure</strong></span> <span class='ocrx_word' id='word_1_16' title='bbox 1552 1196 1672 1263; x_wconf 79' lang='lat' dir='ltr'><strong>delevit</strong></span> <span class='ocrx_word' id='word_1_17' title='bbox 1695 1220 1758 1264; x_wconf 80' lang='lat' dir='ltr'><strong>run</strong></span> <span class='ocrx_word' id='word_1_18' title='bbox 1780 1199 1989 1282; x_wconf 84' lang='lat' dir='ltr'><strong>Herwerden,</strong></span> 
     </span>
     <span class='ocr_line' id='line_1_5' title="bbox 794 1303 1989 1390; baseline 0.004 -22"><span class='ocrx_word' id='word_1_19' title='bbox 794 1325 872 1368; x_wconf 84' lang='lat' dir='ltr'><strong>usus</strong></span> <span class='ocrx_word' id='word_1_20' title='bbox 893 1306 1129 1380; x_wconf 82' lang='lat' dir='ltr'><strong>observatione,</strong></span> <span class='ocrx_word' id='word_1_21' title='bbox 1151 1325 1231 1389; x_wconf 84' lang='lat' dir='ltr'><strong>quae</strong></span> <span class='ocrx_word' id='word_1_22' title='bbox 1251 1307 1284 1368; x_wconf 92' lang='lat' dir='ltr'><strong>in</strong></span> <span class='ocrx_word' id='word_1_23' title='bbox 1304 1305 1411 1369; x_wconf 91' lang='lat' dir='ltr'><strong>codice</strong></span> <span class='ocrx_word' id='word_1_24' title='bbox 1430 1304 1459 1368; x_wconf 87' lang='lat' dir='ltr'><strong>B</strong></span> <span class='ocrx_word' id='word_1_25' title='bbox 1479 1304 1638 1389; x_wconf 81' lang='lat' dir='ltr'><strong>adscripta</strong></span> <span class='ocrx_word' id='word_1_26' title='bbox 1655 1303 1778 1390; x_wconf 79' lang='lat' dir='ltr'><strong>legitur</strong></span> <span class='ocrx_word' id='word_1_27' title='bbox 1789 1310 1896 1371; x_wconf 84' lang='lat' dir='ltr'><strong>versui</strong></span> <span class='ocrx_word' id='word_1_28' title='bbox 1910 1307 1989 1386; x_wconf 82' lang='grc'><strong>914,</strong></span> 
     </span>
     <span class='ocr_line' id='line_1_6' title="bbox 796 1407 1989 1491; baseline 0.003 -17"><span class='ocrx_word' id='word_1_29' title='bbox 796 1411 853 1474; x_wconf 92' lang='lat' dir='ltr'><strong>ubi</strong></span> <span class='ocrx_word' id='word_1_30' title='bbox 875 1432 911 1474; x_wconf 84' lang='lat' dir='ltr'><strong>eu</strong></span> <span class='ocrx_word' id='word_1_31' title='bbox 935 1411 1030 1475; x_wconf 82' lang='lat' dir='ltr'><strong>verbe</strong></span> <span class='ocrx_word' id='word_1_32' title='bbox 1053 1409 1204 1475; x_wconf 83' lang='lat' dir='ltr'><strong>redeunt:</strong></span> <span class='ocrx_word' id='word_1_33' title='bbox 1228 1407 1382 1487; x_wconf 58' lang='lat' dir='ltr'><strong>„veens</strong></span> <span class='ocrx_word' id='word_1_34' title='bbox 1401 1434 1479 1481; x_wconf 75' lang='grc' dir='ltr'><strong><em>τινες</em></strong></span> <span class='ocrx_word' id='word_1_35' title='bbox 1499 1409 1638 1474; x_wconf 53' lang='lat' dir='ltr'><strong>vaurd&amp;</strong></span> <span class='ocrx_word' id='word_1_36' title='bbox 1662 1411 1733 1475; x_wconf 84' lang='lat' dir='ltr'><strong>Nisi</strong></span> <span class='ocrx_word' id='word_1_37' title='bbox 1753 1419 1863 1477; x_wconf 85' lang='lat' dir='ltr'><strong>eutem</strong></span> <span class='ocrx_word' id='word_1_38' title='bbox 1881 1413 1989 1491; x_wconf 87' lang='lat' dir='ltr'><strong>folior,</strong></span> 
     </span>
     <span class='ocr_line' id='line_1_7' title="bbox 794 1514 1989 1602; baseline 0.004 -22"><span class='ocrx_word' id='word_1_39' title='bbox 794 1539 857 1581; x_wconf 93' lang='lat' dir='ltr'><strong>non</strong></span> <span class='ocrx_word' id='word_1_40' title='bbox 887 1514 1044 1580; x_wconf 82' lang='lat' dir='ltr'><strong>edilium</strong></span> <span class='ocrx_word' id='word_1_41' title='bbox 1067 1515 1122 1580; x_wconf 89' lang='lat' dir='ltr'><strong>sed</strong></span> <span class='ocrx_word' id='word_1_42' title='bbox 1145 1515 1184 1579; x_wconf 87' lang='lat' dir='ltr'><strong>ed</strong></span> <span class='ocrx_word' id='word_1_43' title='bbox 1206 1530 1353 1580; x_wconf 84' lang='lat' dir='ltr'><strong>nostrum</strong></span> <span class='ocrx_word' id='word_1_44' title='bbox 1378 1514 1486 1580; x_wconf 89' lang='lat' dir='ltr'><strong>locum</strong></span> <span class='ocrx_word' id='word_1_45' title='bbox 1509 1537 1547 1579; x_wconf 86' lang='lat' dir='ltr'><strong>eo</strong></span> <span class='ocrx_word' id='word_1_46' title='bbox 1569 1515 1680 1580; x_wconf 80' lang='lat' dir='ltr'><strong>notula</strong></span> <span class='ocrx_word' id='word_1_47' title='bbox 1704 1521 1859 1602; x_wconf 58' lang='lat' dir='ltr'><strong>pertinen</strong></span> <span class='ocrx_word' id='word_1_48' title='bbox 1885 1520 1989 1585; x_wconf 92' lang='lat' dir='ltr'><strong>nolim</strong></span> 
     </span>
     <span class='ocr_line' id='line_1_8' title="bbox 794 1619 1988 1699; baseline 0.004 -12"><span class='ocrx_word' id='word_1_49' title='bbox 794 1630 878 1688; x_wconf 87' lang='lat' dir='ltr'><strong>certe</strong></span> <span class='ocrx_word' id='word_1_50' title='bbox 902 1625 1001 1687; x_wconf 85' lang='lat' dir='ltr'><strong>etiem</strong></span> <span class='ocrx_word' id='word_1_51' title='bbox 1023 1624 1176 1686; x_wconf 77' lang='lat' dir='ltr'><strong>iteratum</strong></span> <span class='ocrx_word' id='word_1_52' title='bbox 1194 1620 1277 1686; x_wconf 91' lang='lat' dir='ltr'><strong>illud</strong></span> <span class='ocrx_word' id='word_1_53' title='bbox 1299 1623 1384 1686; x_wconf 73' lang='grc' dir='ltr'><strong>κατὰ</strong></span> <span class='ocrx_word' id='word_1_54' title='bbox 1404 1622 1455 1686; x_wconf 77' lang='grc' dir='ltr'><strong>τὸν</strong></span> <span class='ocrx_word' id='word_1_55' title='bbox 1472 1619 1610 1699; x_wconf 74' lang='grc' dir='ltr'><strong><em>Ὅμηρον</em></strong></span> <span class='ocrx_word' id='word_1_56' title='bbox 1629 1636 1757 1688; x_wconf 81' lang='lat' dir='ltr'><strong>auctore</strong></span> <span class='ocrx_word' id='word_1_57' title='bbox 1769 1623 1988 1692; x_wconf 80' lang='lat' dir='ltr'><strong>Herwerdeno</strong></span> 
     </span>
    </p>
   </div>
   <div class='ocr_carea' id='block_1_3' title="bbox 796 1727 1691 1896">
    <p class='ocr_par' dir='ltr' id='par_1_4' title="bbox 796 1727 1691 1896">
     <span class='ocr_line' id='line_1_9' title="bbox 796 1727 919 1794; baseline 0.008 -2"><span class='ocrx_word' id='word_1_58' title='bbox 796 1727 919 1794; x_wconf 90' lang='lat' dir='ltr'><strong>delere:</strong></span> 
     </span>
     <span class='ocr_line' id='line_1_10' title="bbox 1202 1817 1691 1896; baseline 0.004 -14"><span class='ocrx_word' id='word_1_59' title='bbox 1202 1817 1319 1889; x_wconf 74' lang='grc' dir='ltr'><strong><em>πάντες</em></strong></span> <span class='ocrx_word' id='word_1_60' title='bbox 1344 1818 1436 1896; x_wconf 76' lang='grc' dir='ltr'><strong><em>ἐσμὲν</em></strong></span> <span class='ocrx_word' id='word_1_61' title='bbox 1461 1820 1486 1883; x_wconf 84' lang='lat' dir='ltr'><strong>oi</strong></span> <span class='ocrx_word' id='word_1_62' title='bbox 1510 1817 1691 1885; x_wconf 71' lang='grc' dir='ltr'><strong>διδάσκαλον</strong></span> 
     </span>
    </p>
   </div>
   <div class='ocr_carea' id='block_1_4' title="bbox 1112 1923 1606 2111">
    <p class='ocr_par' dir='ltr' id='par_1_5' title="bbox 1112 1923 1606 2111">
     <span class='ocr_line' id='line_1_11' title="bbox 1112 1923 1606 2004; baseline -0.002 -16"><span class='ocrx_word' id='word_1_63' title='bbox 1112 1923 1264 1989; x_wconf 70' lang='grc' dir='ltr'><strong><em>Μουσάων</em></strong></span> <span class='ocrx_word' id='word_1_64' title='bbox 1289 1926 1468 2002; x_wconf 70' lang='grc' dir='ltr'><strong><em>θεράποντες</em></strong></span> <span class='ocrx_word' id='word_1_65' title='bbox 1492 1924 1606 2004; x_wconf 73' lang='grc' dir='ltr'><strong>ὀτρηροὶ</strong></span> 
     </span>
     <span class='ocr_line' id='line_1_12' title="bbox 1113 2027 1442 2111; baseline -0.003 -17"><span class='ocrx_word' id='word_1_66' title='bbox 1113 2030 1197 2094; x_wconf 65' lang='grc' dir='ltr'><strong>κατὰ</strong></span> <span class='ocrx_word' id='word_1_67' title='bbox 1221 2030 1273 2094; x_wconf 70' lang='grc' dir='ltr'><strong>τὸν</strong></span> <span class='ocrx_word' id='word_1_68' title='bbox 1293 2027 1442 2111; x_wconf 76' lang='grc' dir='ltr'><strong><em>Ὅμηρον.</em></strong></span> 
     </span>
    </p>
   </div>
   <div class='ocr_carea' id='block_1_5' title="bbox 790 2255 1989 3809">
    <p class='ocr_par' dir='ltr' id='par_1_6' title="bbox 840 2255 1989 2443">
     <span class='ocr_line' id='line_1_13' title="bbox 840 2255 1989 2341; baseline -0.003 -19"><span class='ocrx_word' id='word_1_69' title='bbox 840 2255 892 2322; x_wconf 84' lang='lat' dir='ltr'><strong>Vs.</strong></span> <span class='ocrx_word' id='word_1_70' title='bbox 914 2256 990 2322; x_wconf 88' lang='grc'><strong>949.</strong></span> <span class='ocrx_word' id='word_1_71' title='bbox 1010 2255 1126 2322; x_wconf 80' lang='lat' dir='ltr'><strong>Poetae</strong></span> <span class='ocrx_word' id='word_1_72' title='bbox 1146 2255 1287 2321; x_wconf 73' lang='lat' dir='ltr'><strong>famelici</strong></span> <span class='ocrx_word' id='word_1_73' title='bbox 1306 2257 1562 2341; x_wconf 84' lang='lat' dir='ltr'><strong>verbecorrupte</strong></span> <span class='ocrx_word' id='word_1_74' title='bbox 1574 2257 1620 2320; x_wconf 87' lang='lat' dir='ltr'><strong>sic</strong></span> <span class='ocrx_word' id='word_1_75' title='bbox 1635 2255 1989 2341; x_wconf 82' lang='lat' dir='ltr'><strong>ednoepervenerunt:</strong></span> 
     </span>
     <span class='ocr_line' id='line_1_14' title="bbox 1493 2361 1692 2443; baseline 0 -17"><span class='ocrx_word' id='word_1_76' title='bbox 1493 2361 1692 2443; x_wconf 70' lang='grc' dir='ltr'><strong>ἀπέρχομαι,</strong></span> 
     </span>
    </p>

    <p class='ocr_par' dir='ltr' id='par_1_7' title="bbox 790 2467 1989 3715">
     <span class='ocr_line' id='line_1_15' title="bbox 977 2467 1753 2548; baseline -0.004 -14"><span class='ocrx_word' id='word_1_77' title='bbox 977 2471 1034 2540; x_wconf 69' lang='grc' dir='ltr'><strong>κάς</strong></span> <span class='ocrx_word' id='word_1_78' title='bbox 1059 2471 1113 2543; x_wconf 66' lang='grc' dir='ltr'><strong>τὴν</strong></span> <span class='ocrx_word' id='word_1_79' title='bbox 1136 2467 1227 2533; x_wconf 69' lang='grc' dir='ltr'><strong><em>πάλιν</em></strong></span> <span class='ocrx_word' id='word_1_80' title='bbox 1249 2469 1311 2548; x_wconf 73' lang='grc' dir='ltr'>(γ’)</span> <span class='ocrx_word' id='word_1_81' title='bbox 1334 2467 1424 2531; x_wconf 73' lang='grc' dir='ltr'><strong><em>ἐλθὼν</em></strong></span> <span class='ocrx_word' id='word_1_82' title='bbox 1448 2468 1561 2541; x_wconf 69' lang='grc' dir='ltr'><strong><em>ποιήσω</em></strong></span> <span class='ocrx_word' id='word_1_83' title='bbox 1585 2469 1647 2548; x_wconf 74' lang='grc' dir='ltr'>(δὴ)</span> <span class='ocrx_word' id='word_1_84' title='bbox 1670 2467 1753 2532; x_wconf 69' lang='grc' dir='ltr'><strong><em>ταδί.</em></strong></span> 
     </span>
     <span class='ocr_line' id='line_1_16' title="bbox 794 2571 1988 2659; baseline -0.003 -18"><span class='ocrx_word' id='word_1_85' title='bbox 794 2575 832 2641; x_wconf 90' lang='lat' dir='ltr'><strong>In</strong></span> <span class='ocrx_word' id='word_1_86' title='bbox 855 2574 984 2641; x_wconf 83' lang='lat' dir='ltr'>scholiis</span> <span class='ocrx_word' id='word_1_87' title='bbox 1007 2575 1161 2638; x_wconf 72' lang='grc' dir='ltr'><strong><em>ἀπελθὼν</em></strong></span> <span class='ocrx_word' id='word_1_88' title='bbox 1183 2573 1316 2659; x_wconf 79' lang='lat' dir='ltr'><strong>legitur.</strong></span> <span class='ocrx_word' id='word_1_89' title='bbox 1340 2571 1402 2637; x_wconf 82' lang='lat' dir='ltr'><strong>Sed</strong></span> <span class='ocrx_word' id='word_1_90' title='bbox 1420 2593 1523 2656; x_wconf 88' lang='lat' dir='ltr'><strong>neque</strong></span> <span class='ocrx_word' id='word_1_91' title='bbox 1541 2576 1726 2638; x_wconf 82' lang='lat' dir='ltr'><strong>trimetrum</strong></span> <span class='ocrx_word' id='word_1_92' title='bbox 1747 2574 1823 2637; x_wconf 82' lang='lat' dir='ltr'><strong>haec</strong></span> <span class='ocrx_word' id='word_1_93' title='bbox 1844 2572 1988 2638; x_wconf 88' lang='lat' dir='ltr'><strong>efficiunt</strong></span> 
     </span>
     <span class='ocr_line' id='line_1_17' title="bbox 794 2679 1989 2768; baseline -0.004 -20"><span class='ocrx_word' id='word_1_94' title='bbox 794 2704 896 2768; x_wconf 90' lang='lat' dir='ltr'><strong>neque</strong></span> <span class='ocrx_word' id='word_1_95' title='bbox 928 2683 1066 2745; x_wconf 80' lang='lat' dir='ltr'><strong>veniendi</strong></span> <span class='ocrx_word' id='word_1_96' title='bbox 1096 2681 1260 2744; x_wconf 80' lang='lat' dir='ltr'><strong>adeundine</strong></span> <span class='ocrx_word' id='word_1_97' title='bbox 1283 2680 1419 2744; x_wconf 82' lang='lat' dir='ltr'><strong>verbum</strong></span> <span class='ocrx_word' id='word_1_98' title='bbox 1441 2679 1505 2744; x_wconf 90' lang='lat' dir='ltr'><strong>huc</strong></span> <span class='ocrx_word' id='word_1_99' title='bbox 1528 2680 1681 2764; x_wconf 85' lang='lat' dir='ltr'><strong>quadrat,</strong></span> <span class='ocrx_word' id='word_1_100' title='bbox 1705 2701 1766 2744; x_wconf 92' lang='lat' dir='ltr'><strong>non</strong></span> <span class='ocrx_word' id='word_1_101' title='bbox 1791 2682 1878 2744; x_wconf 92' lang='lat' dir='ltr'><strong>enim</strong></span> <span class='ocrx_word' id='word_1_102' title='bbox 1902 2690 1989 2766; x_wconf 87' lang='lat' dir='ltr'><strong>post·</strong></span> 
     </span>
     <span class='ocr_line' id='line_1_18' title="bbox 794 2785 1986 2872; baseline -0.003 -20"><span class='ocrx_word' id='word_1_103' title='bbox 794 2789 853 2852; x_wconf 84' lang='lat' dir='ltr'><strong>hec</strong></span> <span class='ocrx_word' id='word_1_104' title='bbox 884 2795 978 2872; x_wconf 89' lang='lat' dir='ltr'><strong>poete</strong></span> <span class='ocrx_word' id='word_1_105' title='bbox 1008 2787 1151 2851; x_wconf 86' lang='lat' dir='ltr'><strong>facturus</strong></span> <span class='ocrx_word' id='word_1_106' title='bbox 1182 2792 1229 2850; x_wconf 91' lang='lat' dir='ltr'><strong>eet</strong></span> <span class='ocrx_word' id='word_1_107' title='bbox 1261 2806 1390 2861; x_wconf 88' lang='lat' dir='ltr'><strong>versus,</strong></span> <span class='ocrx_word' id='word_1_108' title='bbox 1421 2785 1476 2849; x_wconf 89' lang='lat' dir='ltr'><strong>sed</strong></span> <span class='ocrx_word' id='word_1_109' title='bbox 1499 2806 1583 2849; x_wconf 90' lang='lat' dir='ltr'><strong>nunc</strong></span> <span class='ocrx_word' id='word_1_110' title='bbox 1607 2787 1719 2849; x_wconf 85' lang='lat' dir='ltr'><strong>stetim</strong></span> <span class='ocrx_word' id='word_1_111' title='bbox 1742 2785 1986 2849; x_wconf 88' lang='lat' dir='ltr'><strong>subiuncturus.</strong></span> 
     </span>
     <span class='ocr_line' id='line_1_19' title="bbox 794 2889 1988 2975; baseline -0.004 -16"><span class='ocrx_word' id='word_1_112' title='bbox 794 2893 945 2959; x_wconf 83' lang='lat' dir='ltr'><strong>Meineke</strong></span> <span class='ocrx_word' id='word_1_113' title='bbox 965 2896 999 2969; x_wconf 74' lang='grc' dir='ltr'><strong>γ’</strong></span> <span class='ocrx_word' id='word_1_114' title='bbox 1019 2891 1125 2955; x_wconf 76' lang='grc' dir='ltr'><strong><em>ἐθέλων</em></strong></span> <span class='ocrx_word' id='word_1_115' title='bbox 1145 2894 1295 2966; x_wconf 89' lang='lat' dir='ltr'><strong>coniecit,</strong></span> <span class='ocrx_word' id='word_1_116' title='bbox 1315 2891 1388 2955; x_wconf 92' lang='lat' dir='ltr'><strong>dein</strong></span> <span class='ocrx_word' id='word_1_117' title='bbox 1407 2897 1444 2954; x_wconf 92' lang='lat' dir='ltr'><strong>ut</strong></span> <span class='ocrx_word' id='word_1_118' title='bbox 1464 2890 1577 2974; x_wconf 92' lang='lat' dir='ltr'><strong>pedem</strong></span> <span class='ocrx_word' id='word_1_119' title='bbox 1597 2893 1747 2975; x_wconf 90' lang='lat' dir='ltr'><strong>quintum</strong></span> <span class='ocrx_word' id='word_1_120' title='bbox 1766 2889 1931 2974; x_wconf 80' lang='lat' dir='ltr'><strong>expleret,</strong></span> <span class='ocrx_word' id='word_1_121' title='bbox 1946 2927 1988 2941; x_wconf 91' lang='lat'><em>-</em></span> 
     </span>
     <span class='ocr_line' id='line_1_20' title="bbox 793 2995 1987 3083; baseline -0.002 -20"><span class='ocrx_word' id='word_1_122' title='bbox 793 3020 869 3063; x_wconf 87' lang='lat' dir='ltr'><strong>nem</strong></span> <span class='ocrx_word' id='word_1_123' title='bbox 901 2998 936 3071; x_wconf 72' lang='grc' dir='ltr'><strong>δή</strong></span> <span class='ocrx_word' id='word_1_124' title='bbox 967 2996 1125 3083; x_wconf 85' lang='lat' dir='ltr'><strong>particule</strong></span> <span class='ocrx_word' id='word_1_125' title='bbox 1156 3017 1257 3083; x_wconf 92' lang='lat' dir='ltr'><strong>neque</strong></span> <span class='ocrx_word' id='word_1_126' title='bbox 1288 2999 1320 3060; x_wconf 91' lang='lat' dir='ltr'><strong>in</strong></span> <span class='ocrx_word' id='word_1_127' title='bbox 1353 2995 1541 3060; x_wconf 79' lang='lat' dir='ltr'><strong>melioribus</strong></span> <span class='ocrx_word' id='word_1_128' title='bbox 1571 2996 1732 3060; x_wconf 81' lang='lat' dir='ltr'><strong>codicibus</strong></span> <span class='ocrx_word' id='word_1_129' title='bbox 1763 3001 1852 3059; x_wconf 84' lang='lat' dir='ltr'><strong>extet</strong></span> <span class='ocrx_word' id='word_1_130' title='bbox 1882 3017 1987 3081; x_wconf 88' lang='lat' dir='ltr'><strong>neque</strong></span> 
     </span>
     <span class='ocr_line' id='line_1_21' title="bbox 793 3100 1987 3188; baseline -0.002 -19"><span class='ocrx_word' id='word_1_131' title='bbox 793 3105 869 3171; x_wconf 90' lang='lat' dir='ltr'><strong>huic</strong></span> <span class='ocrx_word' id='word_1_132' title='bbox 892 3107 1057 3170; x_wconf 82' lang='lat' dir='ltr'><strong>enuntiato</strong></span> <span class='ocrx_word' id='word_1_133' title='bbox 1076 3110 1125 3167; x_wconf 92' lang='lat' dir='ltr'><strong>est</strong></span> <span class='ocrx_word' id='word_1_134' title='bbox 1144 3111 1233 3188; x_wconf 82' lang='lat' dir='ltr'><strong>epta,</strong></span> <span class='ocrx_word' id='word_1_135' title='bbox 1255 3105 1479 3166; x_wconf 87' lang='lat' dir='ltr'><strong>-inversus</strong></span> <span class='ocrx_word' id='word_1_136' title='bbox 1501 3102 1563 3167; x_wconf 92' lang='lat' dir='ltr'><strong>fine</strong></span> <span class='ocrx_word' id='word_1_137' title='bbox 1587 3105 1716 3186; x_wconf 80' lang='lat' dir='ltr'><strong>scripsit</strong></span> <span class='ocrx_word' id='word_1_138' title='bbox 1738 3100 1838 3165; x_wconf 72' lang='grc' dir='ltr'><strong><em>τοιαδί</em></strong></span> <span class='ocrx_word' id='word_1_139' title='bbox 1848 3122 1855 3164; x_wconf 91' lang='lat'>:</span> <span class='ocrx_word' id='word_1_140' title='bbox 1880 3102 1987 3167; x_wconf 88' lang='lat' dir='ltr'><strong>multo</strong></span> 
     </span>
     <span class='ocr_line' id='line_1_22' title="bbox 792 3208 1986 3294; baseline -0.003 -18"><span class='ocrx_word' id='word_1_141' title='bbox 792 3220 900 3276; x_wconf 86' lang='lat' dir='ltr'><strong>temen</strong></span> <span class='ocrx_word' id='word_1_142' title='bbox 935 3213 1042 3294; x_wconf 83' lang='lat' dir='ltr'><strong>aptius</strong></span> <span class='ocrx_word' id='word_1_143' title='bbox 1076 3219 1123 3273; x_wconf 89' lang='lat' dir='ltr'><strong>est</strong></span> <span class='ocrx_word' id='word_1_144' title='bbox 1154 3209 1237 3294; x_wconf 92' lang='lat' dir='ltr'><strong>quod</strong></span> <span class='ocrx_word' id='word_1_145' title='bbox 1267 3208 1391 3273; x_wconf 88' lang='lat' dir='ltr'><strong>codices</strong></span> <span class='ocrx_word' id='word_1_146' title='bbox 1421 3209 1537 3272; x_wconf 86' lang='lat' dir='ltr'><strong>hebent</strong></span> <span class='ocrx_word' id='word_1_147' title='bbox 1568 3229 1741 3293; x_wconf 78' lang='lat' dir='ltr'><strong>pronomen</strong></span> <span class='ocrx_word' id='word_1_148' title='bbox 1773 3208 1862 3270; x_wconf 79' lang='lat' dir='ltr'><strong>haece</strong></span> <span class='ocrx_word' id='word_1_149' title='bbox 1886 3229 1986 3293; x_wconf 86' lang='lat' dir='ltr'><strong>quom</strong></span> 
     </span>
     <span class='ocr_line' id='line_1_23' title="bbox 792 3312 1986 3402; baseline -0.004 -21"><span class='ocrx_word' id='word_1_150' title='bbox 792 3318 886 3394; x_wconf 82' lang='lat' dir='ltr'><strong>tolio,</strong></span> <span class='ocrx_word' id='word_1_151' title='bbox 906 3314 1099 3402; x_wconf 81' lang='lat' dir='ltr'><strong>languidum</strong></span> <span class='ocrx_word' id='word_1_152' title='bbox 1118 3321 1228 3378; x_wconf 85' lang='lat' dir='ltr'><strong>eutem</strong></span> <span class='ocrx_word' id='word_1_153' title='bbox 1248 3317 1346 3377; x_wconf 89' lang='lat' dir='ltr'><strong>nimis</strong></span> <span class='ocrx_word' id='word_1_154' title='bbox 1367 3321 1416 3378; x_wconf 90' lang='lat' dir='ltr'><strong>est</strong></span> <span class='ocrx_word' id='word_1_155' title='bbox 1434 3316 1468 3390; x_wconf 71' lang='grc' dir='ltr'><strong>γ’</strong></span> <span class='ocrx_word' id='word_1_156' title='bbox 1480 3313 1597 3378; x_wconf 75' lang='grc' dir='ltr'><strong><em>ἐθέλων.</em></strong></span> <span class='ocrx_word' id='word_1_157' title='bbox 1618 3312 1756 3399; x_wconf 85' lang='lat' dir='ltr'><strong>Bleydes</strong></span> <span class='ocrx_word' id='word_1_158' title='bbox 1773 3314 1855 3387; x_wconf 77' lang='grc' dir='ltr'><strong><em>μέλη</em></strong></span> <span class='ocrx_word' id='word_1_159' title='bbox 1869 3315 1986 3384; x_wconf 68' lang='grc' dir='ltr'><strong><em>ποιήσω</em></strong></span> 
     </span>
     <span class='ocr_line' id='line_1_24' title="bbox 792 3418 1985 3506; baseline -0.002 -20"><span class='ocrx_word' id='word_1_160' title='bbox 792 3422 892 3487; x_wconf 74' lang='grc' dir='ltr'><strong><em>τοιαδί</em></strong></span> <span class='ocrx_word' id='word_1_161' title='bbox 927 3423 1105 3506; x_wconf 78' lang='lat' dir='ltr'><strong>proposuit.</strong></span> <span class='ocrx_word' id='word_1_162' title='bbox 1140 3418 1225 3483; x_wconf 85' lang='lat' dir='ltr'><strong>Mihi</strong></span> <span class='ocrx_word' id='word_1_163' title='bbox 1260 3440 1364 3483; x_wconf 93' lang='lat' dir='ltr'><strong>unum</strong></span> <span class='ocrx_word' id='word_1_164' title='bbox 1397 3419 1579 3499; x_wconf 66' lang='grc' dir='ltr'><strong>(γ’),ἕλθὼν</strong></span> <span class='ocrx_word' id='word_1_165' title='bbox 1614 3418 1807 3482; x_wconf 83' lang='lat' dir='ltr'><strong>mutandum</strong></span> <span class='ocrx_word' id='word_1_166' title='bbox 1843 3418 1985 3496; x_wconf 84' lang='lat' dir='ltr'><strong>videtur,</strong></span> 
     </span>
     <span class='ocr_line' id='line_1_25' title="bbox 790 3524 1985 3609; baseline -0.002 -16"><span class='ocrx_word' id='word_1_167' title='bbox 790 3532 894 3593; x_wconf 91' lang='lat' dir='ltr'><strong>immo</strong></span> <span class='ocrx_word' id='word_1_168' title='bbox 923 3526 1113 3603; x_wconf 90' lang='lat' dir='ltr'><strong>delendum,</strong></span> <span class='ocrx_word' id='word_1_169' title='bbox 1144 3535 1181 3588; x_wconf 92' lang='lat' dir='ltr'><strong>ut</strong></span> <span class='ocrx_word' id='word_1_170' title='bbox 1212 3524 1415 3589; x_wconf 83' lang='lat' dir='ltr'><strong>emblematis</strong></span> <span class='ocrx_word' id='word_1_171' title='bbox 1446 3524 1517 3589; x_wconf 87' lang='lat' dir='ltr'><strong>loco</strong></span> <span class='ocrx_word' id='word_1_172' title='bbox 1547 3526 1648 3609; x_wconf 92' lang='lat' dir='ltr'><strong>possit</strong></span> <span class='ocrx_word' id='word_1_173' title='bbox 1678 3526 1807 3588; x_wconf 87' lang='lat' dir='ltr'><strong>restitui</strong></span> <span class='ocrx_word' id='word_1_174' title='bbox 1836 3524 1871 3588; x_wconf 91' lang='lat' dir='ltr'><strong>id</strong></span> <span class='ocrx_word' id='word_1_175' title='bbox 1899 3525 1985 3609; x_wconf 91' lang='lat' dir='ltr'><strong>quod</strong></span> 
     </span>
     <span class='ocr_line' id='line_1_26' title="bbox 792 3629 1488 3715; baseline -0.006 -17"><span class='ocrx_word' id='word_1_176' title='bbox 792 3636 934 3699; x_wconf 89' lang='lat' dir='ltr'><strong>comicus</strong></span> <span class='ocrx_word' id='word_1_177' title='bbox 957 3632 1103 3696; x_wconf 82' lang='lat' dir='ltr'><strong>videatur</strong></span> <span class='ocrx_word' id='word_1_178' title='bbox 1126 3633 1299 3715; x_wconf 88' lang='lat' dir='ltr'><strong>scripsisse.</strong></span> <span class='ocrx_word' id='word_1_179' title='bbox 1324 3629 1488 3714; x_wconf 88' lang='lat' dir='ltr'><strong>Propono:</strong></span> 
     </span>
    </p>

    <p class='ocr_par' dir='ltr' id='par_1_8' title="bbox 974 3733 1726 3809">
     <span class='ocr_line' id='line_1_27' title="bbox 974 3733 1726 3809; baseline -0.004 -9"><span class='ocrx_word' id='word_1_180' title='bbox 974 3739 1032 3809; x_wconf 74' lang='grc' dir='ltr'><strong>κάς</strong></span> <span class='ocrx_word' id='word_1_181' title='bbox 1055 3740 1110 3809; x_wconf 70' lang='grc' dir='ltr'><strong>τὴν</strong></span> <span class='ocrx_word' id='word_1_182' title='bbox 1134 3736 1224 3800; x_wconf 72' lang='grc' dir='ltr'><strong><em>πόλιν</em></strong></span> <span class='ocrx_word' id='word_1_183' title='bbox 1248 3737 1338 3799; x_wconf 70' lang='grc' dir='ltr'><strong>ἀντὶ</strong></span> <span class='ocrx_word' id='word_1_184' title='bbox 1364 3736 1483 3800; x_wconf 75' lang='grc' dir='ltr'><strong><em>τῶνδε</em></strong></span> <span class='ocrx_word' id='word_1_185' title='bbox 1508 3737 1620 3808; x_wconf 69' lang='grc' dir='ltr'><strong><em>ποιήσω</em></strong></span> <span class='ocrx_word' id='word_1_186' title='bbox 1643 3733 1726 3797; x_wconf 75' lang='grc' dir='ltr'><strong><em>ταδί.</em></strong></span> 
     </span>
    </p>
   </div>
   <div class='ocr_carea' id='block_1_6' title="bbox 791 3839 1984 4037">
    <p class='ocr_par' dir='ltr' id='par_1_9' title="bbox 791 3839 1984 4037">
     <span class='ocr_line' id='line_1_28' title="bbox 794 3839 1984 3928; baseline -0.001 -20"><span class='ocrx_word' id='word_1_187' title='bbox 794 3847 920 3908; x_wconf 81' lang='lat' dir='ltr'><strong>Gratum</strong></span> <span class='ocrx_word' id='word_1_188' title='bbox 949 3867 1005 3928; x_wconf 83' lang='lat' dir='ltr'><strong>quo</strong></span> <span class='ocrx_word' id='word_1_189' title='bbox 1036 3843 1092 3905; x_wconf 81' lang='lat' dir='ltr'><strong>tibi</strong></span> <span class='ocrx_word' id='word_1_190' title='bbox 1123 3844 1255 3928; x_wconf 64' lang='lat' dir='ltr'><strong>rfferom</strong></span> <span class='ocrx_word' id='word_1_191' title='bbox 1289 3879 1327 3889; x_wconf 91' lang='lat'>-</span> <span class='ocrx_word' id='word_1_192' title='bbox 1360 3863 1417 3927; x_wconf 90' lang='lat' dir='ltr'><strong>pro</strong></span> <span class='ocrx_word' id='word_1_193' title='bbox 1447 3840 1548 3926; x_wconf 88' lang='lat' dir='ltr'><strong>pellic</strong></span> <span class='ocrx_word' id='word_1_194' title='bbox 1579 3843 1749 3924; x_wconf 83' lang='lat' dir='ltr'><strong>tunicaque</strong></span> <span class='ocrx_word' id='word_1_195' title='bbox 1780 3839 1862 3904; x_wconf 94' lang='lat' dir='ltr'><strong>dono</strong></span> <span class='ocrx_word' id='word_1_196' title='bbox 1886 3841 1984 3907; x_wconf 93' lang='lat' dir='ltr'><strong>modo</strong></span> 
     </span>
     <span class='ocr_line' id='line_1_29' title="bbox 791 3946 1789 4037; baseline -0.008 -20"><span class='ocrx_word' id='word_1_197' title='bbox 791 3953 927 4037; x_wconf 79' lang='lat' dir='ltr'><strong>acceptis</strong></span> <span class='ocrx_word' id='word_1_198' title='bbox 952 3986 994 3997; x_wconf 92' lang='lat'><em>-</em></span> <span class='ocrx_word' id='word_1_199' title='bbox 1016 3950 1114 4012; x_wconf 79' lang='lat' dir='ltr'><strong>urbem</strong></span> <span class='ocrx_word' id='word_1_200' title='bbox 1137 3955 1218 4012; x_wconf 82' lang='lat' dir='ltr'><strong>tuom</strong></span> <span class='ocrx_word' id='word_1_201' title='bbox 1240 3948 1540 4011; x_wconf 63' lang='lat' dir='ltr'><strong>intenebratum</strong></span> <span class='ocrx_word' id='word_1_202' title='bbox 1561 3969 1624 4009; x_wconf 75' lang='lat' dir='ltr'><strong>euru</strong></span> <span class='ocrx_word' id='word_1_203' title='bbox 1648 3946 1789 4009; x_wconf 70' lang='lat' dir='ltr'><strong>versibus.</strong></span> 
     </span>
    </p>
   </div>
   <div class='ocr_carea' id='block_1_7' title="bbox 790 4163 1984 4882">
    <p class='ocr_par' dir='ltr' id='par_1_10' title="bbox 790 4163 1984 4882">
     <span class='ocr_line' id='line_1_30' title="bbox 838 4163 1984 4249; baseline -0.003 -17"><span class='ocrx_word' id='word_1_204' title='bbox 838 4166 889 4232; x_wconf 83' lang='lat' dir='ltr'><strong>Vs.</strong></span> <span class='ocrx_word' id='word_1_205' title='bbox 916 4166 1013 4235; x_wconf 82' lang='lat'><strong>1247.</strong></span> <span class='ocrx_word' id='word_1_206' title='bbox 1045 4166 1185 4249; x_wconf 74' lang='lat' dir='ltr'><strong>Iuppiter</strong></span> <span class='ocrx_word' id='word_1_207' title='bbox 1207 4166 1308 4229; x_wconf 80' lang='lat' dir='ltr'><strong>taedio</strong></span> <span class='ocrx_word' id='word_1_208' title='bbox 1329 4188 1374 4228; x_wconf 80' lang='lat' dir='ltr'><strong>mc</strong></span> <span class='ocrx_word' id='word_1_209' title='bbox 1396 4167 1512 4248; x_wconf 77' lang='lat' dir='ltr'><strong>officere</strong></span> <span class='ocrx_word' id='word_1_210' title='bbox 1533 4164 1706 4245; x_wconf 74' lang='lat' dir='ltr'><strong>eipcrpot,</strong></span> <span class='ocrx_word' id='word_1_211' title='bbox 1731 4201 1772 4213; x_wconf 92' lang='lat'>—</span> <span class='ocrx_word' id='word_1_212' title='bbox 1797 4163 1984 4231; x_wconf 84' lang='lat' dir='ltr'><strong>Pisetuerus</strong></span> 
     </span>
     <span class='ocr_line' id='line_1_31' title="bbox 791 4273 1334 4361; baseline -0.007 -22"><span class='ocrx_word' id='word_1_213' title='bbox 791 4278 836 4340; x_wconf 87' lang='lat' dir='ltr'><strong>eit</strong></span> <span class='ocrx_word' id='word_1_214' title='bbox 861 4278 982 4361; x_wconf 78' lang='lat' dir='ltr'><strong>tragice</strong></span> <span class='ocrx_word' id='word_1_215' title='bbox 1004 4295 1082 4337; x_wconf 92' lang='lat' dir='ltr'><strong>usus</strong></span> <span class='ocrx_word' id='word_1_216' title='bbox 1112 4273 1268 4348; x_wconf 90' lang='lat' dir='ltr'><strong>dictione,</strong></span> <span class='ocrx_word' id='word_1_217' title='bbox 1292 4308 1334 4319; x_wconf 91' lang='lat'><em>-</em></span> 
     </span>
     <span class='ocr_line' id='line_1_32' title="bbox 972 4374 1720 4457; baseline -0.005 -15"><span class='ocrx_word' id='word_1_218' title='bbox 972 4378 1114 4457; x_wconf 69' lang='grc' dir='ltr'><strong>μέλαθρα</strong></span> <span class='ocrx_word' id='word_1_219' title='bbox 1138 4380 1195 4454; x_wconf 78' lang='grc' dir='ltr'><strong>μὲν</strong></span> <span class='ocrx_word' id='word_1_220' title='bbox 1218 4379 1314 4442; x_wconf 76' lang='grc' dir='ltr'><strong><em>αὐτοῦ</em></strong></span> <span class='ocrx_word' id='word_1_221' title='bbox 1339 4376 1390 4441; x_wconf 73' lang='grc' dir='ltr'><strong>καὶ</strong></span> <span class='ocrx_word' id='word_1_222' title='bbox 1416 4376 1525 4454; x_wconf 74' lang='grc' dir='ltr'><strong><em>δόμους</em></strong></span> <span class='ocrx_word' id='word_1_223' title='bbox 1549 4374 1720 4456; x_wconf 76' lang='grc' dir='ltr'><strong><em>’ΔμΦΙονος</em></strong></span> 
     </span>
     <span class='ocr_line' id='line_1_33' title="bbox 972 4484 1206 4549; baseline -0.004 0"><span class='ocrx_word' id='word_1_224' title='bbox 972 4484 1206 4549; x_wconf 68' lang='grc' dir='ltr'><strong>καταιθαλώσω.</strong></span> 
     </span>
     <span class='ocr_line' id='line_1_34' title="bbox 791 4591 1093 4658; baseline -0.01 -1"><span class='ocrx_word' id='word_1_225' title='bbox 791 4591 1002 4658; x_wconf 70' lang='lat' dir='ltr'><strong>scribendum</strong></span> <span class='ocrx_word' id='word_1_226' title='bbox 1025 4611 1093 4655; x_wconf 89' lang='lat' dir='ltr'><strong>esse</strong></span> 
     </span>
     <span class='ocr_line' id='line_1_35' title="bbox 973 4689 1855 4789; baseline -0.007 -29"><span class='ocrx_word' id='word_1_227' title='bbox 973 4695 1114 4774; x_wconf 71' lang='lat' dir='ltr'><strong>uisadpa</strong></span> <span class='ocrx_word' id='word_1_228' title='bbox 1137 4693 1194 4769; x_wconf 67' lang='grc' dir='ltr'><strong>μὲν</strong></span> <span class='ocrx_word' id='word_1_229' title='bbox 1217 4695 1312 4758; x_wconf 70' lang='grc' dir='ltr'>αὐτοῦ</span> <span class='ocrx_word' id='word_1_230' title='bbox 1337 4693 1402 4755; x_wconf 74' lang='grc' dir='ltr'><strong>καὶ</strong></span> <span class='ocrx_word' id='word_1_231' title='bbox 1427 4691 1685 4789; x_wconf 67' lang='grc' dir='ltr'><strong>ἀμφικίονας</strong></span> <span class='ocrx_word' id='word_1_232' title='bbox 1709 4689 1855 4767; x_wconf 65' lang='lat' dir='ltr'><strong>idaeos</strong></span> 
     </span>
     <span class='ocr_line' id='line_1_36' title="bbox 790 4795 1619 4882; baseline -0.006 -16"><span class='ocrx_word' id='word_1_233' title='bbox 790 4801 964 4866; x_wconf 85' lang='lat' dir='ltr'><strong>ostendisse</strong></span> <span class='ocrx_word' id='word_1_234' title='bbox 987 4801 1069 4866; x_wconf 92' lang='lat' dir='ltr'><strong>mihi</strong></span> <span class='ocrx_word' id='word_1_235' title='bbox 1092 4800 1203 4865; x_wconf 87' lang='lat' dir='ltr'><strong>videor</strong></span> <span class='ocrx_word' id='word_1_236' title='bbox 1225 4798 1347 4863; x_wconf 88' lang='lat' dir='ltr'><strong>Mnem.</strong></span> <span class='ocrx_word' id='word_1_237' title='bbox 1375 4796 1462 4862; x_wconf 82' lang='lat'>1900</span> <span class='ocrx_word' id='word_1_238' title='bbox 1486 4819 1517 4882; x_wconf 89' lang='lat' dir='ltr'><strong>p.</strong></span> <span class='ocrx_word' id='word_1_239' title='bbox 1543 4795 1619 4861; x_wconf 87' lang='lat'><strong>391.</strong></span> 
     </span>
    </p>
   </div>
   <div class='ocr_carea' id='block_1_8' title="bbox 0 0 2568 6150">
    <p class='ocr_par' dir='ltr' id='par_1_11' title="bbox 0 0 2568 6150">
     <span class='ocr_line' id='line_1_37' title="bbox 0 0 2568 6150; baseline 0 0"><span class='ocrx_word' id='word_1_240' title='bbox 0 0 2568 6150; x_wconf 95' lang='lat' dir='ltr'><strong> </strong></span> 
     </span>
    </p>
   </div>
  </div>
 </body>
</html>
