5125 6150
1101 837 1274 893 eounarea,
1711 819 1781 887 233

588 1011 699 1069 antem
730 1005 814 1068 foret
841 1004 897 1087 qui
926 1002 1051 1065 utravis
1075 1021 1151 1065 vocs
1173 999 1279 1065 locum
1303 1004 1477 1085 utrumque
1501 999 1663 1086 designari
1685 1021 1776 1086 posse

588 1110 802 1177 contenderet.

629 1217 744 1283 Unum
767 1217 912 1293 μέγαρον,
938 1214 1042 1289 denuo
1063 1213 1098 1277 id
1121 1212 1209 1290 dico,
1233 1215 1331 1277 etiam
1351 1211 1456 1278 Ulixis
1476 1213 1656 1278 habuerunt
1675 1213 1777 1279 aedes.

587 1325 757 1390 Praeterea
785 1326 819 1387 in
852 1322 964 1387 domus
996 1319 1104 1405 aliquo
1134 1340 1260 1384 recessu
1291 1319 1329 1384 ab
1353 1322 1422 1405 ipso
1447 1318 1543 1384 Ulixe
1567 1325 1707 1385 structus
1731 1324 1779 1384 est

587 1430 768 1507 thalamus,
802 1432 857 1516 qui
889 1436 997 1493 torum
1020 1427 1116 1492 habet
1138 1449 1155 1491 s
1178 1431 1290 1491 trunco
1315 1425 1417 1491 olivae
1441 1426 1654 1492 trisaecularis
1678 1426 1780 1492 elabo-

586 1549 696 1605 ratum
730 1540 870 1624 ipsisque
901 1538 1022 1601 erbcris
1052 1535 1212 1600 radicibus
1243 1533 1310 1599 solo
1340 1537 1488 1600 iunctum
1504 1534 1537 1616 ¹).
1578 1533 1778 1602 Commemo-

584 1655 676 1711 ratur
700 1648 799 1710 etiam
823 1642 903 1708 cella
933 1641 1088 1728 quaedem
1119 1641 1287 1722 ὑψόροφος,
1320 1645 1400 1706 item
1432 1641 1573 1718 θάλαμος
1604 1641 1705 1719 dicta,
1737 1642 1776 1707 ad

584 1772 685 1836 quam
715 1771 772 1836 per
801 1748 921 1836 gradus
944 1746 1066 1832 aliquot
1090 1746 1293 1811 descenditur
1299 1769 1307 1825 ;
1332 1748 1378 1811 ibi
1402 1747 1541 1813 seclusae
1564 1751 1668 1813 iacent
1690 1750 1776 1834 regis

584 1878 659 1943 opes
691 1865 724 1921 et
755 1876 844 1920 arma
874 1861 906 1919 et
937 1845 1049 1918 vinum
1082 1859 1114 1918 et
1146 1855 1244 1918 vestie
1267 1856 1407 1939 pretiosa
1420 1853 1456 1934 9).
1493 1854 1644 1941 Superior
1667 1862 1775 1920 autam

583 1964 715 2030 aedium
744 1984 817 2049 pars
849 1962 945 2026 habet
976 1959 1122 2026 cubicula
1153 1959 1293 2046 aliquot.
1317 1962 1374 2025 ubi
1396 1961 1560 2026 dormiunt
1583 1961 1719 2027 coelibes
1733 1960 1776 2041 3);

583 2077 688 2135 totam
721 2068 857 2154 denique
889 2068 1021 2133 domum
1052 2065 1222 2152 aulamque
1254 2087 1334 2152 quae
1361 2075 1434 2133 ante
1458 2089 1529 2133 eam
1553 2075 1641 2154 patet
1666 2068 1776 2134 firmus

583 2178 688 2263 cingit
711 2196 843 2250 murus,
868 2195 923 2259 per
945 2176 1036 2238 cuius
1060 2176 1179 2239 ostium
1203 2174 1347 2239 curribus
1372 2181 1421 2239 est
1444 2174 1559 2239 aditus.

627 2280 777 2347 Famulis
811 2301 887 2346 vero
923 2301 980 2344 sua
1014 2279 1134 2344 alicubi
1170 2279 1267 2345 fuisse
1303 2279 1467 2358 cubicula,
1503 2301 1603 2365 nsque
1638 2280 1777 2346 defuisse

585 2386 778 2453 lavatrinam
802 2407 946 2472 quaeque
969 2392 1132 2471 praeterea
1155 2384 1194 2449 ad
1218 2388 1320 2450 vitam
1343 2385 1563 2470 quotidianam
1582 2393 1658 2452 suut
1675 2408 1778 2452 neces-

583 2497 685 2571 saria,
709 2514 767 2579 par
789 2514 822 2558 se
842 2491 1004 2577 intellegit
1023 2495 1078 2577 qui
1098 2491 1138 2556 ad
1158 2492 1318 2557 eiusmodi
1337 2513 1441 2578 nugas
1460 2496 1606 2558 animum
1626 2493 1776 2571 advertit,

583 2601 640 2666 sed
659 2622 771 2665 corum
791 2599 1037 2684 descriptionem
1057 2600 1191 2663 minime
1209 2598 1440 2677 desideramus,
1461 2601 1607 2684 nequein
1619 2602 1775 2676 carmine,

584 2706 671 2793 quod
702 2715 796 2792 poeta
826 2727 887 2771 nou
920 2705 1101 2770 architectis
1133 2707 1299 2783 cecinerit,
1339 2705 1416 2770 talia
1447 2703 1592 2791 neglecta
1622 2727 1688 2771 csse
1720 2711 1777 2770 aut

583 2817 747 2879 miramur
777 2819 834 2876 aut
870 2811 1024 2877 dolemus.
1058 2812 1103 2876 ua
1134 2816 1242 2876 autem
1275 2833 1331 2897 per
1354 2812 1589 2899 diagrammata
1612 2812 1777 2898 designare

582 2919 670 2986 velle
702 2940 781 3005 qnae
813 2941 851 2984 ne
882 2922 951 3005 ipse
978 2919 1107 3004 quidem
1132 2925 1219 2983 vates
1243 2926 1317 2984 ante
1340 2900 1457 2984 mentis
1481 2918 1589 2986 oculos
1612 2920 1776 2997 habuerit,

583 3026 617 3093 id
650 3024 804 3092 molestae
834 3025 974 3113 profecto
1005 3025 1085 3091 foret
1116 3024 1318 3104 ἀδολεσχίας.
1343 3025 1454 3112 Itaque
1479 3029 1598 3092 nescire
1621 3048 1679 3091 nos
1703 3047 1777 3113 quo·

583 3134 680 3199 modo
705 3154 722 3198 e
745 3154 876 3220 megara
899 3132 938 3196 ad
961 3131 1143 3197 thalamum
1167 3132 1218 3198 vel
1242 3132 1280 3196 ad
1305 3131 1419 3197 cellam
1444 3133 1541 3198 fuerit
1563 3138 1773 3220 perventum,

583 3239 689 3306 scalae
708 3246 786 3324 quot
804 3239 941 3326 gradus,
961 3241 1163 3304 circuitiones
1182 3260 1262 3323 quos
1282 3238 1397 3303 ductus
1417 3239 1599 3316 habuerint,
1621 3246 1654 3304 et
1669 3238 1775 3325 palam

585 3346 776 3434 profitemur
799 3354 829 3410 et
850 3366 960 3410 earum
979 3366 1088 3410 rerum
1107 3347 1340 3430 ignorationem
1361 3344 1551 3410 detrimento
1571 3345 1660 3410 nobis
1680 3345 1777 3410 haud-

585 3473 750 3539 quaquam
771 3452 929 3516 ducimus.
950 3449 1065 3515 Omuia
1084 3451 1238 3535 denique,
1260 3472 1339 3536 quae
1358 3451 1493 3517 Homeri
1505 3450 1655 3516 lectorem
1666 3459 1772 3517 mente

585 3580 715 3626 cernere
746 3559 892 3644 expedit,
924 3559 1019 3623 habet
1050 3556 1157 3622 lliadis
1189 3579 1310 3632 versus,
1335 3558 1390 3622 ubi
1415 3560 1520 3644 regia,
1546 3578 1642 3642 quam
1664 3557 1772 3622 Paridi

584 3665 795 3731 aedificarunt
828 3672 998 3729 structores
1032 3663 1209 3740 Phoenicii,
1246 3665 1350 3728 tribus
1386 3665 1490 3728 verbis
1521 3665 1566 3728 sic
1596 3663 1772 3729 indicatur:

585 3772 731 3845 θάλαμος
762 3772 812 3834 καὶ
847 3770 935 3847 δῶμα
967 3770 1017 3834 nal
1050 3770 1131 3844 αὐλή
1145 3766 1182 3849 ⁴),
1211 3768 1300 3835 locus
1331 3770 1387 3834 ubi
1416 3769 1582 3848 dormitur,
1606 3769 1693 3837 locus
1717 3771 1774 3835 ubi

584 3883 727 3954 cenatur,
763 3875 851 3942 locus
885 3875 1038 3941 subdialis
1069 3875 1108 3940 ad
1140 3878 1243 3940 vados
1273 3878 1359 3939 vitae
1390 3897 1467 3940 usus
1490 3884 1611 3962 patens.
1644 3874 1773 3942 Ceterae

584 3984 717 4048 aedium
739 3987 844 4067 partes
867 3981 970 4047 veluti
989 3981 1104 4047 nebula
1122 3982 1316 4047 circumfusa
1332 3984 1470 4046 incertas
1490 3980 1653 4067 fluxasque
1672 3980 1773 4047 oculis

583 4091 739 4176 praebent
762 4089 880 4176 figuras
904 4096 960 4154 aut
982 4091 1111 4154 omnino
1132 4088 1271 4153 latitant.

600 4271 795 4284 ’.ο-

621 4384 648 4443 l)
666 4378 812 4430 Notissimus
829 4383 853 4428 ei
869 4395 922 4428 curn
939 4378 991 4444 ipse
1006 4375 1084 4428 labala
1102 4380 1154 4427 arte
1170 4376 1297 4427 cohaerens
1314 4380 1349 4426 cet
1365 4377 1430 4426 locus
1447 4374 1467 4435 ψ
1486 4375 1534 4425 las
1549 4391 1600 4440 sqq.

620 4465 649 4527 ἵ)
667 4465 684 4525 β
702 4462 823 4527 :lli'lsqq3
841 4477 888 4525 qno
906 4461 958 4510 loco
975 4460 1073 4510 verbum
1090 4459 1248 4521 καταβαίνειν
1266 4476 1313 4509 non
1331 4461 1468 4509 dccccudcrc
1484 4459 1523 4507 scd
1542 4458 1607 4507 aliud
1625 4455 1682 4522 qnid
1700 4455 1774 4523 signi·

585 4547 657 4595 ficare
676 4545 747 4594 multi
766 4559 890 4610 perperam
908 4542 1086 4608 perhibuerunt.

620 4630 649 4693 3)
675 4626 789 4679 Cubicula
811 4626 853 4675 illa
877 4628 923 4674 reli
946 4622 1052 4687 ὑπερῴου
1075 4641 1129 4674 curn
1151 4624 1340 4674 crcccntiorum
1358 4626 1503 4674 Graecorum
1523 4624 1571 4673 vite
1588 4623 1646 4674 benc
1664 4626 1774 4676 norimus

584 4716 638 4762 tnm
657 4725 686 4761 cr
705 4715 756 4776 ipso
773 4709 892 4759 Homero:
911 4711 998 4759 sala.
1018 4708 1053 4758 Ab
1070 4713 1202 4757 amatorum
1221 4707 1335 4756 nimirum
1350 4707 1447 4756 audacie
1460 4707 1574 4755 tutandos
1587 4709 1641 4755 crat
1654 4706 1775 4771 virginum
1816 4755 1821 4764 ,

582 4809 689 4843 somnus.
707 4794 858 4856 Quamquam
875 4807 889 4840 a
906 4791 1030 4840 coelitibus
1047 4807 1076 4840 nc
1094 4790 1126 4839 ihi
1144 4789 1238 4854 qnidam
1256 4793 1323 4839 tntae
1339 4792 1420 4846 crant;
1440 4788 1576 4837 Mercurius
1592 4793 1657 4838 certe
1670 4789 1703 4839 ihi
1718 4790 1776 4842 visit

586 4875 750 4939 Polymclam,
767 4881 791 4923 Π
806 4876 864 4924 184.

620 4962 649 5020 4)
668 4959 760 5007 2316.
