5125 6150
692 816 735 882 ot
1205 831 1361 880 suemus.

693 996 850 1083 Apollinis
879 994 1031 1060 debemus
1065 996 1278 1079 querimonias
1309 997 1451 1059 servavit
1478 994 1673 1060 Lactantius.
1702 995 1755 1062 Sic
1788 1000 1875 1062 enim

692 1109 798 1168 namt
817 1101 890 1167 ille:

826 1206 1001 1275 Carneades
1031 1205 1227 1272 academicae
1259 1214 1361 1272 seotae
1391 1206 1616 1292 philosophus,
1641 1212 1732 1274 ouius
1753 1211 1791 1274 in
1815 1210 1876 1275 dis-

781 1315 912 1380 serendo
934 1333 1014 1399 quae
1037 1315 1088 1378 vis
1107 1312 1222 1389 fuerit,
1243 1333 1324 1397 quae
1343 1312 1539 1399 eloquentia,
1561 1313 1645 1400 quod
1664 1335 1799 1379 acumen
1819 1318 1873 1401 qui

781 1423 882 1486 nescit
911 1422 1017 1504 ipsum
1051 1441 1090 1484 ex
1113 1419 1343 1504 praedieatione
1367 1417 1528 1487 Ciceronis
1550 1419 1710 1508 intelliget
1731 1426 1791 1486 aut
1814 1421 1875 1486 Lu·

780 1526 864 1604 oilii,
902 1525 987 1611 apud
1020 1546 1116 1610 quem
1150 1525 1305 1590 disserens
1338 1525 1507 1610 Neptunus
1541 1526 1580 1591 de
1614 1547 1648 1590 re
1681 1525 1873 1592 difficillima

780 1631 917 1697 ostendit
940 1652 1002 1696 non
1024 1651 1115 1716 posse
1138 1631 1170 1695 id
1194 1630 1346 1717 explicari

662 1820 665 1827 Ι
829 1770 905 1793 -vv
936 1740 1041 1803 neoni
1064 1734 1243 1804 Carneaden
1266 1742 1374 1824 ipsum
1397 1737 1490 1803 Oreu’
1514 1741 1659 1803 remittat

689 1845 773 1911 Nam
791 1846 849 1911 hoo
869 1865 994 1931 quoque
1012 1845 1231 1930 fragmentum
1250 1844 1326 1910 Iano
1346 1845 1470 1911 Douaae
1489 1846 1735 1910 obseoutusiure
1746 1852 1873 1912 nostrae

689 1974 756 2019 esse
778 1955 892 2018 satirae
915 1958 1021 2017 conset
1044 1949 1230 2017 Muellerus.
1260 1949 1364 2018 Causa
1386 1973 1463 2038 ergo
1485 1950 1542 2017 illa
1564 1959 1707 2017 oontorta
1729 1957 1764 2017 et
1785 1954 1872 2018 inex-

689 2058 847 2146 plicabilis
870 2057 954 2143 Lupi
976 2078 1070 2124 eausa
1092 2065 1149 2123 est.

734 2272 802 2340 Iam
832 2276 926 2350 satis,
954 2279 991 2337 ut
1021 2274 1142 2357 opinor,
1175 2293 1258 2337 nune
1288 2271 1503 2359 intelligimus
1527 2273 1610 2358 quod
1633 2272 1732 2338 luerit
1755 2276 1870 2338 satirae

688 2379 857 2448 eonsilium
886 2386 919 2444 et
949 2386 1105 2465 qnantum
1135 2377 1193 2443 illa
1223 2378 1372 2443 habuerit
1401 2379 1517 2465 leporis
1548 2384 1581 2444 et
1609 2379 1811 2444 urbanitatis.
1835 2378 1870 2443 In

688 2490 782 2553 terris
812 2485 940 2571 Lupus,
964 2483 1041 2550 lieet
1064 2505 1173 2549 omnes
1195 2484 1342 2550 homiues
1364 2488 1434 2550 eius
1457 2487 1589 2550 iniurias
1607 2491 1699 2549 notas
1718 2485 1870 2550 haberent
1892 2482 1897 2489 ’

687 2601 720 2660 et
743 2587 1008 2669 abominarentur,
1033 2598 1140 2657 tarum
1164 2590 1273 2656 salvus
1296 2594 1416 2670 evasit3
1441 2591 1525 2656 idem
1546 2594 1575 2657 ei
1594 2594 1627 2655 in
1645 2590 1731 2656 eaelo
1750 2594 1868 2657 evenit.

688 2698 805 2764 Omnes
835 2699 886 2763 dei
917 2718 1015 2782 aeque
1044 2700 1118 2763 irati
1149 2703 1224 2762 sunt
1253 2698 1377 2763 homini
1401 2697 1531 2764 scelesto
1553 2700 1732 2783 impioque;
1758 2719 1868 2764 eorum

687 2827 770 2871 unus
799 2805 918 2870 indicta
948 2824 1041 2869 eausa
1071 2811 1103 2869 et
1133 2806 1195 2889 ipsi
1225 2811 1257 2868 et
1280 2804 1495 2869 defensoribus
1517 2806 1586 2868 eius
1608 2803 1774 2869 cerebrum
1797 2803 1869 2869 vult

687 2913 919 2986 oomminuere,
951 2913 1047 2975 ceteri
1077 2913 1186 2975 omnia
1216 2918 1368 2995 promunt
1397 2910 1531 2976 artificia
1560 2912 1696 2976 oratoria
1724 2931 1780 2976 reo
1802 2930 1869 2995 pen

687 3018 789 3085 dendo
811 3018 925 3083 idonea
932 3037 940 3095 ;
965 3016 1019 3083 sed
1042 3016 1186 3082 iudicum
1211 3017 1263 3083 hio
1287 3039 1342 3104 epe
1364 3017 1525 3083 lautorum
1545 3015 1711 3102 epularum
1730 3038 1869 3083 eorrum-

687 3127 785 3211 pitur,
817 3125 868 3188 hio
899 3145 970 3201 „res
1001 3129 1047 3189 est
1071 3122 1224 3201 difficilis,
1248 3122 1389 3209 amplius
1412 3124 1626 3210 quaerendum
1649 3117 1782 3189 oerisao”
1805 3127 1853 3189 ait

687 3230 822 3314 denique
843 3252 883 3294 ne
905 3228 989 3314 apud
1012 3251 1142 3315 superos
1165 3229 1296 3316 quidem
1318 3251 1368 3296 res
1390 3251 1427 3295 eo
1446 3230 1559 3294 adduci
1577 3235 1680 3315 potest
1698 3233 1736 3293 ut
1755 3228 1867 3315 Lupus

686 3337 799 3423 dignae
821 3336 875 3401 det
897 3355 1029 3422 poenas:
1054 3357 1091 3401 ea
1113 3339 1320 3421 optimatium
1342 3343 1390 3401 est
1414 3333 1572 3423 potential

1210 3891 1345 3940 omme.

1114 4044 1236 4091 unum
1260 4044 1292 4103 ν,
1316 4025 1359 4091 85
1372 4042 1437 4102 eoo.

819 4227 894 4293 Inde
918 4225 1107 4294 Semiramio
1130 4226 1367 4315 Polydaemona
1389 4231 1544 4316 sanguine
1566 4235 1688 4295 eretum

819 4334 940 4400 Sternit
964 4334 1135 4412 (Perseus).

684 4438 849 4523 Ineptum,
882 4437 1004 4515 hercle,
1034 4438 1118 4503 illud
1149 4439 1348 4524 Polyaenon
1378 4461 1491 4505 nomen
1521 4439 1635 4528 regulo
1663 4442 1766 4510 datur.
1801 4444 1862 4511 Sed

684 4546 902 4630 aptissimum,
935 4546 1018 4630 quod
1048 4544 1212 4610 lenissimo
1243 4548 1436 4611 correctione
1465 4550 1592 4612 restitui
1621 4554 1746 4633 potest,
1776 4551 1863 4637 Poly-

685 4652 820 4729 eleymon
856 4650 895 4714 ef.
931 4672 977 4715 vs.
1014 4651 1098 4716 242:
1135 4659 1166 4716 te
1202 4660 1326 4730 tamen,
1362 4673 1380 4716 o
1409 4673 1526 4738 parvae
1555 4661 1666 4733 rector,
1700 4656 1863 4742 Polydecte

684 4753 818 4839 Seriphi.
1666 4759 1696 4826 J.
1719 4761 1749 4828 J.
1774 4763 1816 4828 Η.

1176 4910 1366 4919 .—————
