5125 6150
799 781 865 846 226
1291 798 1464 846 ronasce.

796 968 879 1042 rint,
912 964 968 1028 ubi
995 963 1110 1029 famuli
1139 964 1224 1029 cibos
1252 965 1314 1029 sibi
1347 971 1510 1048 pararent,
1534 963 1616 1030 nihil
1639 970 1696 1029 aut
1718 968 1797 1030 istos
1819 965 1904 1030 iocos
1925 970 1983 1029 aut

795 1074 865 1157 ipsa
895 1073 1053 1156 mancipia
1082 1092 1255 1149 moramur,
1283 1091 1386 1156 neque
1409 1078 1502 1156 poeta
1524 1076 1678 1149 moratur,
1701 1075 1758 1158 qui
1780 1077 1917 1136 matrem
1940 1071 1982 1135 fa

797 1176 905 1243 miliae
928 1177 1068 1243 ostendit
1090 1181 1124 1242 in
1147 1181 1292 1243 virorum
1316 1176 1477 1255 conclavi,
1501 1179 1531 1242 ἐκ
1553 1180 1596 1259 τῷ
1619 1177 1764 1259 μεγάρῳ,
1789 1177 1980 1244 assidentem

796 1293 836 1366 τῇ
860 1285 958 1366 ἑστία.

840 1391 883 1456 llt
913 1392 972 1456 hac
1002 1398 1087 1455 certe
1115 1394 1149 1455 in
1179 1413 1213 1456 re
1245 1394 1341 1476 prisci
1373 1396 1483 1476 poetas
1514 1391 1575 1455 sibi
1605 1393 1825 1457 constiterunt.
1857 1389 1982 1455 Alcinoi

796 1500 921 1584 regiam
952 1496 1112 1562 adeamus.
1144 1496 1180 1561 Iu
1210 1496 1293 1563 celso
1322 1498 1368 1562 ibi
1391 1496 1550 1574 conclavi,
1574 1497 1659 1582 quod
1681 1499 1770 1563 vario
1793 1499 1980 1582 pretiosissi-

797 1626 923 1669 morum
955 1602 1159 1668 metallorum
1189 1610 1303 1669 ornatu
1333 1602 1490 1690 refulget,
1520 1606 1633 1689 regina
1662 1604 1758 1669 Arete
1780 1603 1868 1668 sedet
1890 1606 1983 1668 iuxta

796 1712 905 1777 focum
929 1712 1124 1797 spatiosum,
1147 1712 1239 1775 cuius
1262 1713 1407 1775 caminus
1430 1709 1587 1776 columnis
1610 1716 1659 1775 est
1678 1709 1826 1775 suffultus
1842 1710 1875 1789 ¹),
1904 1709 1983 1773 lani-

797 1816 867 1881 ficio
896 1836 971 1880 cum
1000 1815 1128 1880 feminis
1158 1819 1226 1880 suis
1255 1837 1384 1901 operam
1416 1815 1502 1881 dans.
1527 1815 1673 1881 Totidem
1696 1816 1802 1882 verbis
1825 1819 1894 1880 eius
1915 1814 1983 1880 filia

795 1922 830 1986 id
853 1921 936 1986 dixit
958 1920 1064 1986 Ulixi:

1139 2025 1191 2093 ὅτε
1215 2026 1265 2092 κέν
1289 2051 1323 2092 σε
1347 2025 1433 2104 liuor
1455 2027 1599 2093 κεκύθωσι
1623 2027 1676 2092 καὶ
1700 2029 1799 2106 abasi,

931 2131 997 2200 ὦκα
1020 2136 1114 2211 μάλα
1138 2134 1286 2214 μεγάροιο
1309 2134 1487 2213 διιλδέμει’,
1510 2133 1592 2215 ὄφρα
1613 2137 1650 2215 χ’
1672 2131 1755 2208 ἵκηαι

932 2243 1040 2320 μητέρ’
1059 2243 1145 2318 lusis.
1170 2242 1187 2316 ἣ
1213 2242 1239 2306 δ’
1263 2237 1356 2314 ἔσται
1380 2243 1429 2306 ἐτ’
1453 2242 1572 2324 ἐσχάρῃ
1595 2242 1625 2305 ἐκ
1648 2243 1738 2321 τυρὸς
1762 2242 1867 2324 αὐγῇ,

932 2348 1081 2426 ἠλάκατα
1105 2348 1292 2430 στριφαιυσ’
1317 2349 1532 2430 α’λιτόρφυρα,
1556 2352 1662 2426 θαῦμα
1685 2349 1830 2427 radiolas,

931 2457 1005 2521 sices
1028 2456 1209 2534 κεκλιμένη·
1234 2456 1333 2537 δμῳαὶ
1357 2456 1390 2521 δέ
1412 2479 1451 2522 τοι
1475 2454 1544 2531 ἥατ’
1567 2455 1681 2521 dstote.

932 2560 1002 2626 ἔνθα
1026 2563 1057 2628 δὲ
1081 2563 1197 2642 πατρὸς
1221 2564 1304 2640 ἐμοῖο
1326 2563 1422 2642 θρόνος
1445 2561 1657 2628 ποτικέκλιται
1681 2563 1780 2645 αὐτῇ,

798 2706 839 2717 -
865 2669 918 2733 sed
941 2690 959 2734 e
982 2668 1050 2735 loco
1073 2672 1240 2736 notissimo
1252 2672 1280 2751 ²)
1303 2670 1396 2756 plura
1418 2671 1577 2736 excribere
1599 2669 1715 2735 inutile
1738 2669 1876 2734 videtur.
1910 2667 1983 2733 Illic

795 2778 899 2863 igitur
917 2779 1062 2863 reginam
1080 2780 1204 2842 invenit
1223 2776 1352 2854 Ulixes,
1372 2798 1446 2842 cum
1467 2778 1579 2842 urbem
1598 2779 1744 2862 ipsaeque
1764 2775 1855 2840 aedes
1877 2777 1983 2861 regias

796 2881 879 2947 clam
899 2884 1024 2948 civibus
1042 2886 1192 2961 intravit,
1216 2904 1295 2948 cava
1313 2884 1397 2948 nube
1415 2889 1594 2968 protectus,
1617 2904 1713 2968 quam
1731 2880 1984 2947 circumdederat

796 2988 951 3054 Minerva.
973 2988 1045 3054 Illic
1067 2992 1137 3054 eius
1158 3011 1264 3077 genua
1288 2989 1422 3077 supplex
1446 2990 1540 3069 adiit;
1561 2990 1629 3055 illic
1648 3010 1742 3054 cenas
1761 3011 1837 3054 mox
1857 3009 1983 3073 vesper·

796 3099 882 3161 tinae
904 3096 1074 3161 adhibetur
1087 3095 1122 3176 ¹).

842 3202 879 3266 In
902 3204 993 3268 beata
1015 3208 1124 3268 autem
1147 3202 1275 3268 Scheria
1297 3206 1325 3268 ei
1348 3203 1549 3289 splendidum
1572 3202 1655 3267 illud
1673 3201 1830 3280 conclave,
1851 3202 1907 3267 ubi
1925 3224 1981 3267 rex

795 3307 916 3374 solebat
945 3309 1060 3395 degere
1089 3316 1122 3374 et
1151 3330 1225 3375 cum
1253 3312 1452 3396 principibus
1482 3313 1548 3375 suis
1571 3312 1708 3387 versari,
1732 3313 1830 3374 etiam
1853 3312 1982 3395 reginae

796 3417 927 3499 eiusque
950 3414 1075 3480 ancillis
1094 3414 1203 3481 locum
1223 3417 1409 3501 praebebat,
1428 3438 1468 3481 ne
1488 3416 1703 3481 Ithacensium
1723 3415 1851 3500 quidem
1871 3435 1982 3500 regem

795 3520 954 3606 pepulisse
975 3543 1107 3587 uxorem
1127 3544 1166 3587 ex
1186 3543 1243 3587 suo
1262 3532 1433 3608 conspectu
1452 3527 1486 3587 in
1506 3522 1679 3587 mulierum
1693 3521 1823 3607 aliquod
1834 3522 1982 3601 μέγαρον,

795 3630 874 3691 satis
896 3627 1060 3692 videretur
1082 3637 1205 3693 certum
1229 3665 1272 3676 -
1296 3632 1324 3693 si
1347 3650 1383 3694 ea
1407 3629 1446 3694 de
1467 3652 1501 3695 re
1525 3632 1705 3693 coniectura
1728 3636 1811 3693 esset
1829 3628 1982 3694 facienda.

797 3734 841 3797 At
870 3733 954 3798 nihil
983 3755 1074 3819 opus.
1109 3734 1193 3799 Nam
1225 3735 1314 3800 telam
1339 3733 1431 3801 illam
1456 3735 1616 3818 Penelopes
1639 3736 1863 3816 meminimus,
1887 3734 1984 3820 Poly-

796 3840 906 3924 phemi
935 3842 1033 3905 ariete
1065 3841 1218 3927 Aeolique
1248 3850 1320 3908 utre
1350 3842 1451 3908 nihilo
1481 3845 1590 3907 minus
1613 3842 1690 3909 olim
1714 3840 1831 3907 claram
1855 3842 1983 3907 atinde

760 4003 762 4010 .
796 3967 815 4011 a
847 3949 949 4032 prima
980 3950 1118 4031 pueritia
1140 3948 1230 4013 nobis
1254 3971 1381 4034 quoque
1405 3952 1615 4016 notissimam.
1640 3949 1756 4013 Procos
1779 3955 1817 4012 ut
1840 3947 1981 4026 falleret,

795 4052 936 4118 laborem
960 4053 1124 4119 infinitum
1145 4058 1285 4140 suscepit
1304 4054 1469 4143 Penelope.
1499 4053 1583 4121 Ubi?
1607 4054 1643 4118 In
1662 4057 1806 4119 virorum
1826 4056 1983 4118 nimirum

797 4158 957 4237 conclavi,
993 4161 1049 4226 ubi
1084 4181 1158 4225 cum
1188 4161 1360 4226 iuvenibus
1390 4164 1459 4227 eius
1488 4181 1620 4226 manum
1653 4160 1833 4245 petentibus
1863 4158 1984 4225 solebat

797 4265 948 4352 colloqui.
972 4266 1021 4330 Ibi
1043 4268 1146 4351 igitur
1169 4269 1255 4351 proci
1279 4270 1404 4353 regiam
1426 4270 1566 4333 visentes
1585 4266 1725 4353 quotidie
1745 4286 1815 4331 eam
1834 4265 1986 4331 viderunt

797 4371 1018 4451 festinantem,
1051 4379 1088 4437 ut
1117 4378 1256 4450 restem,
1282 4394 1379 4458 quam
1410 4378 1443 4438 in
1472 4375 1568 4439 funus
1597 4374 1720 4439 Laertie
1751 4393 1860 4458 parare
1884 4394 1917 4437 se
1941 4373 1985 4438 di-

832 4680 856 4739 l)
882 4680 961 4729 Etiam
989 4681 1067 4744 regiae
1092 4680 1234 4744 Tirynthius
1259 4678 1368 4743 μέγαρον
1392 4681 1495 4731 medium
1517 4681 1621 4731 tenuisse
1642 4681 1720 4730 locum
1743 4684 1846 4746 quatuor
1867 4681 1984 4731 calumnis

796 4760 968 4811 circumdatum
987 4779 1023 4811 res
1040 4767 1076 4812 est
1092 4763 1118 4812 in
1136 4763 1221 4827 vulgus
1236 4772 1301 4813 nota.

831 4846 857 4903 2)
875 4842 893 4906 ζ
911 4846 960 4893 304
976 4860 1026 4907 sqq.

831 4927 856 4983 3)
875 4944 889 4980 ιι
910 4928 954 4974 141
973 4943 1023 4990 sqq.
