5125 6150
1049 805 1187 851 nu1usr
1212 804 1349 852 nouare.
1723 780 1785 851 177

610 976 697 1034 actor
727 968 860 1054 elegerit
892 967 1113 1032 iusiurandum
1143 1005 1184 1016 -
1207 969 1305 1033 huius
1335 972 1420 1034 anim
1452 974 1500 1034 est
1530 967 1643 1034 electio
1669 989 1790 1033 -nec

609 1074 663 1140 ille
687 1073 862 1140 iuraverit?
886 1074 920 1139 Si
943 1074 1019 1139 fides
1043 1081 1091 1139 θεῖ
1115 1073 1305 1163 Triboniano
1321 1074 1353 1152 ¹),
1378 1076 1428 1140 hic
1448 1077 1685 1155 condemnemur
1702 1075 1789 1160 quasi

610 1189 780 1257 costumas,
813 1181 866 1244 sed
898 1183 1022 1265 scripsit
1055 1179 1228 1264 Ulpianus:
1264 1180 1423 1261 diremtos,
1455 1202 1528 1245 nam
1560 1187 1609 1245 est
1639 1201 1675 1245 ea
1705 1180 1790 1244 inde·

609 1288 688 1352 tensi
718 1290 889 1371 praesentis
906 1287 932 1363 ⁹)
956 1289 1094 1372 genuina
1118 1307 1217 1371 poena
1231 1284 1256 1367 3)
1279 1295 1312 1352 θῖ
1335 1285 1471 1371 Ulpiano
1494 1284 1670 1372 cognita4).
1695 1284 1787 1366 Quid,

609 1397 636 1457 si
666 1393 768 1456 fassus
797 1396 840 1456 sit
874 1414 1002 1457 servum
1033 1395 1066 1456 in
1099 1399 1253 1478 potestate
1283 1414 1316 1457 εθ
1340 1393 1470 1469 habere,
1494 1398 1635 1456 attamen
1659 1413 1714 1457 nec
1737 1413 1789 1455 ex·

610 1499 716 1563 hibeat
746 1520 802 1563 nec
833 1497 1001 1563 defendat?
1031 1498 1173 1564 Ducetur
1186 1498 1223 1578 ⁵).
1255 1499 1355 1578 Quid,
1379 1501 1407 1563 si
1430 1499 1578 1563 exhibeat
1599 1519 1656 1562 nec
1679 1504 1785 1562 tamen

608 1625 706 1669 noxae
726 1600 799 1668 det?
819 1604 938 1668 Eadem
957 1625 1056 1690 poena
1076 1610 1124 1669 est
1137 1603 1173 1683 ⁰).
1193 1605 1305 1689 Itaque
1322 1607 1462 1691 graviter
1481 1603 1566 1668 fallit
1577 1602 1786 1668 Tritonianus

608 1712 667 1775 sub
698 1730 828 1795 persona
851 1709 981 1795 Ulpiani
1004 1711 1116 1776 docens
1132 1710 1173 1790 τ);
1198 1714 1253 1796 qui
1277 1733 1334 1776 nec
1357 1710 1501 1776 defendat
1524 1731 1580 1774 nec
1607 1731 1706 1774 noxae
1733 1708 1786 1774 det

608 1837 684 1880 aum
711 1816 868 1880 iudicium
900 1816 1085 1880 habiturum
1118 1816 1278 1880 omebsodo
1292 1815 1318 1896 Θ)
1354 1837 1390 1881 aa
1419 1814 1492 1902 lege
1522 1815 1551 1878 si
1581 1815 1614 1878 ie
1638 1822 1786 1897 potestate

609 1923 723 1984 tabeat.
757 1921 846 2000 Quod
868 1922 1025 1986 iudicium
1048 1944 1149 2007 neque
1172 1923 1209 1988 de
1233 1928 1397 2008 praesente
1420 1920 1525 1987 locum
1547 1922 1662 1986 habere
1684 1926 1788 2006 potest

608 2048 710 2111 neque
740 2030 773 2090 in
805 2027 1001 2104 confessum,
1037 2031 1112 2112 quia
1141 2032 1319 2114 praesentia
1348 2028 1541 2094 confessiove
1571 2030 1785 2113 quaestionem

609 2134 713 2211 tollit,
738 2156 838 2219 neque
862 2137 896 2198 in
920 2141 1075 2200 tacentem
1099 2135 1151 2201 vel
1172 2143 1343 2223 negantem
1365 2136 1525 2201 omnimodo
1547 2135 1654 2201 locum
1674 2135 1786 2212 habet,

608 2240 661 2305 sed
691 2243 753 2317 ita,
789 2243 816 2303 si
846 2248 932 2305 actor
962 2242 1182 2306 iusiurandum
1214 2244 1381 2307 remiserit.
1414 2242 1556 2306 Remotis
1587 2241 1787 2306 emblematis

609 2347 662 2410 hic
686 2348 746 2411 erit
769 2348 894 2431 integer
917 2346 1090 2431 Ulpianus:

788 2453 922 2536 quotieas
951 2454 1086 2517 dominus
1117 2477 1152 2518 ec
1181 2455 1284 2518 necati
1315 2477 1405 2517 cause
1435 2454 1614 2530 convenitur,
1646 2454 1674 2516 si
1705 2453 1782 2517 notit

744 2558 891 2639 suscepere
921 2558 1083 2637 iodicium,
1114 2559 1147 2622 in
1178 2583 1213 2623 eo
1243 2582 1332 2623 coreo
1355 2582 1402 2623 res
1426 2566 1485 2637 est,
1509 2567 1543 2622 et
1565 2559 1667 2622 debeat
1690 2581 1785 2623 nosos

745 2666 851 2727 dedere
882 2687 944 2728 erem
974 2666 1058 2728 euius
1088 2666 1204 2729 nomiae
1234 2666 1379 2729 iudicium
1401 2689 1459 2730 aon
1481 2665 1691 2748 suspicetafl),
1716 2671 1783 2742 out,

743 2770 771 2832 si
793 2771 826 2832 id
848 2792 906 2832 nors
921 2770 1044 2854 sociat,
1069 2772 1238 2853 [iudicium
1261 2774 1427 2856 suscipiet]
1450 2771 1608 2836 omnimodo
1632 2771 1700 2854 [sed
1723 2792 1785 2835 nou

745 2875 835 2958 alias]
870 2877 1131 2942 condemnabitur
1145 2876 1182 2961 ¹⁰)
1217 2882 1327 2964 [quam
1362 2881 1390 2943 si
1423 2881 1456 2942 in
1486 2884 1641 2963 potestate
1672 2877 1787 2943 habeat
1817 2958 1825 2971 ὓ

744 2980 854 3046 dolore
877 2982 963 3047 malo
987 2983 1179 3068 feceritque
1202 2987 1309 3050 minus
1331 2984 1485 3067 haberet}

653 3087 870 3172 lnterpolandi
900 3110 993 3154 causa
1017 3090 1097 3168 fuit,
1122 3091 1204 3176 quod
1227 3094 1297 3156 iure
1318 3091 1495 3157 Iustiniano
1511 3090 1549 3171 ¹¹)
1570 3114 1651 3156 cerro
1674 3091 1789 3173 copitar

609 3202 679 3258 unte
700 3194 844 3257 iudicium
868 3196 904 3257 de
926 3218 978 3258 seo
1001 3197 1067 3260 iure
1090 3197 1210 3282 aliquid
1230 3200 1415 3279 respondere,
1436 3204 1484 3264 est
1503 3200 1607 3285 igitur
1626 3197 1786 3262 omnimodo

607 3301 764 3366 iudicium
806 3302 1076 3379 constituendum,
1120 3302 1173 3367 rel
1206 3310 1291 3369 certe
1325 3307 1465 3390 cognitio
1500 3303 1714 3389 suscipienda,
1750 3308 1788 3367 ut

609 3405 756 3492 procedat
785 3408 992 3492 interrogatio
1022 3413 1185 3496 ceteraque
1216 3430 1253 3473 ex
1284 3411 1532 3498 interrogatione
1547 3407 1596 3490 ¹²).
1631 3407 1692 3476 Oui
1723 3412 1787 3475 iuri

612 3544 805 3554 ..—-—-..

646 3606 941 3670 areunae

644 3689 671 3748 2)
696 3689 802 3738 Multum
825 3689 938 3736 interesse
959 3686 1022 3735 inter
1040 3693 1185 3751 praesentem
1203 3689 1228 3736 et
1245 3686 1365 3736 absentem
1383 3686 1530 3736 indefensum
1547 3685 1721 3738 observavimus
1737 3704 1788 3755 cap.

611 3769 735 3820 LXXVIII
753 3775 786 3836 (p.
805 3772 869 3832 301),

647 3854 674 3916 2)
691 3854 717 3901 1.
736 3852 810 3902 Rubr.
828 3868 877 3917 cep.
897 3852 936 3900 21.

644 3937 672 3999 1)
696 3936 721 3984 L.
742 3938 772 3983 12
796 3935 833 3996 §2
858 3934 994 3986 114110.
1016 3932 1162 3983 Habitarunt
1184 3937 1252 4000 putet
1276 3934 1399 3993 Karion,
1424 3934 1587 3999 Rsettmmh.
1604 3934 1659 3984 111
1684 3951 1708 4001 p.
1726 3933 1790 3986 nse

611 4033 679 4074 eum,
697 4017 739 4080 qni
757 4017 836 4065 iurare
854 4015 926 4073 nolit,
944 4015 1058 4064 iudicium
1074 4015 1125 4064 sine
1142 4031 1215 4065 noxae
1232 4016 1358 4065 deditione.
1375 4016 1460 4080 Itaque
1477 4016 1550 4082 eripit
1563 4017 1638 4067 setosi
1652 4016 1791 4067 electionem

610 4115 624 4147 s
642 4103 751 4163 prestere
769 4113 909 4147 concessam.

645 4182 672 4240 5)
689 4181 716 4229 b
734 4181 765 4229 21
784 4182 820 4241 §4
836 4180 876 4240 (ci.
893 4181 982 4243 snpra),
999 4178 1015 4227 l.
1033 4179 1065 4228 22
1084 4181 1119 4240 §3
1138 4178 1167 4229 D.
1186 4179 1243 4228 M.

552 4261 554 4263 ’
646 4263 718 4326 6)Ia
738 4262 769 4311 22
788 4264 823 4323 92
844 4262 944 4310 1124.

647 4342 946 4407 mumanae

645 4428 672 4490 2)
691 4426 771 4475 Vertit
787 4425 858 4474 Lenel
874 4423 931 4489 (das
947 4425 1050 4474 edictum
1066 4441 1090 4491 p.
1108 4426 1155 4476 122
1173 4428 1224 4476 aot.
1242 4427 1280 4487 s)=
1297 4426 1348 4476 ose
1364 4442 1438 4477 nosse
1453 4426 1580 4479 deditione.
1597 4427 1667 4492 Quod
1684 4424 1792 4490 displicet

610 4509 695 4559 Ottoni
715 4509 838 4568 Kadosia,
858 4524 897 4573 op.
915 4508 954 4556 eit.
973 4508 999 4557 11
1018 4511 1031 4557 1
1050 4525 1072 4574 p.
1093 4507 1164 4560 1175.

644 4592 671 4655 2)
693 4592 717 4640 21
741 4607 822 4641 servus
846 4608 954 4657 praesens
977 4594 1012 4640 est
1031 4591 1060 4654 (1.
1078 4590 1111 4640 22
1131 4590 1167 4652 §³
1185 4592 1215 4640 D.
1232 4592 1254 4641 2.
1264 4595 1297 4652 4).
1316 4592 1350 4641 Ut
1366 4592 1405 4642 hic
1420 4591 1581 4658 praesentiae,
1596 4591 1631 4642 its
1648 4594 1684 4655 §4
1700 4589 1790 4641 coni*

609 4674 683 4724 sionis
699 4674 804 4723 conditio
822 4676 951 4725 omittitur.

645 4757 689 4819 10)
707 4756 835 4820 Ulpianus:
853 4759 960 4807 deretur.

646 4839 733 4903 ll)b
754 4839 767 4886 l
786 4841 819 4899 §1
838 4840 868 4890 D.
887 4840 961 4888 11.1.

649 4923 691 4985 12)
709 4921 745 4971 ct.
762 4921 1029 4983 &sanun-floneeg,
1053 4919 1174 4983 cepres.
1192 4921 1285 4982 §⁸6¹5
1304 4921 1373 4981 §les
1389 4922 1424 4988 (p.
1442 4922 1536 4985 sesto).
