<?xml version="1.0" encoding="UTF-8"?>
<!DOCTYPE html PUBLIC "-//W3C//DTD XHTML 1.0 Transitional//EN"
    "http://www.w3.org/TR/xhtml1/DTD/xhtml1-transitional.dtd">
<html xmlns="http://www.w3.org/1999/xhtml" xml:lang="en" lang="en">
 <head>
  <title>
</title>
<meta http-equiv="Content-Type" content="text/html;charset=utf-8" />
  <meta name='ocr-system' content='tesseract 3.04.00' />
  <meta name='ocr-capabilities' content='ocr_page ocr_carea ocr_par ocr_line ocrx_word'/>
</head>
<body>
  <div class='ocr_page' id='page_1' title='image "./mnemosyne04verdgoog_0601.png"; bbox 0 0 5125 6150; ppageno 0'>
   <div class='ocr_carea' id='block_1_1' title="bbox 814 810 1476 875">
    <p class='ocr_par' dir='ltr' id='par_1_1' title="bbox 814 810 1476 875">
     <span class='ocr_line' id='line_1_1' title="bbox 814 810 1476 875; baseline -0.002 0"><span class='ocrx_word' id='word_1_1' title='bbox 814 810 878 875; x_wconf 88' lang='lat'>118</span> <span class='ocrx_word' id='word_1_2' title='bbox 1335 825 1476 875; x_wconf 79' lang='grc'><strong>6666666.</strong></span> 
     </span>
    </p>
   </div>
   <div class='ocr_carea' id='block_1_2' title="bbox 807 980 2037 4692">
    <p class='ocr_par' dir='ltr' id='par_1_2' title="bbox 811 980 2037 1186">
     <span class='ocr_line' id='line_1_2' title="bbox 812 980 2037 1078; baseline 0 -20"><span class='ocrx_word' id='word_1_3' title='bbox 812 1015 873 1058; x_wconf 88' lang='grc'>666</span> <span class='ocrx_word' id='word_1_4' title='bbox 885 993 1008 1057; x_wconf 91' lang='lat' dir='ltr'>librarii</span> <span class='ocrx_word' id='word_1_5' title='bbox 1019 990 1114 1077; x_wconf 91' lang='lat' dir='ltr'>culpa</span> <span class='ocrx_word' id='word_1_6' title='bbox 1126 991 1180 1056; x_wconf 92' lang='lat' dir='ltr'>sed</span> <span class='ocrx_word' id='word_1_7' title='bbox 1193 994 1268 1076; x_wconf 91' lang='lat' dir='ltr'>quia</span> <span class='ocrx_word' id='word_1_8' title='bbox 1279 994 1347 1077; x_wconf 91' lang='lat' dir='ltr'>ipse</span> <span class='ocrx_word' id='word_1_9' title='bbox 1359 992 1530 1057; x_wconf 89' lang='lat' dir='ltr'>historicus</span> <span class='ocrx_word' id='word_1_10' title='bbox 1542 1013 1663 1078; x_wconf 90' lang='lat' dir='ltr'>vagum</span> <span class='ocrx_word' id='word_1_11' title='bbox 1677 992 1904 1058; x_wconf 90' lang='lat' dir='ltr'>tantummodo</span> <span class='ocrx_word' id='word_1_12' title='bbox 1916 1013 1997 1058; x_wconf 81' lang='lat' dir='ltr'>acce</span> <span class='ocrx_word' id='word_1_13' title='bbox 2035 980 2037 1039; x_wconf 73' lang='grc'>1</span> 
     </span>
     <span class='ocr_line' id='line_1_3' title="bbox 811 1092 2037 1186; baseline -0.002 -22"><span class='ocrx_word' id='word_1_14' title='bbox 811 1104 860 1186; x_wconf 89' lang='grc'>611</span> <span class='ocrx_word' id='word_1_15' title='bbox 873 1121 1047 1176; x_wconf 91' lang='lat' dir='ltr'>rumorem,</span> <span class='ocrx_word' id='word_1_16' title='bbox 1070 1119 1165 1183; x_wconf 92' lang='lat' dir='ltr'>quem</span> <span class='ocrx_word' id='word_1_17' title='bbox 1176 1101 1223 1162; x_wconf 92' lang='lat' dir='ltr'>ita</span> <span class='ocrx_word' id='word_1_18' title='bbox 1234 1101 1398 1163; x_wconf 80' lang='lat' dir='ltr'>exornavit</span> <span class='ocrx_word' id='word_1_19' title='bbox 1410 1106 1447 1162; x_wconf 92' lang='lat' dir='ltr'>nt</span> <span class='ocrx_word' id='word_1_20' title='bbox 1458 1120 1506 1164; x_wconf 92' lang='lat' dir='ltr'>res</span> <span class='ocrx_word' id='word_1_21' title='bbox 1519 1120 1615 1184; x_wconf 93' lang='lat' dir='ltr'>quam</span> <span class='ocrx_word' id='word_1_22' title='bbox 1627 1102 1825 1164; x_wconf 89' lang='lat' dir='ltr'>atrocissima</span> <span class='ocrx_word' id='word_1_23' title='bbox 1839 1100 1997 1164; x_wconf 86' lang='lat' dir='ltr'>evaderet.</span> <span class='ocrx_word' id='word_1_24' title='bbox 2035 1092 2037 1159; x_wconf 81' lang='lat' dir='ltr'>i</span> 
     </span>
    </p>

    <p class='ocr_par' dir='ltr' id='par_1_3' title="bbox 811 1198 2037 1909">
     <span class='ocr_line' id='line_1_4' title="bbox 857 1198 2037 1290; baseline -0.002 -20"><span class='ocrx_word' id='word_1_25' title='bbox 857 1205 1006 1270; x_wconf 77' lang='lat' dir='ltr'>Relatum</span> <span class='ocrx_word' id='word_1_26' title='bbox 1039 1204 1151 1269; x_wconf 90' lang='lat' dir='ltr'>deinde</span> <span class='ocrx_word' id='word_1_27' title='bbox 1182 1204 1220 1269; x_wconf 91' lang='lat' dir='ltr'>de</span> <span class='ocrx_word' id='word_1_28' title='bbox 1249 1204 1439 1270; x_wconf 90' lang='lat' dir='ltr'>moderanda</span> <span class='ocrx_word' id='word_1_29' title='bbox 1462 1205 1562 1289; x_wconf 89' lang='lat' dir='ltr'>Papia</span> <span class='ocrx_word' id='word_1_30' title='bbox 1585 1205 1748 1290; x_wconf 90' lang='lat' dir='ltr'>Poppaea,</span> <span class='ocrx_word' id='word_1_31' title='bbox 1773 1226 1869 1290; x_wconf 90' lang='lat' dir='ltr'>quam</span> <span class='ocrx_word' id='word_1_32' title='bbox 1895 1207 1998 1270; x_wconf 91' lang='lat' dir='ltr'>senior</span> <span class='ocrx_word' id='word_1_33' title='bbox 2035 1198 2037 1211; x_wconf 87' lang='lat'>&#39;</span> 
     </span>
     <span class='ocr_line' id='line_1_5' title="bbox 813 1311 1996 1399; baseline -0.001 -22"><span class='ocrx_word' id='word_1_34' title='bbox 813 1315 980 1399; x_wconf 86' lang='lat' dir='ltr'>Augustus</span> <span class='ocrx_word' id='word_1_35' title='bbox 1003 1319 1073 1397; x_wconf 92' lang='lat' dir='ltr'>post</span> <span class='ocrx_word' id='word_1_36' title='bbox 1095 1311 1194 1376; x_wconf 89' lang='lat' dir='ltr'>Iulias</span> <span class='ocrx_word' id='word_1_37' title='bbox 1217 1314 1396 1399; x_wconf 77' lang='lat' dir='ltr'><strong>rogationes</strong></span> <span class='ocrx_word' id='word_1_38' title='bbox 1419 1312 1588 1376; x_wconf 81' lang='lat' dir='ltr'>incitandis</span> <span class='ocrx_word' id='word_1_39' title='bbox 1605 1312 1627 1392; x_wconf 93' lang='lat'>¹)</span> <span class='ocrx_word' id='word_1_40' title='bbox 1651 1311 1810 1377; x_wconf 91' lang='lat' dir='ltr'>caelibum</span> <span class='ocrx_word' id='word_1_41' title='bbox 1833 1315 1947 1397; x_wconf 91' lang='lat' dir='ltr'>poenis</span> <span class='ocrx_word' id='word_1_42' title='bbox 1968 1317 1996 1377; x_wconf 89' lang='lat' dir='ltr'>et</span> 
     </span>
     <span class='ocr_line' id='line_1_6' title="bbox 813 1416 1996 1504; baseline -0.002 -21"><span class='ocrx_word' id='word_1_43' title='bbox 813 1419 957 1504; x_wconf 90' lang='lat' dir='ltr'>augendo</span> <span class='ocrx_word' id='word_1_44' title='bbox 981 1419 1099 1482; x_wconf 90' lang='lat' dir='ltr'>aerario</span> <span class='ocrx_word' id='word_1_45' title='bbox 1123 1427 1278 1482; x_wconf 79' lang='lat' dir='ltr'>sanxerat.</span> <span class='ocrx_word' id='word_1_46' title='bbox 1302 1416 1369 1481; x_wconf 94' lang='lat' dir='ltr'>Nec</span> <span class='ocrx_word' id='word_1_47' title='bbox 1388 1416 1459 1482; x_wconf 87' lang='lat' dir='ltr'>ideo</span> <span class='ocrx_word' id='word_1_48' title='bbox 1479 1420 1629 1503; x_wconf 91' lang='lat' dir='ltr'>coniugia</span> <span class='ocrx_word' id='word_1_49' title='bbox 1648 1424 1680 1482; x_wconf 91' lang='lat' dir='ltr'>et</span> <span class='ocrx_word' id='word_1_50' title='bbox 1699 1417 1902 1482; x_wconf 89' lang='lat' dir='ltr'>educationes</span> <span class='ocrx_word' id='word_1_51' title='bbox 1922 1417 1996 1482; x_wconf 78' lang='lat' dir='ltr'>libe</span> 
     </span>
     <span class='ocr_line' id='line_1_7' title="bbox 811 1523 1996 1608; baseline -0.002 -18"><span class='ocrx_word' id='word_1_52' title='bbox 811 1547 921 1590; x_wconf 89' lang='lat' dir='ltr'>rorum</span> <span class='ocrx_word' id='word_1_53' title='bbox 952 1524 1243 1608; x_wconf 84' lang='lat' dir='ltr'>frequentabantur,</span> <span class='ocrx_word' id='word_1_54' title='bbox 1274 1523 1455 1608; x_wconf 88' lang='lat' dir='ltr'>praevalida</span> <span class='ocrx_word' id='word_1_55' title='bbox 1478 1525 1630 1589; x_wconf 87' lang='lat' dir='ltr'>orbitate:</span> <span class='ocrx_word' id='word_1_56' title='bbox 1655 1531 1798 1589; x_wconf 89' lang='lat' dir='ltr'>ceterum</span> <span class='ocrx_word' id='word_1_57' title='bbox 1821 1523 1996 1589; x_wconf 91' lang='lat' dir='ltr'>multitudo</span> 
     </span>
     <span class='ocr_line' id='line_1_8' title="bbox 812 1630 1996 1717; baseline -0.002 -20"><span class='ocrx_word' id='word_1_58' title='bbox 812 1630 1065 1717; x_wconf 83' lang='lat' dir='ltr'>periclitantium</span> <span class='ocrx_word' id='word_1_59' title='bbox 1089 1630 1259 1717; x_wconf 79' lang='lat' dir='ltr'>gliscebat,</span> <span class='ocrx_word' id='word_1_60' title='bbox 1282 1652 1356 1695; x_wconf 91' lang='lat' dir='ltr'>cum</span> <span class='ocrx_word' id='word_1_61' title='bbox 1381 1633 1483 1695; x_wconf 90' lang='lat' dir='ltr'>omnis</span> <span class='ocrx_word' id='word_1_62' title='bbox 1507 1630 1621 1695; x_wconf 91' lang='lat' dir='ltr'>domus</span> <span class='ocrx_word' id='word_1_63' title='bbox 1645 1630 1824 1696; x_wconf 90' lang='lat' dir='ltr'>delatorum</span> <span class='ocrx_word' id='word_1_64' title='bbox 1846 1634 1996 1717; x_wconf 80' lang='lat' dir='ltr'>interpre</span> 
     </span>
     <span class='ocr_line' id='line_1_9' title="bbox 813 1736 1994 1824; baseline -0.002 -22"><span class='ocrx_word' id='word_1_65' title='bbox 813 1738 986 1802; x_wconf 89' lang='lat' dir='ltr'>tationibus</span> <span class='ocrx_word' id='word_1_66' title='bbox 1009 1737 1256 1814; x_wconf 80' lang='lat' dir='ltr'>subverteretur,</span> <span class='ocrx_word' id='word_1_67' title='bbox 1280 1743 1380 1823; x_wconf 91' lang='lat' dir='ltr'>utque</span> <span class='ocrx_word' id='word_1_68' title='bbox 1404 1737 1536 1802; x_wconf 89' lang='lat' dir='ltr'>antebac</span> <span class='ocrx_word' id='word_1_69' title='bbox 1556 1736 1688 1823; x_wconf 89' lang='lat' dir='ltr'>flagitiis</span> <span class='ocrx_word' id='word_1_70' title='bbox 1707 1740 1753 1802; x_wconf 91' lang='lat' dir='ltr'>ita</span> <span class='ocrx_word' id='word_1_71' title='bbox 1774 1745 1852 1802; x_wconf 88' lang='lat' dir='ltr'>tunc</span> <span class='ocrx_word' id='word_1_72' title='bbox 1871 1736 1994 1824; x_wconf 81' lang='lat' dir='ltr'>legibus</span> 
     </span>
     <span class='ocr_line' id='line_1_10' title="bbox 811 1842 1022 1909; baseline 0.005 -1"><span class='ocrx_word' id='word_1_73' title='bbox 811 1842 1022 1909; x_wconf 89' lang='lat' dir='ltr'>laborabatur.</span> 
     </span>
    </p>

    <p class='ocr_par' dir='ltr' id='par_1_4' title="bbox 857 1948 1534 2036">
     <span class='ocr_line' id='line_1_11' title="bbox 857 1948 1534 2036; baseline 0 -21"><span class='ocrx_word' id='word_1_74' title='bbox 857 1949 900 2015; x_wconf 79' lang='lat' dir='ltr'>Et</span> <span class='ocrx_word' id='word_1_75' title='bbox 923 1957 994 2036; x_wconf 86' lang='lat' dir='ltr'>post</span> <span class='ocrx_word' id='word_1_76' title='bbox 1016 1948 1148 2035; x_wconf 91' lang='lat' dir='ltr'>longam</span> <span class='ocrx_word' id='word_1_77' title='bbox 1171 1948 1398 2035; x_wconf 83' lang='lat' dir='ltr'>digressionem</span> <span class='ocrx_word' id='word_1_78' title='bbox 1423 1971 1448 2014; x_wconf 92' lang='lat' dir='ltr'>c.</span> <span class='ocrx_word' id='word_1_79' title='bbox 1474 1949 1534 2015; x_wconf 79' lang='lat'>28:</span> 
     </span>
    </p>

    <p class='ocr_par' dir='ltr' id='par_1_5' title="bbox 810 2055 1994 2888">
     <span class='ocr_line' id='line_1_12' title="bbox 858 2055 1994 2142; baseline 0.001 -22"><span class='ocrx_word' id='word_1_80' title='bbox 858 2058 988 2121; x_wconf 85' lang='lat' dir='ltr'>Acriora</span> <span class='ocrx_word' id='word_1_81' title='bbox 1011 2077 1049 2120; x_wconf 82' lang='lat' dir='ltr'>ex</span> <span class='ocrx_word' id='word_1_82' title='bbox 1072 2076 1108 2120; x_wconf 92' lang='lat' dir='ltr'>eo</span> <span class='ocrx_word' id='word_1_83' title='bbox 1132 2055 1276 2133; x_wconf 90' lang='lat' dir='ltr'>vincula,</span> <span class='ocrx_word' id='word_1_84' title='bbox 1301 2055 1397 2120; x_wconf 91' lang='lat' dir='ltr'>inditi</span> <span class='ocrx_word' id='word_1_85' title='bbox 1420 2056 1564 2121; x_wconf 86' lang='lat' dir='ltr'>custodes</span> <span class='ocrx_word' id='word_1_86' title='bbox 1589 2062 1621 2120; x_wconf 92' lang='lat' dir='ltr'>et</span> <span class='ocrx_word' id='word_1_87' title='bbox 1640 2056 1712 2141; x_wconf 92' lang='lat' dir='ltr'>lege</span> <span class='ocrx_word' id='word_1_88' title='bbox 1731 2055 1831 2141; x_wconf 93' lang='lat' dir='ltr'>Papia</span> <span class='ocrx_word' id='word_1_89' title='bbox 1852 2056 1994 2142; x_wconf 88' lang='lat' dir='ltr'>Poppaea</span> 
     </span>
     <span class='ocr_line' id='line_1_13' title="bbox 813 2161 1993 2248; baseline -0.003 -20"><span class='ocrx_word' id='word_1_90' title='bbox 813 2165 962 2248; x_wconf 89' lang='lat' dir='ltr'>praemiis</span> <span class='ocrx_word' id='word_1_91' title='bbox 985 2162 1125 2240; x_wconf 90' lang='lat' dir='ltr'>inducti,</span> <span class='ocrx_word' id='word_1_92' title='bbox 1150 2165 1237 2226; x_wconf 91' lang='grc'><strong>6161</strong></span> <span class='ocrx_word' id='word_1_93' title='bbox 1261 2183 1279 2227; x_wconf 84' lang='grc'>6</span> <span class='ocrx_word' id='word_1_94' title='bbox 1302 2161 1482 2248; x_wconf 87' lang='lat' dir='ltr'>privilegiis</span> <span class='ocrx_word' id='word_1_95' title='bbox 1506 2170 1674 2248; x_wconf 91' lang='lat' dir='ltr'>parentum</span> <span class='ocrx_word' id='word_1_96' title='bbox 1697 2170 1883 2241; x_wconf 91' lang='lat' dir='ltr'>cessaretur,</span> <span class='ocrx_word' id='word_1_97' title='bbox 1908 2161 1993 2228; x_wconf 90' lang='lat' dir='ltr'>velut</span> 
     </span>
     <span class='ocr_line' id='line_1_14' title="bbox 812 2267 1992 2356; baseline 0 -22"><span class='ocrx_word' id='word_1_98' title='bbox 812 2290 924 2356; x_wconf 91' lang='lat' dir='ltr'>parens</span> <span class='ocrx_word' id='word_1_99' title='bbox 944 2269 1089 2333; x_wconf 93' lang='lat' dir='ltr'>omnium</span> <span class='ocrx_word' id='word_1_100' title='bbox 1108 2267 1245 2353; x_wconf 93' lang='lat' dir='ltr'>populus</span> <span class='ocrx_word' id='word_1_101' title='bbox 1264 2271 1410 2332; x_wconf 90' lang='lat' dir='ltr'>vacantia</span> <span class='ocrx_word' id='word_1_102' title='bbox 1430 2274 1559 2334; x_wconf 87' lang='lat' dir='ltr'>teneret.</span> <span class='ocrx_word' id='word_1_103' title='bbox 1584 2269 1645 2334; x_wconf 82' lang='lat' dir='ltr'>Sed</span> <span class='ocrx_word' id='word_1_104' title='bbox 1666 2268 1762 2333; x_wconf 88' lang='lat' dir='ltr'>altius</span> <span class='ocrx_word' id='word_1_105' title='bbox 1779 2269 1992 2353; x_wconf 75' lang='lat' dir='ltr'>penetrabant,</span> 
     </span>
     <span class='ocr_line' id='line_1_15' title="bbox 812 2373 1992 2461; baseline -0.003 -20"><span class='ocrx_word' id='word_1_106' title='bbox 812 2377 987 2460; x_wconf 89' lang='lat' dir='ltr'>urbemque</span> <span class='ocrx_word' id='word_1_107' title='bbox 1018 2382 1050 2438; x_wconf 90' lang='lat' dir='ltr'>et</span> <span class='ocrx_word' id='word_1_108' title='bbox 1080 2373 1226 2451; x_wconf 89' lang='lat' dir='ltr'>Italiam,</span> <span class='ocrx_word' id='word_1_109' title='bbox 1258 2379 1291 2438; x_wconf 88' lang='lat' dir='ltr'>et</span> <span class='ocrx_word' id='word_1_110' title='bbox 1322 2374 1405 2459; x_wconf 88' lang='lat' dir='ltr'>quod</span> <span class='ocrx_word' id='word_1_111' title='bbox 1437 2397 1573 2461; x_wconf 90' lang='lat' dir='ltr'>usquam</span> <span class='ocrx_word' id='word_1_112' title='bbox 1596 2378 1735 2454; x_wconf 84' lang='lat' dir='ltr'>civium,</span> <span class='ocrx_word' id='word_1_113' title='bbox 1761 2377 1992 2460; x_wconf 85' lang='lat' dir='ltr'>corripuerant,</span> 
     </span>
     <span class='ocr_line' id='line_1_16' title="bbox 812 2481 1992 2566; baseline -0.003 -18"><span class='ocrx_word' id='word_1_114' title='bbox 812 2481 1053 2566; x_wconf 91' lang='lat' dir='ltr'>multorumque</span> <span class='ocrx_word' id='word_1_115' title='bbox 1083 2482 1179 2545; x_wconf 84' lang='lat' dir='ltr'>excisi</span> <span class='ocrx_word' id='word_1_116' title='bbox 1212 2486 1325 2545; x_wconf 88' lang='lat' dir='ltr'>status.</span> <span class='ocrx_word' id='word_1_117' title='bbox 1350 2481 1392 2546; x_wconf 80' lang='lat' dir='ltr'>nt</span> <span class='ocrx_word' id='word_1_118' title='bbox 1415 2487 1516 2546; x_wconf 89' lang='lat' dir='ltr'>terror</span> <span class='ocrx_word' id='word_1_119' title='bbox 1538 2484 1686 2547; x_wconf 88' lang='lat' dir='ltr'>omnibus</span> <span class='ocrx_word' id='word_1_120' title='bbox 1710 2482 1941 2559; x_wconf 85' lang='lat' dir='ltr'>intentabatur,</span> <span class='ocrx_word' id='word_1_121' title='bbox 1962 2483 1992 2544; x_wconf 91' lang='lat' dir='ltr'>ni</span> 
     </span>
     <span class='ocr_line' id='line_1_17' title="bbox 811 2586 1993 2673; baseline -0.002 -20"><span class='ocrx_word' id='word_1_122' title='bbox 811 2588 958 2653; x_wconf 79' lang='lat' dir='ltr'>Tiberius</span> <span class='ocrx_word' id='word_1_123' title='bbox 978 2586 1144 2652; x_wconf 90' lang='lat' dir='ltr'>statuendo</span> <span class='ocrx_word' id='word_1_124' title='bbox 1164 2586 1303 2652; x_wconf 91' lang='lat' dir='ltr'>remedio</span> <span class='ocrx_word' id='word_1_125' title='bbox 1323 2591 1463 2672; x_wconf 92' lang='lat' dir='ltr'>quinque</span> <span class='ocrx_word' id='word_1_126' title='bbox 1483 2587 1711 2665; x_wconf 88' lang='lat' dir='ltr'>consularium,</span> <span class='ocrx_word' id='word_1_127' title='bbox 1729 2591 1993 2673; x_wconf 79' lang='lat' dir='ltr'>quinqueeprae</span> 
     </span>
     <span class='ocr_line' id='line_1_18' title="bbox 811 2692 1993 2780; baseline -0.003 -20"><span class='ocrx_word' id='word_1_128' title='bbox 811 2699 917 2772; x_wconf 91' lang='lat' dir='ltr'>toriis,</span> <span class='ocrx_word' id='word_1_129' title='bbox 937 2693 1072 2759; x_wconf 90' lang='lat' dir='ltr'>totidem</span> <span class='ocrx_word' id='word_1_130' title='bbox 1092 2715 1108 2759; x_wconf 92' lang='lat' dir='ltr'>e</span> <span class='ocrx_word' id='word_1_131' title='bbox 1129 2699 1232 2758; x_wconf 90' lang='lat' dir='ltr'>cetero</span> <span class='ocrx_word' id='word_1_132' title='bbox 1251 2700 1363 2759; x_wconf 90' lang='lat' dir='ltr'>senatu</span> <span class='ocrx_word' id='word_1_133' title='bbox 1382 2703 1466 2760; x_wconf 87' lang='lat' dir='ltr'>sorte</span> <span class='ocrx_word' id='word_1_134' title='bbox 1486 2693 1645 2772; x_wconf 79' lang='lat' dir='ltr'>duxisset,</span> <span class='ocrx_word' id='word_1_135' title='bbox 1666 2699 1744 2780; x_wconf 91' lang='lat' dir='ltr'>aput</span> <span class='ocrx_word' id='word_1_136' title='bbox 1763 2715 1843 2779; x_wconf 92' lang='lat' dir='ltr'>quos</span> <span class='ocrx_word' id='word_1_137' title='bbox 1857 2692 1993 2759; x_wconf 82' lang='lat' dir='ltr'>exsoluti</span> 
     </span>
     <span class='ocr_line' id='line_1_19' title="bbox 810 2799 1962 2888; baseline -0.003 -21"><span class='ocrx_word' id='word_1_138' title='bbox 810 2801 953 2888; x_wconf 87' lang='lat' dir='ltr'>plerique</span> <span class='ocrx_word' id='word_1_139' title='bbox 975 2799 1057 2886; x_wconf 91' lang='lat' dir='ltr'>legis</span> <span class='ocrx_word' id='word_1_140' title='bbox 1080 2820 1180 2864; x_wconf 81' lang='lat' dir='ltr'>nexus</span> <span class='ocrx_word' id='word_1_141' title='bbox 1203 2801 1368 2865; x_wconf 91' lang='lat' dir='ltr'>modicum</span> <span class='ocrx_word' id='word_1_142' title='bbox 1391 2803 1424 2865; x_wconf 91' lang='lat' dir='ltr'>in</span> <span class='ocrx_word' id='word_1_143' title='bbox 1447 2822 1592 2887; x_wconf 87' lang='lat' dir='ltr'>praescus</span> <span class='ocrx_word' id='word_1_144' title='bbox 1615 2801 1837 2867; x_wconf 89' lang='lat' dir='ltr'>levamentum</span> <span class='ocrx_word' id='word_1_145' title='bbox 1863 2800 1962 2865; x_wconf 88' lang='lat' dir='ltr'>fuere.</span> 
     </span>
    </p>

    <p class='ocr_par' dir='ltr' id='par_1_6' title="bbox 807 2903 1995 4692">
     <span class='ocr_line' id='line_1_20' title="bbox 856 2903 1993 2994; baseline -0.002 -22"><span class='ocrx_word' id='word_1_146' title='bbox 856 2911 918 2973; x_wconf 88' lang='lat' dir='ltr'>Ain</span> <span class='ocrx_word' id='word_1_147' title='bbox 941 2903 1038 2972; x_wconf 79' lang='lat' dir='ltr'>vero?</span> <span class='ocrx_word' id='word_1_148' title='bbox 1069 2907 1117 2970; x_wconf 81' lang='lat' dir='ltr'>Ex</span> <span class='ocrx_word' id='word_1_149' title='bbox 1140 2907 1269 2971; x_wconf 88' lang='lat' dir='ltr'>haccine</span> <span class='ocrx_word' id='word_1_150' title='bbox 1291 2907 1363 2994; x_wconf 92' lang='lat' dir='ltr'>lege</span> <span class='ocrx_word' id='word_1_151' title='bbox 1386 2906 1509 2973; x_wconf 90' lang='lat' dir='ltr'>multae</span> <span class='ocrx_word' id='word_1_152' title='bbox 1532 2909 1697 2972; x_wconf 72' lang='grc'><strong>6616666166</strong></span> <span class='ocrx_word' id='word_1_153' title='bbox 1719 2910 1794 2988; x_wconf 84' lang='grc'><strong>(1.6.</strong></span> <span class='ocrx_word' id='word_1_154' title='bbox 1818 2909 1993 2972; x_wconf 90' lang='lat' dir='ltr'>insontium</span> 
     </span>
     <span class='ocr_line' id='line_1_21' title="bbox 811 3012 1994 3099; baseline -0.003 -18"><span class='ocrx_word' id='word_1_155' title='bbox 811 3015 1037 3093; x_wconf 88' lang='lat' dir='ltr'>accusationes)</span> <span class='ocrx_word' id='word_1_156' title='bbox 1057 3013 1273 3091; x_wconf 90' lang='lat' dir='ltr'>nascebantur,</span> <span class='ocrx_word' id='word_1_157' title='bbox 1298 3034 1414 3099; x_wconf 89' lang='lat' dir='ltr'>eaeque</span> <span class='ocrx_word' id='word_1_158' title='bbox 1433 3014 1590 3080; x_wconf 89' lang='lat' dir='ltr'>eiusmodi</span> <span class='ocrx_word' id='word_1_159' title='bbox 1610 3022 1647 3080; x_wconf 93' lang='lat' dir='ltr'>ut</span> <span class='ocrx_word' id='word_1_160' title='bbox 1667 3015 1770 3079; x_wconf 89' lang='grc'><strong>666616</strong></span> <span class='ocrx_word' id='word_1_161' title='bbox 1790 3012 1906 3078; x_wconf 91' lang='lat' dir='ltr'>domus</span> <span class='ocrx_word' id='word_1_162' title='bbox 1926 3012 1994 3077; x_wconf 86' lang='lat' dir='ltr'>sub</span> 
     </span>
     <span class='ocr_line' id='line_1_22' title="bbox 810 3117 1994 3206; baseline -0.003 -19"><span class='ocrx_word' id='word_1_163' title='bbox 810 3117 1007 3187; x_wconf 81' lang='lat' dir='ltr'>verteretur?</span> <span class='ocrx_word' id='word_1_164' title='bbox 1030 3119 1072 3184; x_wconf 80' lang='lat' dir='ltr'>Et</span> <span class='ocrx_word' id='word_1_165' title='bbox 1095 3126 1242 3185; x_wconf 89' lang='lat' dir='ltr'>tamenne</span> <span class='ocrx_word' id='word_1_166' title='bbox 1266 3142 1330 3185; x_wconf 90' lang='grc'>666</span> <span class='ocrx_word' id='word_1_167' title='bbox 1351 3120 1470 3186; x_wconf 88' lang='lat' dir='ltr'>fiebant</span> <span class='ocrx_word' id='word_1_168' title='bbox 1493 3122 1706 3206; x_wconf 87' lang='lat' dir='ltr'>frequentiora</span> <span class='ocrx_word' id='word_1_169' title='bbox 1729 3123 1814 3185; x_wconf 88' lang='lat' dir='ltr'>iusta</span> <span class='ocrx_word' id='word_1_170' title='bbox 1837 3120 1994 3185; x_wconf 87' lang='lat' dir='ltr'>connubia</span> 
     </span>
     <span class='ocr_line' id='line_1_23' title="bbox 810 3225 1994 3314; baseline -0.004 -19"><span class='ocrx_word' id='word_1_171' title='bbox 810 3236 842 3295; x_wconf 89' lang='lat' dir='ltr'>et</span> <span class='ocrx_word' id='word_1_172' title='bbox 871 3229 1073 3294; x_wconf 88' lang='lat' dir='ltr'>educationes</span> <span class='ocrx_word' id='word_1_173' title='bbox 1107 3225 1302 3292; x_wconf 81' lang='lat' dir='ltr'>liberorum?</span> <span class='ocrx_word' id='word_1_174' title='bbox 1337 3227 1445 3314; x_wconf 87' lang='lat' dir='ltr'>Magis</span> <span class='ocrx_word' id='word_1_175' title='bbox 1479 3228 1673 3292; x_wconf 87' lang='lat' dir='ltr'>incredibilis</span> <span class='ocrx_word' id='word_1_176' title='bbox 1708 3249 1757 3292; x_wconf 89' lang='lat' dir='ltr'>res</span> <span class='ocrx_word' id='word_1_177' title='bbox 1791 3225 1828 3290; x_wconf 87' lang='lat' dir='ltr'>fit</span> <span class='ocrx_word' id='word_1_178' title='bbox 1863 3229 1891 3291; x_wconf 93' lang='lat' dir='ltr'>si</span> <span class='ocrx_word' id='word_1_179' title='bbox 1922 3246 1994 3291; x_wconf 89' lang='lat' dir='ltr'>cum</span> 
     </span>
     <span class='ocr_line' id='line_1_24' title="bbox 809 3332 1993 3418; baseline -0.003 -20"><span class='ocrx_word' id='word_1_180' title='bbox 809 3333 977 3399; x_wconf 85' lang='lat' dir='ltr'>Fumeanx</span> <span class='ocrx_word' id='word_1_181' title='bbox 989 3332 1172 3415; x_wconf 74' lang='lat' dir='ltr'>praevalida</span> <span class='ocrx_word' id='word_1_182' title='bbox 1191 3333 1318 3396; x_wconf 79' lang='lat' dir='ltr'>orbitate</span> <span class='ocrx_word' id='word_1_183' title='bbox 1336 3336 1381 3398; x_wconf 91' lang='lat' dir='ltr'>sic</span> <span class='ocrx_word' id='word_1_184' title='bbox 1400 3336 1590 3418; x_wconf 89' lang='lat' dir='ltr'>accipimus:</span> <span class='ocrx_word' id='word_1_185' title='bbox 1614 3336 1710 3418; x_wconf 93' lang='lat' dir='ltr'>„quia</span> <span class='ocrx_word' id='word_1_186' title='bbox 1730 3333 1847 3397; x_wconf 83' lang='lat' dir='ltr'>orbitas</span> <span class='ocrx_word' id='word_1_187' title='bbox 1868 3338 1993 3397; x_wconf 88' lang='lat' dir='ltr'>tanturn</span> 
     </span>
     <span class='ocr_line' id='line_1_25' title="bbox 810 3436 1992 3526; baseline -0.003 -20"><span class='ocrx_word' id='word_1_188' title='bbox 810 3441 958 3506; x_wconf 90' lang='lat' dir='ltr'>afferebat</span> <span class='ocrx_word' id='word_1_189' title='bbox 980 3462 1077 3526; x_wconf 93' lang='lat' dir='ltr'>opum</span> <span class='ocrx_word' id='word_1_190' title='bbox 1101 3442 1323 3524; x_wconf 88' lang='lat' dir='ltr'>potentiaeque</span> <span class='ocrx_word' id='word_1_191' title='bbox 1347 3447 1384 3504; x_wconf 90' lang='lat' dir='ltr'>ut</span> <span class='ocrx_word' id='word_1_192' title='bbox 1406 3448 1514 3505; x_wconf 89' lang='lat' dir='ltr'>contra</span> <span class='ocrx_word' id='word_1_193' title='bbox 1534 3439 1624 3505; x_wconf 91' lang='lat' dir='ltr'>illam</span> <span class='ocrx_word' id='word_1_194' title='bbox 1646 3439 1691 3504; x_wconf 90' lang='lat' dir='ltr'>nil</span> <span class='ocrx_word' id='word_1_195' title='bbox 1710 3439 1797 3524; x_wconf 88' lang='lat' dir='ltr'>leges</span> <span class='ocrx_word' id='word_1_196' title='bbox 1817 3436 1992 3504; x_wconf 85' lang='lat' dir='ltr'>valerent.&#39;’</span> 
     </span>
     <span class='ocr_line' id='line_1_26' title="bbox 809 3545 1994 3632; baseline -0.003 -20"><span class='ocrx_word' id='word_1_197' title='bbox 809 3547 935 3632; x_wconf 78' lang='lat' dir='ltr'>Ergone</span> <span class='ocrx_word' id='word_1_198' title='bbox 959 3549 1014 3632; x_wconf 92' lang='lat' dir='ltr'>qui</span> <span class='ocrx_word' id='word_1_199' title='bbox 1037 3566 1147 3611; x_wconf 91' lang='lat' dir='ltr'>revera</span> <span class='ocrx_word' id='word_1_200' title='bbox 1168 3553 1265 3609; x_wconf 82' lang='grc'><strong>666166</strong></span> <span class='ocrx_word' id='word_1_201' title='bbox 1289 3552 1378 3611; x_wconf 89' lang='lat' dir='ltr'>erant</span> <span class='ocrx_word' id='word_1_202' title='bbox 1401 3553 1433 3611; x_wconf 87' lang='lat' dir='ltr'>et</span> <span class='ocrx_word' id='word_1_203' title='bbox 1456 3568 1593 3631; x_wconf 92' lang='lat' dir='ltr'>quorum</span> <span class='ocrx_word' id='word_1_204' title='bbox 1617 3546 1711 3630; x_wconf 92' lang='lat' dir='ltr'>culpa</span> <span class='ocrx_word' id='word_1_205' title='bbox 1735 3552 1802 3609; x_wconf 91' lang='lat' dir='ltr'>erat</span> <span class='ocrx_word' id='word_1_206' title='bbox 1825 3545 1994 3610; x_wconf 89' lang='lat' dir='ltr'>manifesta</span> 
     </span>
     <span class='ocr_line' id='line_1_27' title="bbox 810 3651 1994 3737; baseline -0.004 -19"><span class='ocrx_word' id='word_1_207' title='bbox 810 3651 959 3733; x_wconf 90' lang='lat' dir='ltr'>(coelibes</span> <span class='ocrx_word' id='word_1_208' title='bbox 989 3653 1131 3737; x_wconf 88' lang='lat' dir='ltr'>orbique)</span> <span class='ocrx_word' id='word_1_209' title='bbox 1163 3654 1296 3737; x_wconf 91' lang='lat' dir='ltr'>impune</span> <span class='ocrx_word' id='word_1_210' title='bbox 1327 3653 1485 3729; x_wconf 91' lang='lat' dir='ltr'>ferebant,</span> <span class='ocrx_word' id='word_1_211' title='bbox 1518 3655 1698 3717; x_wconf 90' lang='lat' dir='ltr'>innocentes</span> <span class='ocrx_word' id='word_1_212' title='bbox 1722 3672 1795 3716; x_wconf 89' lang='lat' dir='ltr'>vero</span> <span class='ocrx_word' id='word_1_213' title='bbox 1819 3659 1941 3736; x_wconf 81' lang='lat' dir='ltr'>(patres</span> <span class='ocrx_word' id='word_1_214' title='bbox 1964 3656 1994 3714; x_wconf 89' lang='lat' dir='ltr'>et</span> 
     </span>
     <span class='ocr_line' id='line_1_28' title="bbox 810 3756 1993 3845; baseline -0.003 -21"><span class='ocrx_word' id='word_1_215' title='bbox 810 3761 932 3829; x_wconf 84' lang='lat' dir='ltr'>mariti)</span> <span class='ocrx_word' id='word_1_216' title='bbox 963 3758 1034 3845; x_wconf 90' lang='lat' dir='ltr'>lege</span> <span class='ocrx_word' id='word_1_217' title='bbox 1061 3758 1244 3823; x_wconf 89' lang='lat' dir='ltr'>laborabant</span> <span class='ocrx_word' id='word_1_218' title='bbox 1275 3765 1307 3822; x_wconf 90' lang='lat' dir='ltr'>et</span> <span class='ocrx_word' id='word_1_219' title='bbox 1329 3780 1386 3843; x_wconf 92' lang='lat' dir='ltr'>pro</span> <span class='ocrx_word' id='word_1_220' title='bbox 1409 3759 1494 3823; x_wconf 92' lang='lat' dir='ltr'>orbis</span> <span class='ocrx_word' id='word_1_221' title='bbox 1517 3758 1751 3843; x_wconf 89' lang='lat' dir='ltr'>coelibibusque</span> <span class='ocrx_word' id='word_1_222' title='bbox 1773 3756 1814 3821; x_wconf 94' lang='lat' dir='ltr'>ad</span> <span class='ocrx_word' id='word_1_223' title='bbox 1836 3757 1993 3821; x_wconf 91' lang='lat' dir='ltr'>iudicium</span> 
     </span>
     <span class='ocr_line' id='line_1_29' title="bbox 809 3864 1994 3950; baseline -0.002 -21"><span class='ocrx_word' id='word_1_224' title='bbox 809 3865 1026 3941; x_wconf 88' lang='lat' dir='ltr'>trahebantur,</span> <span class='ocrx_word' id='word_1_225' title='bbox 1051 3872 1082 3929; x_wconf 90' lang='grc'>61</span> <span class='ocrx_word' id='word_1_226' title='bbox 1106 3867 1253 3950; x_wconf 90' lang='lat' dir='ltr'>quamvis</span> <span class='ocrx_word' id='word_1_227' title='bbox 1277 3885 1505 3941; x_wconf 83' lang='grc'><strong>6666666666,</strong></span> <span class='ocrx_word' id='word_1_228' title='bbox 1530 3865 1664 3929; x_wconf 87' lang='lat' dir='ltr'>feminas</span> <span class='ocrx_word' id='word_1_229' title='bbox 1684 3864 1943 3941; x_wconf 80' lang='lat' dir='ltr'>honestissimas,</span> <span class='ocrx_word' id='word_1_230' title='bbox 1964 3870 1994 3927; x_wconf 90' lang='lat' dir='ltr'>et</span> 
     </span>
     <span class='ocr_line' id='line_1_30' title="bbox 807 3967 1994 4046; baseline -0.003 -10"><span class='ocrx_word' id='word_1_231' title='bbox 807 3970 922 4036; x_wconf 89' lang='lat' dir='ltr'>liberos</span> <span class='ocrx_word' id='word_1_232' title='bbox 946 3976 1175 4046; x_wconf 90' lang='lat' dir='ltr'>monstrarent,</span> <span class='ocrx_word' id='word_1_233' title='bbox 1201 3978 1308 4034; x_wconf 89' lang='lat' dir='ltr'>tamen</span> <span class='ocrx_word' id='word_1_234' title='bbox 1331 3991 1440 4035; x_wconf 91' lang='lat' dir='ltr'>eorum</span> <span class='ocrx_word' id='word_1_235' title='bbox 1465 3970 1710 4034; x_wconf 89' lang='lat' dir='ltr'>subvertebatur</span> <span class='ocrx_word' id='word_1_236' title='bbox 1733 3967 1869 4034; x_wconf 84' lang='lat' dir='ltr'>domuel</span> <span class='ocrx_word' id='word_1_237' title='bbox 1893 3970 1994 4034; x_wconf 90' lang='lat' dir='ltr'>Pessi·</span> 
     </span>
     <span class='ocr_line' id='line_1_31' title="bbox 808 4075 1994 4162; baseline -0.003 -20"><span class='ocrx_word' id='word_1_238' title='bbox 808 4099 901 4142; x_wconf 93' lang='lat' dir='ltr'>mum</span> <span class='ocrx_word' id='word_1_239' title='bbox 924 4086 1008 4142; x_wconf 91' lang='grc'><strong>66616</strong></span> <span class='ocrx_word' id='word_1_240' title='bbox 1027 4083 1076 4141; x_wconf 87' lang='grc'>661</span> <span class='ocrx_word' id='word_1_241' title='bbox 1094 4077 1258 4139; x_wconf 79' lang='lat' dir='ltr'>delatorum</span> <span class='ocrx_word' id='word_1_242' title='bbox 1277 4096 1393 4162; x_wconf 92' lang='lat' dir='ltr'>genus;</span> <span class='ocrx_word' id='word_1_243' title='bbox 1415 4080 1441 4141; x_wconf 91' lang='lat' dir='ltr'>si</span> <span class='ocrx_word' id='word_1_244' title='bbox 1461 4082 1567 4141; x_wconf 90' lang='lat' dir='ltr'>tamen</span> <span class='ocrx_word' id='word_1_245' title='bbox 1587 4075 1669 4140; x_wconf 91' lang='lat' dir='ltr'>solos</span> <span class='ocrx_word' id='word_1_246' title='bbox 1689 4079 1871 4140; x_wconf 88' lang='lat' dir='ltr'>innocentes</span> <span class='ocrx_word' id='word_1_247' title='bbox 1891 4082 1994 4140; x_wconf 90' lang='lat' dir='ltr'>essent</span> 
     </span>
     <span class='ocr_line' id='line_1_32' title="bbox 809 4183 1993 4270; baseline -0.002 -23"><span class='ocrx_word' id='word_1_248' title='bbox 809 4185 971 4270; x_wconf 81' lang='lat' dir='ltr'>aggressi,</span> <span class='ocrx_word' id='word_1_249' title='bbox 996 4189 1099 4247; x_wconf 89' lang='lat' dir='ltr'>sontes</span> <span class='ocrx_word' id='word_1_250' title='bbox 1124 4204 1198 4246; x_wconf 91' lang='lat' dir='ltr'>vero</span> <span class='ocrx_word' id='word_1_251' title='bbox 1223 4205 1347 4268; x_wconf 89' lang='lat' dir='ltr'>semper</span> <span class='ocrx_word' id='word_1_252' title='bbox 1369 4186 1483 4247; x_wconf 89' lang='lat' dir='ltr'>missos</span> <span class='ocrx_word' id='word_1_253' title='bbox 1506 4183 1668 4257; x_wconf 86' lang='lat' dir='ltr'>fecissent,</span> <span class='ocrx_word' id='word_1_254' title='bbox 1693 4201 1785 4258; x_wconf 83' lang='lat' dir='ltr'>mox,</span> <span class='ocrx_word' id='word_1_255' title='bbox 1811 4187 1848 4245; x_wconf 89' lang='lat' dir='ltr'>ut</span> <span class='ocrx_word' id='word_1_256' title='bbox 1872 4185 1993 4266; x_wconf 91' lang='lat' dir='ltr'>opinor,</span> 
     </span>
     <span class='ocr_line' id='line_1_33' title="bbox 810 4287 1992 4372; baseline -0.002 -17"><span class='ocrx_word' id='word_1_257' title='bbox 810 4290 848 4355; x_wconf 92' lang='lat' dir='ltr'>de</span> <span class='ocrx_word' id='word_1_258' title='bbox 878 4292 919 4353; x_wconf 93' lang='lat' dir='ltr'>iis</span> <span class='ocrx_word' id='word_1_259' title='bbox 949 4294 1057 4353; x_wconf 91' lang='lat' dir='ltr'>aetum</span> <span class='ocrx_word' id='word_1_260' title='bbox 1087 4288 1199 4353; x_wconf 91' lang='lat' dir='ltr'>fuisset</span> <span class='ocrx_word' id='word_1_261' title='bbox 1230 4291 1329 4354; x_wconf 90' lang='lat' dir='ltr'>etiam</span> <span class='ocrx_word' id='word_1_262' title='bbox 1361 4289 1485 4354; x_wconf 90' lang='lat' dir='ltr'>Nerone</span> <span class='ocrx_word' id='word_1_263' title='bbox 1516 4287 1566 4354; x_wconf 89' lang='lat' dir='ltr'>vel</span> <span class='ocrx_word' id='word_1_264' title='bbox 1598 4287 1780 4352; x_wconf 87' lang='lat' dir='ltr'>Domitiano</span> <span class='ocrx_word' id='word_1_265' title='bbox 1803 4290 1992 4372; x_wconf 90' lang='lat' dir='ltr'>imperante.</span> 
     </span>
     <span class='ocr_line' id='line_1_34' title="bbox 810 4392 1995 4477; baseline 0 -18"><span class='ocrx_word' id='word_1_266' title='bbox 810 4395 934 4461; x_wconf 88' lang='lat' dir='ltr'>Revera</span> <span class='ocrx_word' id='word_1_267' title='bbox 958 4394 1059 4458; x_wconf 83' lang='lat' dir='ltr'>Taciti</span> <span class='ocrx_word' id='word_1_268' title='bbox 1084 4396 1258 4458; x_wconf 90' lang='lat' dir='ltr'>narrationi</span> <span class='ocrx_word' id='word_1_269' title='bbox 1280 4396 1361 4459; x_wconf 92' lang='lat' dir='ltr'>hanc</span> <span class='ocrx_word' id='word_1_270' title='bbox 1384 4395 1511 4459; x_wconf 86' lang='lat' dir='ltr'>subesse</span> <span class='ocrx_word' id='word_1_271' title='bbox 1533 4416 1593 4456; x_wconf 83' lang='lat' dir='ltr'>rem</span> <span class='ocrx_word' id='word_1_272' title='bbox 1616 4398 1712 4477; x_wconf 91' lang='lat' dir='ltr'>puto,</span> <span class='ocrx_word' id='word_1_273' title='bbox 1737 4413 1833 4476; x_wconf 90' lang='lat' dir='ltr'>quam</span> <span class='ocrx_word' id='word_1_274' title='bbox 1857 4392 1913 4458; x_wconf 91' lang='lat' dir='ltr'>ille</span> <span class='ocrx_word' id='word_1_275' title='bbox 1938 4401 1995 4459; x_wconf 89' lang='lat' dir='ltr'>aut</span> 
     </span>
     <span class='ocr_line' id='line_1_35' title="bbox 809 4497 1994 4586; baseline -0.001 -20"><span class='ocrx_word' id='word_1_276' title='bbox 809 4521 972 4586; x_wconf 91' lang='lat' dir='ltr'>nunquam</span> <span class='ocrx_word' id='word_1_277' title='bbox 997 4501 1158 4584; x_wconf 82' lang='lat' dir='ltr'>perspexit</span> <span class='ocrx_word' id='word_1_278' title='bbox 1181 4507 1236 4564; x_wconf 92' lang='lat' dir='ltr'>aut</span> <span class='ocrx_word' id='word_1_279' title='bbox 1260 4500 1367 4585; x_wconf 87' lang='lat' dir='ltr'>palam</span> <span class='ocrx_word' id='word_1_280' title='bbox 1391 4499 1537 4585; x_wconf 91' lang='lat' dir='ltr'>proloqui</span> <span class='ocrx_word' id='word_1_281' title='bbox 1560 4504 1705 4563; x_wconf 92' lang='lat' dir='ltr'>veretur:</span> <span class='ocrx_word' id='word_1_282' title='bbox 1734 4501 1767 4561; x_wconf 91' lang='lat' dir='ltr'>in</span> <span class='ocrx_word' id='word_1_283' title='bbox 1793 4497 1865 4585; x_wconf 91' lang='lat' dir='ltr'>lege</span> <span class='ocrx_word' id='word_1_284' title='bbox 1893 4498 1994 4586; x_wconf 88' lang='lat' dir='ltr'>Papia</span> 
     </span>
     <span class='ocr_line' id='line_1_36' title="bbox 808 4604 1993 4692; baseline 0.003 -23"><span class='ocrx_word' id='word_1_285' title='bbox 808 4608 955 4692; x_wconf 87' lang='lat' dir='ltr'>Poppaea</span> <span class='ocrx_word' id='word_1_286' title='bbox 975 4605 1125 4690; x_wconf 89' lang='lat' dir='ltr'>praesidii</span> <span class='ocrx_word' id='word_1_287' title='bbox 1143 4605 1190 4671; x_wconf 90' lang='lat' dir='ltr'>nil</span> <span class='ocrx_word' id='word_1_288' title='bbox 1208 4614 1292 4685; x_wconf 89' lang='lat' dir='ltr'>erat,</span> <span class='ocrx_word' id='word_1_289' title='bbox 1313 4606 1351 4671; x_wconf 89' lang='lat' dir='ltr'>ad</span> <span class='ocrx_word' id='word_1_290' title='bbox 1371 4609 1471 4670; x_wconf 91' lang='lat' dir='ltr'>iustas</span> <span class='ocrx_word' id='word_1_291' title='bbox 1490 4607 1618 4689; x_wconf 87' lang='lat' dir='ltr'>nuptias</span> <span class='ocrx_word' id='word_1_292' title='bbox 1637 4624 1671 4669; x_wconf 90' lang='lat' dir='ltr'>se</span> <span class='ocrx_word' id='word_1_293' title='bbox 1690 4604 1838 4690; x_wconf 91' lang='lat' dir='ltr'>compelli</span> <span class='ocrx_word' id='word_1_294' title='bbox 1857 4606 1993 4673; x_wconf 88' lang='lat' dir='ltr'>Romani</span> 
     </span>
    </p>
   </div>
   <div class='ocr_carea' id='block_1_3' title="bbox 807 4786 1995 5011">
    <p class='ocr_par' dir='ltr' id='par_1_7' title="bbox 807 4786 1995 5011">
     <span class='ocr_line' id='line_1_37' title="bbox 844 4786 1995 4855; baseline 0.003 -19"><span class='ocrx_word' id='word_1_295' title='bbox 844 4791 868 4848; x_wconf 93' lang='grc'>1)</span> <span class='ocrx_word' id='word_1_296' title='bbox 887 4791 1033 4855; x_wconf 87' lang='lat' dir='ltr'>Corruptum</span> <span class='ocrx_word' id='word_1_297' title='bbox 1051 4804 1099 4837; x_wconf 87' lang='grc'><strong>6666</strong></span> <span class='ocrx_word' id='word_1_298' title='bbox 1117 4790 1202 4854; x_wconf 84' lang='grc'><strong>661666</strong></span> <span class='ocrx_word' id='word_1_299' title='bbox 1220 4789 1351 4838; x_wconf 77' lang='lat' dir='ltr'>inritandis</span> <span class='ocrx_word' id='word_1_300' title='bbox 1367 4803 1456 4855; x_wconf 83' lang='lat' dir='ltr'>proque</span> <span class='ocrx_word' id='word_1_301' title='bbox 1474 4803 1501 4835; x_wconf 89' lang='grc'>66</span> <span class='ocrx_word' id='word_1_302' title='bbox 1519 4786 1669 4835; x_wconf 61' lang='lat' dir='ltr'>intendendae</span> <span class='ocrx_word' id='word_1_303' title='bbox 1686 4786 1810 4850; x_wconf 81' lang='lat' dir='ltr'>legendnm</span> <span class='ocrx_word' id='word_1_304' title='bbox 1829 4789 1887 4847; x_wconf 90' lang='grc'><strong>(1.6.</strong></span> <span class='ocrx_word' id='word_1_305' title='bbox 1906 4807 1995 4855; x_wconf 69' lang='lat' dir='ltr'>auqu-</span> 
     </span>
     <span class='ocr_line' id='line_1_38' title="bbox 807 4868 1995 4935; baseline 0.003 -18"><span class='ocrx_word' id='word_1_306' title='bbox 807 4870 864 4930; x_wconf 77' lang='lat' dir='ltr'>da&#39;e).</span> <span class='ocrx_word' id='word_1_307' title='bbox 890 4871 925 4918; x_wconf 87' lang='lat' dir='ltr'>ct.</span> <span class='ocrx_word' id='word_1_308' title='bbox 949 4871 1108 4927; x_wconf 75' lang='lat' dir='ltr'>nnn.1v,2</span> <span class='ocrx_word' id='word_1_309' title='bbox 1131 4872 1176 4919; x_wconf 72' lang='lat' dir='ltr'>cin</span> <span class='ocrx_word' id='word_1_310' title='bbox 1199 4872 1367 4935; x_wconf 75' lang='lat' dir='ltr'>praefecturae</span> <span class='ocrx_word' id='word_1_311' title='bbox 1383 4872 1494 4920; x_wconf 67' lang='lat' dir='ltr'>medeam</span> <span class='ocrx_word' id='word_1_312' title='bbox 1512 4874 1585 4918; x_wconf 79' lang='lat' dir='ltr'>antea</span> <span class='ocrx_word' id='word_1_313' title='bbox 1601 4868 1714 4919; x_wconf 64' lang='lat' dir='ltr'>intent.</span> <span class='ocrx_word' id='word_1_314' title='bbox 1731 4868 1773 4929; x_wconf 86' lang='lat' dir='ltr'>IV,</span> <span class='ocrx_word' id='word_1_315' title='bbox 1792 4870 1944 4934; x_wconf 72' lang='grc'><strong>2661661666</strong></span> <span class='ocrx_word' id='word_1_316' title='bbox 1961 4874 1995 4921; x_wconf 77' lang='lat' dir='ltr'>irr-</span> 
     </span>
     <span class='ocr_line' id='line_1_39' title="bbox 809 4950 1265 5011; baseline 0.004 -12"><span class='ocrx_word' id='word_1_317' title='bbox 809 4952 895 4999; x_wconf 74' lang='grc'><strong>1666111.</strong></span> <span class='ocrx_word' id='word_1_318' title='bbox 912 4950 981 5011; x_wconf 79' lang='lat' dir='ltr'>xm,</span> <span class='ocrx_word' id='word_1_319' title='bbox 998 4953 1030 5002; x_wconf 85' lang='lat'>20</span> <span class='ocrx_word' id='word_1_320' title='bbox 1048 4951 1117 5001; x_wconf 76' lang='grc'><strong>16666</strong></span> <span class='ocrx_word' id='word_1_321' title='bbox 1134 4951 1265 5002; x_wconf 72' lang='lat' dir='ltr'>intendero.</span> 
     </span>
    </p>
   </div>
   <div class='ocr_carea' id='block_1_4' title="bbox 0 0 2568 6150">
    <p class='ocr_par' dir='ltr' id='par_1_8' title="bbox 0 0 2568 6150">
     <span class='ocr_line' id='line_1_40' title="bbox 0 0 2568 6150; baseline 0 0"><span class='ocrx_word' id='word_1_322' title='bbox 0 0 2568 6150; x_wconf 95' lang='lat' dir='ltr'> </span> 
     </span>
    </p>
   </div>
  </div>
 </body>
</html>
