5125 6150
1068 869 1111 914 so
1134 867 1363 915 snrsrornsnrs
1386 868 1523 915 aaaron.
1817 847 1883 912 419

690 1033 849 1116 interpres
873 1031 1029 1114 Polycrati
1051 1031 1135 1096 illud
1159 1030 1326 1095 oraculum
1352 1032 1464 1095 datum
1489 1031 1587 1095 fuisse
1612 1030 1767 1114 perhibet.
1793 1028 1885 1109 Quod

691 1142 801 1202 autem
829 1137 972 1202 aeribunt
1002 1137 1297 1222 paroemiographi:
1331 1139 1451 1214 „etiam
1476 1137 1708 1201 Anacreontem
1731 1136 1791 1199 hoo
1815 1156 1884 1220 pro

691 1244 801 1307 verbio
832 1264 927 1307 usum
960 1242 1060 1319 esse”‚
1092 1243 1125 1306 id
1157 1242 1229 1307 vide
1256 1264 1296 1307 ne
1320 1241 1448 1307 fluxerit
1472 1263 1510 1306 ex
1536 1244 1754 1326 antiquiorum
1778 1261 1884 1326 gram·

692 1351 885 1413 matioorum
909 1350 1014 1413 verbis
1033 1348 1117 1414 male
1136 1348 1327 1414 intellectis:
1349 1351 1468 1424 „etiam
1490 1351 1721 1413 Anacreontem
1740 1335 1886 1411 Milesios

691 1455 789 1518 fortes
819 1454 972 1519 voeasse”
990 1453 1023 1532 ¹).
1059 1454 1101 1518 Et
1134 1457 1265 1520 omuino
1297 1455 1448 1517 orontium
1471 1453 1553 1517 illud
1576 1474 1638 1517 non
1661 1450 1807 1536 Apollini
1831 1451 1885 1515 sed

690 1563 836 1625 virorum
866 1558 1035 1624 doetorum
1064 1563 1195 1646 ingenio
1228 1560 1335 1625 deberi
1366 1563 1443 1625 satis
1475 1564 1634 1624 testantur
1660 1579 1735 1623 oum
1759 1559 1886 1621 numeri

689 1664 824 1729 iambici
847 1672 918 1729 tum
942 1663 1098 1730 Herodoti
1118 1664 1295 1730 silentium.
1321 1665 1465 1729 Dubium
1484 1685 1559 1729 vero
1578 1670 1687 1728 manet
1707 1684 1770 1748 quo
1791 1683 1886 1727 sensu

690 1769 840 1835 Milesios
871 1770 990 1847 „fortes
1021 1770 1120 1836 olim”
1154 1771 1273 1836 dixerit
1303 1773 1427 1855 primus
1459 1772 1556 1835 huius
1588 1768 1739 1834 versiculi
1762 1776 1883 1832 auctor.
1928 1791 1931 1795 ·

690 1875 830 1941 Rectene
853 1877 1039 1941 Athenaeus
1063 1878 1126 1941 hue
1151 1875 1280 1942 rettulit
1305 1877 1401 1941 verba
1424 1874 1625 1940 Aristotelis:
1651 1876 1820 1953 „Moriens
1845 1875 1884 1944 ὥς

690 1983 877 2060 ὑπήχθησαν
903 1982 988 2062 ἡδονῇ
1014 1983 1065 2046 nni
1090 1990 1211 2063 τρυφῇ,
1237 1981 1387 2061 κατερρύη
1408 1981 1442 2044 τὸ
1463 1980 1658 2056 retentione
1679 1978 1830 2059 inipeioo’'
1846 1977 1882 2063 ⁹),

688 2090 736 2152 ita
766 2092 804 2151 ut
834 2087 1080 2169 vituperationem
1112 2095 1140 2150 et
1170 2089 1374 2151 contumeliam
1401 2087 1551 2152 habuerit
1575 2089 1727 2172 pristinae
1751 2087 1883 2149 virtutis

648 2240 656 2286 ,¹
688 2191 747 2256 illa
776 2190 919 2257 mentio?
950 2196 1001 2257 An
1025 2196 1110 2258 ritae
1134 2194 1352 2259 condicionem
1378 2197 1532 2279 temporis
1557 2193 1767 2277 fortunaeque
1789 2189 1884 2255 inole

689 2300 811 2362 mentia
840 2300 875 2361 in
905 2297 1046 2364 deterius
1069 2305 1230 2363 mutatam
1253 2300 1414 2364 indicabat
1439 2285 1583 2375 tantum,
1608 2305 1645 2362 ut
1668 2296 1786 2382 gallica
1808 2295 1882 2360 illa:

689 2402 731 2465 ila
760 2410 828 2466 sont
851 2401 977 2485 poeae'a,
1008 2426 1055 2467 oea
1077 2405 1168 2488 jonre
1199 2407 1236 2468 de
1258 2404 1348 2491 stite!
1375 2402 1443 2469 vel:
1470 2404 1507 2467 ool
1531 2406 1606 2467 dare
1628 2410 1695 2465 aont
1718 2403 1760 2465 leo
1783 2401 1883 2482 neiyea

690 2508 846 2572 d’antan?
869 2546 911 2558 -
935 2507 1045 2573 Multo
1077 2511 1181 2594 aptior
1211 2508 1290 2574 loeis
1322 2510 1562 2594 Aristophaneis
1594 2509 1646 2573 hio
1670 2529 1780 2572 sensus
1802 2506 1886 2570 mihi

691 2613 832 2690 videtur,
857 2622 889 2678 et
912 2616 1067 2700 suspicari
1090 2613 1165 2679 lieet
1189 2636 1252 2679 non
1275 2637 1293 2680 e
1312 2615 1567 2680 Branchidarum
1589 2616 1662 2679 fano
1682 2613 1735 2678 sed
1756 2635 1772 2677 e
1792 2633 1885 2678 scena

690 2721 799 2783 Attica
817 2718 1001 2784 desumtum
1016 2741 1083 2784 esse
1095 2720 1284 2798 dicterium
1302 2721 1480 2807 Phryniohi
1493 2726 1601 2786 autem
1615 2720 1756 2794 Μιλήτου
1769 2716 1884 2783 ἅλωσιν

689 2828 723 2888 in
749 2830 891 2889 mentem
915 2825 997 2888 mihi
1021 2830 1114 2890 vocat
1137 2828 1278 2890 imitatio
1303 2825 1519 2893 Philocleouis
1542 2831 1595 2891 τοῦ
1618 2825 1855 2907 φιλοφρυνΙχου.

736 2929 846 2994 Unum
875 2930 967 2996 addo.
992 2930 1123 2995 lurenis
1146 2932 1243 2996 verba
1267 2939 1416 3018 proterva
1439 2955 1500 2997 non
1527 2933 1710 3019 significant
1735 2931 1884 3009 „oetatem

689 3035 812 3101 dudum
847 3034 1063 3114 defloruisse'',
1099 3042 1136 3101 ut
1164 3036 1258 3103 faoile
1291 3041 1454 3125 putaverit
1486 3041 1557 3124 quis
1587 3037 1770 3104 reeordatus
1805 3036 1882 3101 dieti

688 3139 841 3206 Perielei:
867 3140 1069 3219 ,‚'Etnoinn‚
1091 3146 1188 3223 yonii
1210 3138 1271 3220 εἷ”,
1292 3143 1363 3208 sed:
1388 3167 1439 3221 „ee
1458 3166 1520 3209 non
1540 3148 1606 3209 iam
1626 3165 1693 3208 esse
1714 3149 1881 3208 strenuum

688 3252 883 3324 amatorem,
906 3246 982 3313 lieet
1005 3247 1083 3312 olim
1108 3248 1238 3313 fuerit'’.

1262 3685 1316 3752 IV.

734 3886 859 3951 Addam
893 3886 979 3953 locos
1013 3888 1200 3966 nonnullos,
1236 3890 1274 3955 de
1309 3912 1446 3976 quorum
1482 3892 1729 3974 interpretatione
1759 3889 1880 3974 aliquid

686 3991 817 4057 videtur
852 3994 1097 4059 observandum.
1133 3994 1254 4079 Incipio
1286 4018 1304 4061 a
1335 3995 1503 4083 Ohremyli
1535 3998 1573 4062 ad
1604 3996 1741 4060 Plutum
1773 3996 1879 4060 verbis

687 4102 749 4176 (vs.
777 4094 872 4182 178):

870 4203 887 4276 ii
912 4202 1086 4285 ξυμμαχία
1110 4205 1136 4269 δ’
1160 4205 1192 4269 oi
1216 4204 1267 4270 tri
1292 4206 1327 4271 ri
1351 4215 1414 4278 τοῖς
1438 4205 1639 4283 nitentem

732 4309 824 4371 Anno
855 4305 918 4372 391
951 4310 984 4372 in
1016 4307 1124 4395 prro
1153 4311 1310 4391 Maeotae
1341 4333 1396 4376 rex
1428 4310 1600 4375 Salaminis
1632 4312 1671 4376 ab
1700 4313 1876 4378 Artaxerxe

685 4410 844 4476 defecerat
862 4417 895 4477 et
913 4434 988 4477 oum
1008 4416 1152 4500 Aegypti
1172 4415 1295 4480 dudum
1314 4415 1498 4480 rebellantis
1518 4437 1594 4502 rege
1616 4418 1744 4480 leonide
1762 4420 1879 4482 inierat

683 4519 871 4581 societatem
879 4539 887 4596 ;
931 4540 987 4604 per
1026 4522 1201 4585 triennium
1240 4527 1350 4585 autem
1390 4524 1498 4606 eopiae
1536 4522 1707 4586 Persarum
1743 4523 1878 4587 ducibus

719 4793 747 4857 1)
766 4793 803 4840 Cl.
820 4792 918 4841 nahelis.

719 4876 748 4935 2)
774 4874 828 4924 11111.
851 4875 938 4924 Athen.
961 4877 1024 4934 ⁶83,
1047 4877 1108 4926 unde
1130 4877 1229 4925 tortasse
1250 4877 1359 4936 efficitur,
1383 4878 1461 4943 ipsum
1484 4878 1637 4928 Aristotelem
1661 4878 1813 4943 [troverbium
1835 4882 1872 4931 aio

683 4973 735 5008 aare
751 4958 945 5021 interpretatum.
