5125 6150
786 810 853 876 248
1295 831 1461 884 uueunss.

831 992 930 1077 §52:
956 993 1045 1058 έύέλυ
1070 994 1255 1059 στε1σασύαι
1282 993 1335 1068 ἤδη
1362 994 1435 1072 πρὸς
1457 994 1492 1059 σέ
1516 994 1565 1057 ἐτ’
1588 994 1688 1058 αὐτῶν
1712 1017 1750 1070 γε
1771 1000 1828 1058 τῶν
1848 994 1974 1072 βωμῶν,

785 1099 832 1169 ὥς
856 1097 967 1174 μνκέτι
991 1099 1058 1176 τερ)
1081 1101 1195 1164 τούτοιν
1219 1100 1433 1177 έρέσοιμεν.
1465 1098 1571 1164 Malo:
1597 1099 1662 1162 καὶ
1686 1098 1796 1176 μηκέτι
1818 1100 1884 1179 περὶ
1907 1099 1976 1164 τού·

785 1226 844 1266 τυν
868 1204 1065 1282 έρέσομεν.

976 1370 1040 1449 (Ad
1064 1370 1209 1434 Samnitem
1232 1394 1256 1434 a.
1286 1371 1421 1448 Gallum,
1446 1370 1520 1435 vide
1543 1390 1639 1455 supra
1662 1392 1692 1455 p.
1721 1370 1788 1449 11.)

1254 1475 1506 1556 Ιοιινοικοκὶρριιε.

828 1626 846 1708 ᾖ
867 1623 926 1687 12:
951 1621 1040 1695 ἄτας
1064 1624 1078 1687 d
1102 1630 1160 1688 τῶν
1185 1624 1344 1703 οὶνύρύτοιν
1363 1624 1432 1701 βίος
1453 1623 1506 1699 ἤδη
1529 1647 1580 1701 μοι
1602 1624 1828 1705 κατεφαίνετο,
1848 1625 1880 1688 ού
1902 1626 1975 1687 κατ’

783 1727 848 1803 lton
883 1729 969 1806 μύνον
1000 1730 1053 1793 καὶ
1085 1729 1208 1808 τέλειε,
1242 1731 1330 1794 οέλλοὶ
1363 1731 1414 1793 καὶ
1447 1729 1534 1794 αὐτοὶ
1566 1736 1677 1809 σαφῶς
1707 1731 1733 1795 οἱ
1759 1728 1923 1807 πλέοντες,
1948 1731 1975 1794 el

783 1839 1079 1913 πολεμοῦντες,
1100 1838 1125 1900 οἱ
1145 1842 1372 1914 γεωργοῦντες,
1391 1837 1416 1900 οἱ
1437 1834 1646 1915 δικαζόμενοι,
1667 1835 1708 1899 τοὶ
1729 1835 1901 1912 γύναια,
1923 1835 1974 1899 τοὶ

784 1939 824 2013 tn
834 1941 867 2016 ρι’
876 1965 896 2003 α
934 1939 986 2003 καὶ
1023 1939 1112 2004 aaut·
1144 1940 1251 2012 οὶτλῶς
1282 1942 1383 2005 ύτύσα
1418 1940 1522 2021 τρέφει
1558 1939 1691 2021 ζείδωρος
1726 1940 1847 2018 ἄρουρα.
1883 1940 1974 2005 Haec

782 2045 880 2109 verba
903 2048 1050 2130 componi
1073 2052 1207 2129 possunt
1230 2067 1306 2111 cum
1329 2045 1471 2132 'Frygaei
1489 2047 1595 2111 verbis
1613 2048 1648 2109 in
1668 2045 1749 2110 Pace
1770 2045 1851 2110 821:
1873 2044 1972 2125 μικροὶ

782 2148 810 2212 δ’
834 2148 904 2227 ύρῖιν
935 2149 1045 2213 ἄνωθεν
1080 2146 1151 2227 ἦτε,
1188 2151 1242 2215 sed
1275 2171 1372 2235 quam
1402 2153 1485 2215 miro
1515 2150 1609 2215 modo
1639 2153 1723 2215 inter
1752 2150 1918 2237 litigantes
1941 2157 1975 2215 et

783 2253 935 2318 bestiolas
966 2263 1170 2320 recensentur
1201 2255 1410 2321 mulierculae
1441 2277 1520 2340 quae
1553 2256 1686 2320 Athenis
1709 2262 1803 2332 certe,
1828 2257 1885 2320 ubi
1907 2255 1976 2320 Me

783 2362 900 2446 nippus
932 2360 1003 2432 τοὺς
1034 2358 1247 2439 δικαζομένους
1271 2362 1501 2446 conspiciebat,
1525 2384 1587 2426 non
1611 2363 1708 2426 sicuti
1730 2361 1814 2446 apud
1836 2382 1894 2425 nos
1917 2382 1975 2447 per

781 2468 887 2531 otium
919 2465 1166 2532 deambulabant
1195 2470 1229 2530 in
1261 2466 1393 2553 plateis,
1418 2466 1472 2531 sed
1496 2466 1584 2531 domi
1607 2464 1777 2531 latitabant
1800 2469 1835 2530 in
1859 2467 1975 2531 umbra

782 2577 815 2636 et
849 2570 908 2635 sub
943 2576 1036 2636 tecto.
1072 2571 1131 2636 hlst
1161 2579 1270 2637 autem
1299 2570 1489 2658 legendnm:
1522 2572 1547 2636 el
1581 2569 1788 2652 δικαζόμενοι,
1819 2573 1861 2636 τοὶ
1891 2595 1974 2635 τυν-

782 2680 912 2740 ναῦτα
948 2677 1044 2755 inple.
1080 2676 1287 2743 Adiectivnm
1322 2683 1371 2742 est
1404 2677 1489 2762 apud
1525 2677 1770 2762 Aristophanem
1803 2677 1972 2762 aliquoties

780 2782 933 2858 obvium,
965 2804 996 2847 v.
1022 2804 1047 2847 c.
1081 2782 1166 2847 Nub.
1192 2783 1275 2848 392:
1301 2783 1365 2847 ciart
1389 2781 1546 2860 γαςριδέου
1570 2784 1757 2864 τυννουτουέ,
1782 2781 1860 2846 Rau.
1888 2781 1971 2846 139:

781 2887 811 2951 έν
841 2888 987 2967 πλοιαρίῳ
1017 2889 1193 2968 τυννουτῳί,
1225 2889 1263 2953 de
1292 2911 1355 2974 quo
1387 2889 1543 2955 adiectivo
1575 2888 1642 2952 dixi
1672 2891 1706 2952 in
1736 2889 1848 2952 Maera.
1883 2886 1971 2952 1882

780 3015 812 3079 p.
833 2991 909 3059 372.
933 2994 1101 3058 Praeterea
1123 3015 1198 3059 cum
1221 2997 1328 3059 nautis
1352 3000 1384 3058 et
1403 2994 1551 3081 agricolis
1571 2997 1679 3058 minus
1698 3000 1783 3058 recte
1803 2992 1972 3058 bellatores

780 3105 1030 3184 componuntur3
1055 3100 1169 3164 malim
1191 3100 1273 3165 fere:
1299 3101 1325 3165 ol
1349 3101 1513 3178 πλέοντες,
1537 3101 1563 3165 οἱ
1585 3099 1904 3179 ύδοιτορούντες.
2011 3159 2015 3166 .

825 3315 843 3397 §
872 3312 930 3377 15:
966 3314 1017 3378 τὸν
1054 3314 1208 3378 Σελεύκου
1243 3313 1273 3378 δέ
1309 3312 1471 3393 ’Λντύοχον
1506 3314 1760 3394 Στρατονέκγ
1794 3312 1971 3378 διανεύοντα

779 3418 880 3496 λάθρα
903 3428 940 3500 τῇ
964 3425 1109 3503 μητρυιᾷ.
1134 3419 1223 3498 Quod
1242 3422 1312 3504 ipsa
1331 3418 1532 3484 incommoda
1551 3417 1699 3484 vocabuli
1719 3418 1792 3483 sede
1811 3421 1970 3504 arguitur,

780 3523 940 3588 Lucienus
973 3526 1007 3586 in
1044 3531 1111 3588 tam
1143 3529 1218 3588 nota
1246 3522 1415 3588 historiola
1445 3545 1509 3589 non
1540 3544 1651 3610 operae
1683 3527 1824 3609 pretium
1856 3525 1971 3588 habuit

778 3630 886 3713 ipsum
910 3628 1086 3693 adscribere
1109 3628 1303 3693 Stratonices
1327 3649 1460 3707 uomen;
1486 3631 1531 3693 sic
1554 3631 1642 3692 enim
1661 3627 1756 3705 solet,
1776 3627 1881 3693 veluti
1901 3629 1969 3712 §2:

779 3735 812 3797 ού
836 3734 917 3797 reive
938 3730 1037 3803 ἔοικας
1057 3734 1157 3815 ἐκείνῳ
1178 3737 1220 3814 τῷ
1242 3735 1341 3814 Φρυγί
1349 3783 1357 3811 ,
1378 3755 1452 3798 nam
1473 3731 1695 3820 Ganymedem
1715 3755 1825 3798 omnes
1844 3741 1968 3809 norant,

778 3839 931 3904 etmulti
955 3839 1113 3904 eiusmodi
1137 3839 1199 3904 loci
1222 3842 1367 3923 conquiri
1391 3846 1535 3925 possunt.
1567 3876 1609 3887 —
1639 3839 1818 3904 Notissima
1840 3845 1888 3904 est
1911 3837 1969 3902 illa

778 3945 816 4009 de
841 3945 1018 4009 Stratonice
1042 3945 1193 4022 historia,
1217 3965 1314 4029 quam
1339 3945 1500 4029 deperibat
1523 3945 1700 4008 Antiochus
1723 3943 1847 4008 Seleuci
1869 3942 1966 4007 filius.

778 4050 840 4114 Hic
871 4048 1035 4114 commode
1066 4049 1147 4112 mihi
1177 4052 1210 4112 in
1241 4056 1384 4113 mentem
1416 4051 1504 4113 venit
1535 4047 1629 4114 Pauli
1650 4048 1814 4134 Apostoli,
1839 4052 1895 4132 qui
1918 4051 1967 4114 ita

778 4156 889 4219 scribit
923 4152 982 4239 Ep.
1017 4157 1112 4240 prior.
1144 4154 1183 4219 ad
1214 4151 1398 4220 Corinthios
1429 4153 1519 4218 V2:
1552 4150 1629 4226 ὅλως
1660 4153 1806 4217 ἀκούεται
1839 4155 1868 4217 έν
1893 4154 1967 4230 ὑμῖν

778 4259 900 4339 τορνεέα
931 4260 983 4323 καὶ
1016 4260 1141 4333 τοιαύτη
1174 4262 1297 4338 τορνεύα
1326 4259 1391 4335 ἥτις
1423 4258 1483 4323 ott·
1516 4259 1545 4322 έν
1576 4267 1639 4331 τοῖς
1663 4257 1784 4336 έύνεσιν,
1808 4256 1880 4328 dra
1903 4283 1968 4337 γυ-

778 4364 901 4430 vernat
931 4389 1023 4429 τινα
1046 4365 1294 4444 τοῦπατρὸς
1321 4362 1512 4444 ἔχεινκαὶ
1538 4366 1625 4442 ὑμεῖς
1650 4365 1872 4445 πεφυσιωμένοι
1898 4366 1966 4443 aa,

777 4470 830 4533 καὶ
863 4470 933 4549 cdxl
964 4476 1088 4547 μᾶλλον
1120 4470 1393 4548 ε’τενύύσατε,
1425 4469 1474 4534 ἵνα
1506 4472 1579 4550 οὶρύῇ
1613 4472 1648 4533 έκ
1670 4470 1764 4547 μέσου
1789 4472 1870 4547 ὑμῶν
1894 4471 1907 4533 d
1931 4473 1967 4536 τὸ

777 4572 863 4653 ἔργον
893 4580 982 4640 τοῦτο
1013 4575 1153 4656 τρύξας,
1178 4597 1252 4640 cum
1277 4577 1393 4660 quibus
1417 4577 1523 4640 verbis
1546 4576 1585 4640 cf.
1610 4576 1631 4641 2
1656 4574 1800 4641 Corinth.
1827 4575 1885 4640 Vll
1912 4576 1966 4653 12,

775 4681 833 4744 ubi
863 4679 1079 4765 intelligimus
1110 4678 1314 4746 Corinthium
1339 4679 1433 4745 illum
1452 4688 1543 4762 petre
1565 4681 1631 4744 otoo
1655 4702 1822 4745 nouercam
1845 4679 1968 4746 adulte·

775 4787 896 4849 rarisse
916 4788 1020 4870 magis
1040 4808 1136 4871 quarn
1156 4789 1258 4871 specie
1274 4787 1355 4849 iusti
1374 4789 1574 4850 matrimonii
1593 4786 1632 4850 ad
1644 4793 1793 4872 stuprum
1806 4785 1966 4852 allexisse.

777 4888 823 4953 De
843 4910 879 4954 eo
897 4888 965 4955 loco
986 4893 1039 4975 egi
1060 4893 1169 4954 Mem.
1193 4889 1280 4955 1878
1300 4913 1330 4976 p.
1353 4889 1396 4954 98
1416 4898 1448 4955 et
1467 4891 1578 4955 studui
1597 4892 1761 4956 ostendere
1781 4897 1967 4976 corruptam
