5125 6150
1102 826 1268 874 nneunns.
1718 809 1782 873 165

629 993 733 1076 §202
764 991 924 1059 σαίνεις
947 990 973 1053 δ’
997 987 1078 1063 όμως
1102 992 1157 1060 την
1181 988 1361 1068 ὑπόσχεσιν.
1385 988 1493 1054 Stulta
1515 988 1610 1054 lectio
1633 993 1698 1064 est,
1723 1010 1780 1053 nec

587 1097 762 1183 quidquam
794 1096 960 1182 proficitur
989 1095 1159 1159 Fritzschii
1182 1098 1391 1159 coniecturis:
1416 1097 1529 1164 σαίνεις
1554 1094 1579 1157 ὃ·
1604 1091 1684 1169 όμας
1707 1095 1780 1173 πρὸς

588 1208 639 1276 την
673 1205 845 1283 ὑπόσχεσιν
873 1201 928 1266 vel
956 1202 1044 1278 οαίνη
1069 1201 1093 1263 δ’
1118 1200 1198 1276 όμοις
1223 1210 1260 1280 τῇ
1287 1200 1463 1279 ὑποσχέσει.
1488 1199 1627 1264 Aliunde
1651 1199 1780 1263 affertur

588 1313 674 1374 varia
699 1309 794 1374 lectio
819 1310 1006 1378 ἐπαινεῖς
1031 1327 1130 1391 eaque
1153 1308 1236 1370 mihi
1260 1309 1429 1370 verissima
1453 1306 1590 1371 videtur.

629 1490 730 1574 §20:
756 1491 847 1555 είπόιν
871 1488 1020 1568 έλοόχιςον
1045 1489 1097 1552 καί
1123 1489 1248 1563 μόλις-α
1273 1512 1297 1550 π
1306 1489 1368 1566 pbr
1393 1489 1451 1558 τοὶς
1476 1491 1533 1559 σοὶς
1555 1489 1671 1558 ε’κείνας
1695 1489 1781 1553 ε’λπί·

589 1597 651 1667 iat.
684 1596 815 1661 Rectius
847 1599 925 1661 erit:
958 1594 1067 1673 παρόι
1091 1594 1149 1664 τοὶς
1175 1596 1234 1665 σόος
1259 1594 1375 1664 ἐκείνας
1400 1593 1529 1665 ε’λπίόας
1556 1594 1606 1659 vel
1630 1596 1778 1659 fortasse:

590 1698 708 1775 ιῖειςα
733 1703 816 1781 πρός.
841 1703 966 1786 Anceps
988 1701 1103 1764 haereo
1127 1707 1240 1764 utrum
1263 1701 1450 1784 praeferam.

629 1900 646 1981 ᾗ
668 1897 731 1961 25:
756 1893 795 1960 ὧν
818 1898 875 1972 μέν
895 1898 958 1974 γὰρ
980 1892 1101 1959 ἕνεκα
1125 1902 1200 1959 τῶν
1223 1895 1475 1972 μαθημάτων
1498 1897 1653 1971 ἐπιθυμεῖν
1672 1897 1780 1976 Φήσοος

588 2004 763 2081 παρείληφέ
795 2027 841 2080 σε,
873 2003 977 2077 όλίγον
1003 2003 1087 2079 αὐτῷ
1111 2003 1212 2076 μέλει.
1237 2000 1378 2068 Cobetus
1401 2004 1435 2065 in
1466 2002 1568 2064 Variis
1590 2004 1779 2066 Lectionibus

588 2131 614 2193 p.
646 2109 715 2172 296
754 2108 886 2173 delenda
920 2111 1044 2173 censuit
1080 2107 1234 2172 vocabula
1268 2104 1358 2171 ἕνεκα
1391 2114 1449 2171 τῶν
1480 2109 1685 2185 μαθημάτων,
1717 2130 1780 2193 qua

588 2212 985 2278 coniectura·l⁴'ritzschius
1010 2213 1120 2276 scribit
1143 2234 1175 2277 se
1199 2211 1282 2276 nihil
1306 2213 1425 2276 vidisse
1442 2211 1613 2277 infelicius.
1640 2213 1779 2291 Scilicet,

586 2329 619 2382 ut
642 2321 754 2404 pergit
776 2319 920 2395 scribere,
945 2318 1105 2382 Luciacus
1129 2319 1234 2381 utitur
1258 2316 1449 2402 pervulgata
1473 2321 1670 2394 attractione,
1695 2340 1781 2403 pror-

586 2445 636 2487 sus
671 2429 707 2486 nt
739 2421 910 2507 Sophocles
941 2425 975 2487 in
1005 2424 1166 2507 Antigone
1190 2444 1237 2485 vs.
1265 2422 1342 2498 400,
1366 2424 1422 2486 ubi
1446 2421 1623 2488 Scholiasta
1647 2446 1777 2488 vorsum

586 2525 710 2593 Cratini
744 2535 817 2611 apte
851 2527 997 2591 contulit.
1034 2525 1133 2602 Sunt,
1167 2528 1278 2602 fateor,
1313 2527 1410 2591 huius
1441 2531 1685 2592 constructionis
1716 2527 1779 2593 alia

585 2631 743 2717 exempla,
774 2631 828 2696 sed
857 2631 903 2695 nil
927 2631 990 2696 tale
1012 2631 1119 2696 locum
1142 2631 1238 2696 hebet
1259 2634 1293 2694 in
1317 2632 1555 2717 simplicissimo
1581 2635 1778 2718 minimeque

585 2738 692 2801 fucato
719 2736 842 2801 dicendi
865 2758 992 2822 genere,
1017 2737 1101 2820 quod
1125 2736 1287 2800 Lucianus
1311 2739 1463 2821 sequitur.
1500 2738 1535 2802 Id
1559 2746 1685 2802 tantum
1709 2761 1779 2803 con-

584 2842 655 2906 cedi
691 2842 824 2905 fortasse
857 2845 977 2927 poterit
1006 2844 1187 2927 genuinum
1218 2862 1285 2906 esse
1317 2838 1416 2920 ἕνεκα,
1448 2843 1502 2907 sed
1534 2843 1689 2909 vocabula
1719 2851 1778 2908 τῶν

583 2947 780 3023 μαθημάτων
806 2946 889 3010 male
913 2947 1086 3012 abundant.

629 3134 648 3215 ξ
669 3129 732 3194 26:
763 3131 796 3194 οὐ
826 3130 888 3206 μην
910 3131 971 3193 οὐδ’
997 3133 1014 3205 η
1038 3127 1121 3203 ἄλλη
1146 3129 1232 3209 ὕβρις
1257 3129 1379 3208 όιπετιν,
1404 3134 1478 3195 οίλλ’
1502 3131 1572 3196 οὔτε
1596 3132 1666 3213 ᾠόν
1690 3131 1774 3213 ἔχεις

582 3236 687 3313 μόνος,
723 3236 789 3300 xri.
824 3235 932 3300 Etiam
967 3238 1059 3321 pueri
1093 3238 1149 3321 qui
1179 3239 1323 3320 primum
1355 3236 1530 3301 Horatium
1553 3237 1775 3324 perlegerunt,

583 3342 793 3428 proverbium
814 3351 933 3406 norunt
956 3343 992 3405 ab
1016 3364 1068 3404 ono
1092 3364 1183 3426 reque
1206 3343 1249 3404 cd
1269 3343 1360 3418 mola,
1385 3342 1417 3404 h.
1438 3364 1465 3406 e.
1488 3342 1561 3407 inde
1582 3364 1600 3407 a
1619 3347 1775 3430 principio

583 3447 750 3532 usquead
773 3445 880 3511 finem.
906 3447 1017 3532 Itaque
1041 3449 1167 3511 obscuri
1189 3446 1271 3511 nihil
1292 3448 1389 3511 habet
1412 3447 1497 3532 quod
1518 3450 1642 3512 iocatur
1665 3448 1775 3517 Cicero

583 3554 624 3619 ad
646 3553 737 3617 Fam.
758 3552 805 3615 IX
825 3552 886 3617 20:
910 3555 1072 3638 integram
1092 3554 1211 3617 famem
1231 3552 1389 3618 edorum
1409 3551 1512 3616 affero.
1534 3552 1641 3618 Etiam
1661 3553 1776 3622 Graeci

583 3661 671 3724 hunc
706 3679 828 3722 morem
865 3664 1103 3743 cognoverunt,
1131 3678 1332 3751 'quamquam
1363 3663 1472 3721 nostro
1503 3657 1609 3742 palato
1640 3663 1774 3727 minime

583 3766 770 3840 conveniam
795 3762 937 3848 legimus
960 3769 1044 3827 certe
1067 3766 1101 3825 in
1124 3762 1321 3848 Lysistrata:
1347 3761 1405 3826 κίον
1428 3762 1482 3842 ᾠόν
1508 3762 1524 3836 η
1548 3774 1645 3838 μῆλον
1669 3766 1774 3847 λοίβη,

585 3870 717 3951 Κινησίᾳ
747 3869 832 3932 τουτί
865 3869 993 3946 γένοιτο,
1025 3869 1114 3946 φησί.
1146 3867 1212 3932 Nec
1244 3874 1352 3932 tamen
1375 3870 1483 3932 minus
1505 3871 1707 3934 incommoda
1727 3878 1777 3936 est

584 3978 639 4039 ori
672 3975 808 4051 mentio;
842 3995 898 4037 cur
929 3975 1014 4037 enim
1046 3970 1203 4037 Graeculo
1234 3972 1283 4036 illi
1314 3973 1525 4058 denegabitur
1555 3996 1668 4051 ovum,
1700 3998 1775 4040 cum

585 4087 695 4144 tamen
719 4086 897 4163 apponatur
915 4080 1033 4147 νεοττός
1055 4079 1203 4153 ἡμίτομος
1224 4078 1240 4150 i
1262 4078 1375 4157 Φοίττα
1395 4102 1440 4149 τις
1462 4078 1670 4156 ὑπόσκληροςί
1694 4081 1790 4160 Quid·

585 4206 644 4250 ovo
676 4180 798 4247 vilius?
831 4182 929 4247 Aliud
958 4183 1035 4268 quid
1065 4182 1152 4247 latet.
1184 4185 1277 4266 Aqua
1307 4185 1400 4247 nivea
1431 4189 1495 4259 est,
1529 4205 1608 4268 quae
1631 4191 1776 4252 convivis

585 4289 805 4373 praebebatur,
829 4288 868 4352 de
890 4308 953 4372 qno
972 4309 1061 4353 more
1080 4288 1263 4352 Athenaeus
1281 4287 1428 4372 pluribus
1447 4290 1516 4373 egit
1534 4311 1565 4374 p.
1582 4290 1655 4356 124.
1676 4292 1777 4356 Strat-

585 4394 661 4457 tidis
684 4394 904 4479 fragmentum
930 4398 996 4457 esi:

1264 4478 1338 4546 οίνον
1360 4484 1423 4560 γόοι
1448 4491 1527 4548 πιείν

721 4588 782 4653 οὐδ’
805 4586 843 4651 ἂν
865 4582 909 4659 είς
934 4586 1057 4662 δέξαιτο
1079 4586 1196 4666 ίερμόν,
1221 4589 1309 4652 α’λλόι
1334 4588 1413 4651 πολὺ
1437 4590 1608 4655 τούναντίον

721 4693 898 4774 ψυχόμενον
922 4694 953 4756 ίν
977 4695 1020 4774 τῷ
1043 4694 1156 4773 Φρέατι
1181 4694 1233 4756 καί
1257 4694 1337 4771 χιόνι
1360 4696 1562 4772 μεμιγμένον.

587 4796 708 4863 Pariter
731 4796 859 4861 Alexis:

721 4906 773 4967 καί
797 4904 891 4984 χιόνα
914 4904 971 4977 μέν
996 4904 1092 4968 πίνειν
1115 4903 1398 4984 παρεσκευάζομεν.
