5125 6150
1000 1296 1384 1385 HOMERIGA.

1134 1500 1257 1542 somesrr

925 1653 968 1718 Η.
994 1652 1096 1720 VAN
1126 1652 1467 1720 HuRquDuN.

1096 1911 1288 1948 -ιναοοψ-

1151 2121 1248 2171 Ηοκιονί
1268 2120 1359 2170 nese
1376 2120 1481 2170 οαοπθκο
1497 2136 1549 2170 cun
1565 2123 1684 2185 ορραοαθν
1699 2120 1783 2171 critico

1113 2204 1241 2253 ediderunt
1254 2205 1278 2253 J.
1293 2220 1337 2252 san
1355 2204 1464 2253 Βοονεοοκ
1479 2205 1530 2268 df.
1549 2207 1573 2252 αθ
1587 2203 1622 2252 Μ.
1638 2203 1669 2252 B.
1684 2203 1783 2252 Mendes

1110 2287 1143 2335 da
1160 2287 1237 2344 Costa,
1252 2286 1329 2335 edisio
1343 2288 1423 2335 altera
1431 2287 1525 2351 ροοεθκι
1539 2290 1643 2334 auctae!
1651 2286 1783 2334 emendata.

1108 2368 1184 2432 huod.
1207 2368 1264 2418 Bas.
1282 2384 1320 2432 ορ.
1338 2368 1367 2418 Α.
1391 2369 1423 2417 W.
1441 2367 1540 2433 Sythqff,
1558 2367 1738 2418 Memor.

646 2540 671 2592 Α
688 2527 761 2592 124.
786 2527 852 2592 oete
875 2527 908 2592 πθ
929 2550 987 2592 που
1009 2525 1110 2603 fidicen
1132 2525 1237 2603 ξυνήια
1261 2526 1390 2604 κεθμενα
1412 2526 1535 2606 πολλα,

781 2633 870 2698 ἀλλὰ
893 2633 934 2697 τοὶ
959 2635 1016 2709 μὲν
1039 2634 1150 2698 πολθαν
1173 2631 1461 2713 ἐξεπράθομεν,
1484 2635 1526 2699 τὰ
1550 2631 1696 2699 δέδασται
1704 2682 1713 2712 ,

660 2770 664 2780 ·
783 2740 876 2813 λαοὺς
901 2740 927 2805 δ’
947 2740 981 2807 οὔ
1004 2765 1034 2806 τι
1058 2739 1160 2807 οθνονκε
1183 2739 1371 2820 παλίλλογα
1393 2742 1483 2805 ταῦτ’
1508 2740 1691 2819 ἐπαγείρειν.

598 2848 735 2914 Versum
755 2846 817 2911 125
838 2853 1023 2933 corruptum
1042 2853 1157 2932 putant
1175 2847 1310 2913 editores
1330 2847 1514 2924 Leidenses,
1532 2847 1616 2933 quod
1629 2847 1671 2912 τὰ
1684 2885 1726 2895 -
1739 2846 1782 2912 πθ

598 2979 660 3022 non
691 2958 734 3020 sit
764 2954 964 3020 homericum
995 2975 1052 3040 pro
1082 2946 1213 3018 θο-τθ
1238 2965 1270 3020 et
1294 2955 1377 3040 qnod
1401 2953 1607 3036 cletensius
1631 2954 1782 3033 θκπθρθενν

599 3063 636 3129 de
667 3063 738 3126 urbe
768 3084 830 3126 non
859 3060 897 3127 de
921 3062 1041 3143 praeda
1063 3061 1196 3128 dicatur.
1227 3059 1371 3149 Cogiteri
1393 3082 1467 3127 sane
1491 3063 1590 3147 possit
1614 3061 1652 3127 ds
1676 3064 1782 3127 rescri-

598 3168 698 3235 hendo
729 3165 956 3246 ἒξνρπθοααεν,
987 3168 1040 3232 sed
1070 3190 1131 3232 non
1162 3169 1255 3233 video
1287 3167 1398 3253 quidni
1428 3175 1539 3253 poetes
1571 3168 1681 3234 eodem
1712 3171 1781 3234 iure

598 3278 683 3342 hunc
714 3275 805 3339 verbi
837 3274 986 3355 ἐκπθρθενν
1018 3295 1114 3338 usum
1149 3275 1356 3340 concedamus
1388 3296 1450 3359 quo
1482 3275 1572 3340 verbi
1601 3274 1781 3352 θοοδννθμοα

598 3384 748 3460 ἐκπορθεῖν
780 3380 981 3445 concedimus
1011 3378 1192 3465 Thucydidi
1215 3378 1258 3444 IV
1282 3377 1324 3446 57
1357 3401 1455 3466 seque
1478 3379 1685 3467 singulariter
1707 3383 1781 3446 scri-

598 3490 686 3554 benti
706 3489 760 3561 οὴν
780 3488 869 3553 πθλον
890 3486 1088 3552 κατέκαυσαν
1107 3487 1159 3550 καὶ
1177 3488 1220 3551 πα
1233 3487 1337 3553 edm
1357 3485 1477 3563 ἕξεπθ
1486 3489 1641 3567 ρθνοαν.
1662 3485 1782 3554 Melius

599 3595 736 3660 haesisse
759 3593 910 3659 videntur
930 3595 964 3656 in
987 3592 1030 3658 πθ
1043 3632 1085 3642 -
1099 3592 1151 3658 πθ.
1177 3591 1322 3658 Fortasse
1345 3596 1496 3680 primitus
1519 3594 1599 3658 fuit:

783 3702 858 3765 αλλ’
882 3695 904 3765 ἃ
928 3700 984 3777 μὶν
1007 3700 1090 3780 <ἕκ>
1113 3699 1226 3765 πολθαν
1250 3699 1465 3781 ἐξεπράθομεν,
1489 3698 1530 3764 τὰ
1555 3698 1711 3766 itinerar.

647 3903 672 3955 Α
688 3887 763 3954 211.
790 3889 863 3954 αλλ’
887 3884 905 3962 ἦ
926 3911 970 3952 τον
995 3887 1112 3953 rimo
1134 3887 1190 3965 μὲν
1214 3886 1364 3967 θνεθθνοον,
1388 3889 1433 3960 cic
1458 3886 1600 3954 ἔοεπαθ
1623 3912 1702 3968 περ.

598 3997 700 4063 Verbo
722 3996 947 4060 obscurissima
970 3996 1009 4067 θα
1029 3992 1135 4060 ἔσεταί
1156 4019 1211 4073 περ
1236 4016 1330 4061 nemo
1355 3995 1436 4060 mihi
1458 3995 1620 4081 expedivit
1643 4000 1675 4060 et
1699 3995 1780 4060 mul-

597 4112 667 4169 tum
692 4103 803 4168 dubito
828 4123 905 4166 num
928 4104 1054 4189 integra
1076 4101 1115 4167 cd
1138 4108 1280 4188 posteros
1304 4106 1516 4189 pervenerint.
1540 4102 1684 4168 Fortasse
1708 4124 1779 4168 con-

595 4213 677 4276 icere
701 4209 777 4274 licet

1218 4296 1320 4364 dccc
1344 4324 1387 4365 οο
1410 4298 1552 4379 τθρπρ,

598 4414 667 4493 quot
690 4414 719 4470 te
739 4406 892 4482 delectent,
916 4412 973 4470 snt
995 4408 1023 4470 si
1046 4408 1165 4484 muris,
1191 4412 1220 4469 te
1241 4406 1362 4471 satient.
1386 4404 1564 4491 Utrumque
1583 4408 1669 4471 enim
1689 4407 1779 4471 verbi

596 4514 693 4579 huius
723 4514 756 4575 in
788 4512 956 4576 homericis
979 4514 1048 4577 vim
1072 4533 1139 4577 esse
1160 4518 1293 4577 constat.
1317 4510 1492 4577 Simillims
1514 4517 1638 4589 sutem,
1661 4512 1779 4578 litteris

596 4640 694 4705 paene
717 4626 862 4683 constans
886 4617 1023 4695 eisdem,
1048 4623 1181 4703 utruque
1204 4617 1301 4684 lectio
1318 4617 1350 4699 ¹).

605 4759 794 4768 ——--.-—-.

627 4835 653 4893 l)
671 4834 842 4882 modoserens
859 4832 891 4880 sit
909 4831 1038 4894 genuinus,
1056 4831 1119 4895 quod
1136 4847 1179 4880 cnr
1196 4830 1287 4881 dubitet
1305 4829 1455 4895 expositurus
1468 4833 1504 4879 est
1516 4830 1542 4880 in
1556 4830 1608 4897 ipss
1622 4832 1776 4898 Mnemosyne

596 4918 634 4966 vir
651 4916 807 4965 amicissimus
822 4915 846 4966 J.
865 4916 890 4964 C.
911 4914 1032 4978 Vollgrsd.
