5125 6150
1157 812 1406 861 amsuormnun.
1830 793 1873 861 39

690 1000 825 1065 prorsus
861 979 936 1044 ferri
972 981 1083 1062 nequit
1117 978 1201 1063 quod
1234 977 1411 1044 vLeeuwen
1441 981 1587 1064 proponit
1616 980 1668 1051 την
1699 978 1873 1059 πρόκλησιν,

690 1091 860 1171 propterea
884 1086 968 1170 quod
991 1086 1104 1149 voratio
1127 1087 1159 1148 οἰι
1182 1087 1230 1148 iae
1252 1106 1363 1172 graece
1387 1092 1563 1150 constanter
1587 1094 1691 1158 κλῖισισ
1711 1092 1767 1151 aut
1786 1109 1873 1160 προσ·
1900 1150 1902 1155 ⁴

689 1210 799 1266 κλησις
830 1193 956 1271 dicitnr,
988 1192 1150 1269 πρόκλησις
1181 1200 1291 1258 contra
1321 1191 1523 1278 litigantium
1553 1200 1602 1258 est
1625 1194 1808 1275 provocatio,
1834 1194 1873 1265 da

690 1320 754 1384 qua
778 1300 829 1363 hio
853 1321 956 1364 sermo
980 1320 1046 1364 esse
1069 1301 1189 1384 nequit.
1214 1298 1296 1378 Quid
1319 1298 1416 1363 lateat
1438 1303 1471 1363 et
1493 1320 1553 1385 ogo
1572 1319 1663 1385 saepe
1682 1300 1736 1365 sed
1755 1300 1873 1365 frustra

690 1426 844 1492 quaesrvr.

736 1625 789 1691 Vs.
815 1624 889 1691 724.
914 1622 1123 1701 ἀγορανόμους
1147 1624 1179 1687 δὲ
1202 1631 1258 1697 της
1282 1625 1399 1704 α’γορτῖς
1422 1626 1614 1702 καθίσταμαι

916 1739 1025 1808 τρεῖς
1049 1730 1118 1799 τοὺς
1142 1733 1305 1809 λαχόντας
1330 1730 1429 1795 τοιόσδ’
1455 1733 1590 1806 ἱμάντας
1615 1733 1648 1795 εἰι
1672 1736 1809 1807 Λεπρῶν.

688 1841 770 1920 Quia
802 1839 936 1903 Athenis
965 1839 1042 1902 haec
1071 1844 1223 1923 aguntur,
1255 1839 1381 1902 mireris
1405 1838 1488 1903 hunc
1510 1859 1690 1904 numerum.
1715 1839 1870 1925 Expectes

688 1950 776 2011 enim
799 1946 912 2022 δέκα,
937 1948 957 2008 ι’
982 1965 1037 2029 pro
1060 1944 1104 2020 γ’.

734 2164 786 2230 Vs.
813 2163 887 2230 746.
912 2161 991 2235 όποις
1016 2163 1047 2228 δὲ
1070 2161 1245 2240 γρυλιξεῖτε
1269 2161 1321 2225 καὶ
1345 2158 1460 2236 κοΐξετε

913 2274 1042 2351 χήσεῖτε
1065 2271 1171 2349 Φοινόιν
1194 2270 1313 2350 χοιρίων
1335 2275 1532 2347 μυστηρικῶν.

914 2378 990 2454 ἐνὼν
1014 2376 1045 2440 δὲ
1069 2375 1186 2454 καρυξῶ
1212 2376 1481 2442 Δικαιόπολιν
1506 2374 1593 2457 όπρι.

688 2486 864 2550 Notissimo
890 2484 1017 2568 quidem
1041 2504 1120 2559 usu,
1145 2482 1183 2547 de
1207 2504 1269 2568 quo
1293 2485 1390 2547 etiam
1415 2482 1517 2547 editor
1541 2486 1608 2568 agit
1631 2486 1663 2547 in
1688 2489 1778 2559 nota,
1799 2490 1872 2569 post

686 2587 761 2656 ὅπου
797 2592 930 2656 verbum
965 2590 1045 2653 ἐστίν
1077 2591 1248 2665 omittitur,
1285 2589 1339 2653 sed
1375 2587 1455 2653 nihil
1490 2609 1526 2653 ea
1560 2591 1692 2653 scientia
1725 2588 1793 2655 loco
1824 2592 1870 2654 sic

685 2702 804 2783 scripto
827 2697 962 2784 prodest.
988 2695 1050 2760 Fac
1073 2698 1159 2760 enim
1183 2694 1339 2772 κηρύσσειν
1362 2694 1394 2759 1.
1414 2694 1437 2759 l.
1461 2716 1534 2759 cum
1557 2698 1737 2759 accusativo
1759 2696 1867 2761 eodem

688 2806 783 2870 modo
814 2812 1006 2889 usurpatum
1036 2823 1119 2876 esee.
1151 2823 1213 2886 quo
1244 2800 1412 2886 Euripides
1442 2808 1549 2867 contra
1580 2800 1748 2888 vulgarem
1773 2823 1868 2867 nsum

687 2912 766 2976 Hec.
794 2910 857 2975 148
881 2910 962 2974 dixit
986 2911 1141 2985 κηρύσσειν
1167 2908 1266 2985 trodo,
1292 2928 1356 2972 vox
1379 2906 1441 2991 όπρι
1463 2909 1571 2987 (ἐστόν)
1592 2907 1673 2972 nihil
1693 2908 1870 2995 significare

689 3027 808 3104 potest,
840 3019 915 3103 quia
944 3019 1157 3101 requireretur
1186 3015 1384 3098 όπρό(δη)τοσ’
1407 3015 1500 3093 ἐστόν,
1523 3015 1693 3101 ubicumque
1715 3016 1869 3099 (tandem)

689 3132 748 3201 eat,
771 3132 827 3188 ant
850 3122 955 3187 simile
979 3123 1065 3207 quid.
1090 3121 1152 3186 Sed
1174 3124 1260 3186 enim
1281 3122 1438 3199 κηρύσσειν
1456 3122 1624 3186 manifeste
1643 3122 1694 3186 hic
1712 3122 1870 3208 significat

681 3253 855 3313 praeconem
886 3252 988 3309 οροσσ,
1018 3228 1085 3293 scil.
1109 3227 1332 3314 porcellorum,
1357 3249 1435 3312 quos
1457 3228 1654 3314 Megarensis
1678 3230 1868 3307 venumdat,

686 3343 795 3422 itaque
818 3342 888 3421 post
911 3333 1030 3408 καρυξῶ
1051 3332 1142 3420 plene
1161 3334 1383 3411 incidendum,
1406 3334 1571 3419 quodiam
1593 3356 1667 3399 cum
1687 3335 1869 3402 Hamakaro

687 3441 890 3509 Meinekium
917 3442 1007 3505 video
1032 3442 1152 3518 fecisse,
1177 3444 1341 3527 aptissime
1365 3440 1476 3506 deinde
1500 3442 1691 3507 scribentem
1715 3441 1870 3507 Δικαιό

687 3564 807 3617 πσλιτ
839 3546 870 3611 δέ
900 3553 971 3630 πρῖ;
1005 3545 1096 3627 Quod
1126 3546 1261 3611 simulac
1292 3550 1435 3634 rogarit,
1460 3547 1622 3612 hominem
1644 3549 1870 3615 animadvertit

686 3659 719 3721 in
744 3675 868 3720 scenam
892 3654 1118 3740 prodeuntem,
1141 3656 1249 3739 itaque
1273 3656 1393 3738 optime
1416 3655 1560 3739 sequitur

913 3761 1131 3842 Δικαιόπολις,
1156 3757 1172 3833 ἤ
1198 3769 1254 3837 λης
1278 3762 1424 3838 πρόασόαι
1448 3761 1567 3840 χοιρόοι;

688 3870 853 3934 Eximiam
876 3890 928 3932 me
952 3868 1057 3933 iudice
1080 3866 1334 3932 emendationem
1356 3888 1397 3931 ne
1420 3867 1516 3932 verbo
1539 3867 1667 3952 quidem
1692 3869 1731 3933 ab
1750 3868 1870 3934 editore

688 3978 929 4041 commemorari
951 3977 1093 4061 impense
1116 3977 1224 4038 miror.
1245 3974 1294 4038 Ne
1316 3975 1386 4058 quis
1410 3973 1490 4039 forte
1513 3977 1663 4050 coniciat‚
1684 3996 1748 4039 una
1766 3974 1869 4040 deleta

685 4081 793 4147 littera
825 4080 1040 4157 Δικαιόπολις,
1072 4082 1133 4159 es,
1158 4101 1271 4145 moneo
1295 4079 1375 4144 hanc
1398 4081 1593 4144 rarissimam
1616 4082 1868 4145 interiectionem

686 4188 770 4273 apud
792 4187 898 4252 solum
922 4185 1117 4273 Aeschylum
1142 4206 1304 4251 occurrere
1325 4206 1383 4249 nec
1404 4187 1549 4251 vocantis
1572 4206 1655 4262 esse,
1678 4185 1731 4250 sed
1750 4184 1868 4250 eiulan-

686 4297 744 4371 tis,
779 4315 882 4379 neque
914 4292 977 4359 alia
1006 4296 1183 4358 interiectio
1215 4290 1301 4356 facili
1331 4294 1507 4358 mutatione
1537 4312 1594 4376 pro
1623 4288 1685 4376 όπρι
1715 4292 1864 4357 substitui

686 4405 800 4485 potest.

733 4601 784 4667 Vs.
813 4601 909 4668 1181.
934 4603 985 4667 καὶ
1009 4604 1130 4680 Γοργόν’
1155 4602 1364 4680 ἐξέσεισεν
1387 4604 1420 4667 ἐκ
1444 4609 1499 4676 τῆς
1522 4600 1661 4672 dontius.

685 4711 735 4775 Ita
763 4709 801 4775 de
824 4731 881 4774 suo
906 4709 1082 4775 vLeeuwen
1105 4712 1265 4796 rescripsit
1289 4731 1345 4795 pro
1368 4713 1516 4793 corrupto
1541 4706 1692 4784 ἐξήγειρεν
1714 4708 1782 4772 sive
1806 4704 1866 4785 ἐξόΑ

681 4840 792 4897 γειρεν,
827 4815 881 4880 sed
916 4815 992 4901 quid
1024 4817 1147 4881 όκσεὶειν
1179 4817 1231 4880 hic
1263 4815 1441 4903 significare
1474 4816 1575 4898 possit
1601 4814 1717 4878 frustra
1740 4833 1864 4898 quaero.

686 4924 805 5009 Aperte
828 4926 914 4988 enim
937 4924 1110 5008 requiritur
1133 4921 1314 5008 effriaqordi
1332 4923 1436 5000 notio,
1456 4922 1525 4986 sive
1544 4919 1623 4986 latet
1646 4917 1864 5002 ἐξέρρηξεν,
