5125 6150
692 827 759 911 380
1224 844 1345 895 meras.

690 1012 751 1077 Sed
782 1013 913 1076 fuerunt
941 1015 974 1073 in
1006 1010 1123 1074 talibus
1155 1010 1343 1077 damnandis
1373 1016 1469 1078 nimis
1492 1017 1671 1098 suspiceres
1695 1017 1798 1080 nostri
1824 1019 1884 1080 im·

689 1120 805 1203 primis
834 1120 937 1183 oritioi
965 1119 1168 1202 antiquiores.
1193 1117 1277 1197 Quid
1300 1117 1438 1185 Oobetus
1461 1140 1492 1184 v.
1516 1141 1543 1184 o.
1567 1123 1729 1185 censuerit
1753 1121 1793 1186 de
1817 1120 1883 1185 illis

689 1223 961 1288 DemosthenIois:
999 1223 1016 1293 ἦ
1049 1224 1151 1301 πρώτη
1188 1222 1345 1303 πρίφασια
1382 1224 1435 1288 καί
1473 1225 1575 1304 αικρδν
1607 1234 1757 1301 πταῖσμα
1790 1227 1883 1291 πάντ’

691 1331 964 1410 ἀνεχαίτισεν
987 1328 1053 1390 καί
1079 1329 1267 1394 διέλυσεν
1288 1329 1354 1410 (Or.
1375 1329 1487 1414 II§9)
1509 1337 1558 1395 et:
1580 1333 1613 1395 αί
1635 1332 1698 1410 γὰρ
1718 1332 1882 1410 εὐπραξίαι

691 1435 783 1500 δειναί
816 1432 1053 1512 συγκρύψαι
1079 1435 1148 1498 καί
1172 1435 1399 1501 συσκιάσαι
1423 1437 1484 1507 τὰς
1507 1436 1667 1513 αίρααρτίατ
1693 1444 1753 1502 τῶν
1779 1437 1884 1514 ἀνδρεί-

689 1566 752 1606 πων
775 1542 850 1606 εἰσίν
873 1540 1113 1626 (ps.-Demosth.
1138 1539 1191 1604 Or.
1217 1541 1264 1604 XI
1289 1541 1376 1625 513)
1400 1541 1473 1606 ooII.
1498 1543 1614 1607 iisdem
1634 1564 1673 1607 ex
1698 1543 1881 1627 Olynthium

686 1650 816 1711 seeundo
838 1646 922 1729 §OQ
946 1647 1095 1710 omnibus
1118 1646 1292 1732 philologis
1312 1653 1360 1712 est
1382 1649 1587 1712 notissimum
1605 1646 1638 1728 ¹).
1663 1647 1825 1734 Equidem
1846 1649 1884 1713 de

688 1757 790 1838 ipsius
822 1752 1047 1817 Demosthenis
1079 1751 1147 1817 loco
1178 1751 1222 1830 (II
1247 1751 1311 1837 59)
1343 1750 1464 1818 Oobeto
1493 1752 1664 1830 adsentior,
1689 1753 1767 1819 Iioet
1790 1754 1884 1819 aliter

688 1866 813 1924 censeat
834 1858 974 1923 Blassius
992 1857 1092 1922 Plinii
1112 1861 1301 1943 praesertIm
1321 1861 1512 1923 auctoritate
1534 1862 1623 1924 nisus
1644 1861 1739 1946 (Epp.
1760 1860 1820 1937 IX,
1841 1860 1882 1924 26

690 1963 764 2048 ξ9),
796 1963 850 2028 sed
877 1967 947 2048 ipsa
969 1965 1142 2028 imitatoris
1167 1965 1265 2028 verba
1288 1967 1322 2028 in
1346 1966 1488 2029 oratione
1513 1967 1550 2028 de
1574 1965 1716 2047 Philippi
1738 1966 1883 2049 Epistula

690 2070 861 2135 ostendunt
902 2077 1097 2153 quantopere
1139 2068 1261 2155 vulgus
1300 2076 1464 2134 oratorum
1499 2069 1592 2134 illam
1626 2092 1883 2157 synonymorum

688 2178 871 2262 eongeriem
891 2175 1110 2239 adamaverint
1129 2196 1209 2258 quae
1229 2177 1405 2240 orationem
1418 2176 1535 2240 faeeret
1547 2175 1779 2241 rotundiorem.
1800 2176 1883 2256 Quid

579 2316 586 2329 ·
689 2281 772 2366 quod
795 2287 828 2345 et
851 2279 1080 2346 Demosthenes
1099 2283 1167 2365 ipse
1187 2283 1387 2365 saepissime,
1409 2287 1558 2346 monento
1580 2302 1705 2367 quoque
1725 2281 1883 2369 Dionysio

687 2384 957 2450 Halioarnassensi
970 2387 1030 2464 (De
1041 2385 1126 2449 Dem.
1140 2406 1166 2449 o.
1182 2382 1248 2465 58),
1262 2392 1295 2450 et
1310 2422 1340 2434 -
1353 2406 1548 2470 quamquam
1562 2389 1666 2450 rarius
1681 2424 1711 2433 -—
1727 2385 1883 2453 Isocrates

688 2494 910 2556 exactissimus
929 2491 1101 2556 verborum
1122 2491 1236 2556 artifex
1256 2490 1486 2576 copulaverunt
1502 2512 1582 2576 quae
1596 2492 1686 2556 nobis
1700 2491 1768 2557 fere
1780 2495 1882 2557 risum

688 2595 838 2662 moventi
856 2597 943 2661 Adeo
960 2595 1102 2660 multum
1120 2597 1208 2660 abest
1223 2604 1258 2660 ut
1270 2595 1391 2663 Oobeto
1405 2597 1581 2682 adstipuler
1594 2600 1626 2661 in
1639 2600 1833 2663 universum
1847 2598 1883 2663 de

688 2703 902 2768 Demosthene
912 2702 1129 2767 adseverante:
1145 2724 1228 2779 „non
1239 2702 1320 2767 solet
1331 2705 1430 2768 otiose
1441 2704 1612 2778 ίσσδύναμα
1623 2702 1834 2768 cumulare-
1846 2740 1876 2751 -

687 2809 917 2874 Demosthenes
936 2808 988 2892 qni
1008 2831 1162 2892 numquam
1183 2809 1315 2871 orationi
1334 2811 1422 2871 verba
1441 2810 1566 2872 inutilia
1583 2809 1760 2873 admiscet.”
1774 2811 1830 2890 (N.
1845 2810 1881 2874 D.

687 2937 717 3000 p.
731 2918 811 3000 xvij)
831 2913 1006 2981 Coniunxit
1029 2920 1136 2978 temen
1156 2952 1197 2962 -
1217 2935 1318 2999 panos
1338 2921 1463 2979 tantum
1477 2914 1635 2999 proferam
1649 2951 1692 2962 -
1706 2915 1816 2979 κλαίειν
1829 2914 1881 2979 καὶ

686 3022 825 3100 δακρύειν
847 3023 882 3086 in
906 3020 1049 3084 Midioen
1073 3022 1090 3104 ᾖ
1113 3020 1193 3099 187;
1222 3020 1356 3098 οὐδαμοῦ
1380 3022 1503 3086 πώποτε
1526 3021 1660 3093 Μειδίας
1680 3027 1738 3086 τῶν
1761 3021 1881 3095 συνηδσ

688 3128 783 3204 μένων
812 3127 878 3191 οὐδὲ
908 3130 966 3191 τῶν
997 3127 1229 3205 συγχαιρόντων
1253 3127 1404 3204 ἕξηταίσίη
1428 3129 1470 3205 τῷ
1495 3126 1580 3205 δήμῳ
1603 3128 1680 3191 ibid.
1706 3127 1823 3212 §202;
1849 3134 1879 3192 et

684 3237 729 3299 sio
760 3231 881 3307 ἥδεσθαι
912 3233 962 3295 καί
995 3234 1115 3312 χαίρειν
1147 3231 1233 3298 Orat.
1257 3233 1337 3297 XIX
1361 3234 1474 3317 §140;
1499 3233 1565 3297 οὐδὲ
1590 3232 1709 3298 δέδοικα
1733 3234 1801 3298 οὐδὲ
1826 3242 1879 3307 φα·

684 3338 803 3415 βσῠααι
828 3339 907 3402 Mitt.
932 3337 1027 3421 §200
1051 3340 1072 3401 i.
1088 3340 1120 3413 f.‚
1145 3339 1417 3422 quemadmodum
1442 3338 1500 3401 δέει
1525 3338 1576 3401 καί
1598 3339 1689 3416 φίβῳ
1710 3338 1878 3424 copularit

684 3444 737 3508 Or.
763 3444 841 3509 XXI
864 3443 971 3528 §mh
1004 3444 1107 3509 multo
1141 3466 1239 3528 qnam
1271 3444 1454 3508 Herodotus
1485 3443 1541 3524 (IV
1570 3444 1645 3523 115)
1678 3447 1816 3510 otiosius
1831 3446 1873 3523 ¹);

686 3550 849 3627 ἐξαπατῶν
881 3549 932 3612 καί
966 3548 1136 3628 φενακίζων
1169 3551 1249 3614 Μιιί.
1282 3549 1396 3633 §204;
1430 3548 1588 3627 σκέψασθε
1619 3550 1670 3613 καὶ
1705 3550 1878 3625 θεωρήσατε

685 3657 737 3721 Or.
758 3654 868 3719 XXIII
889 3654 980 3738 §293
1000 3658 1244 3731 ἠγανακτήσατε
1264 3654 1315 3717 καί
1336 3661 1487 3732 χαλεπῶς
1501 3656 1653 3731 ἠνέγκατε
1666 3655 1745 3719 ibid.
1760 3657 1778 3739 ᾗ
1794 3656 1858 3721 167
1868 3677 1875 3733 ;

685 3764 811 3841 φαιδρὸς
842 3760 894 3823 καί
928 3760 1067 3836 γεγηίσίς
1097 3759 1149 3825 Or.
1175 3760 1281 3823 XVIII
1305 3759 1420 3843 §3233
1446 3761 1568 3838 σίρχαῖα
1593 3760 1644 3822 καί
1669 3761 1797 3824 παλαιαί
1824 3760 1876 3825 Or.

684 3867 780 3931 XXII
804 3866 887 3950 514.
912 3863 1084 3930 Ooniunxit
1110 3865 1275 3941 Isocrates,
1303 3902 1344 3914 —
1369 3885 1449 3950 quae
1473 3872 1579 3929 tamen
1604 3864 1712 3950 paullo
1737 3865 1878 3929 dissimi-

683 3973 765 4038 li0ra
797 3978 888 4049 sunt,
914 4007 957 4020 —
981 3972 1121 4049 ἐπισχεῖν
1154 3971 1205 4033 καί
1240 3971 1293 4033 οὐκ
1318 3972 1497 4049 ε’πειχίηναι
1522 3969 1575 4035 Or.
1599 3970 1642 4033 IV
1665 3968 1781 4054 §175;
1808 3973 1878 4035 ὑπσ·

687 4077 782 4153 δείξαι
816 4078 867 4141 καί
900 4085 1024 4149 ποιησαι
1048 4076 1179 4153 φανερόν
1204 4074 1255 4139 Or.
1282 4075 1308 4138 V
1333 4076 1423 4160 §123
1452 4076 1680 4153 bespennensium
1703 4076 1754 4139 καί
1782 4101 1881 4140 κατα-

686 4184 906 4265 πεφρονηκέναι
936 4183 1013 4247 ibid.
1046 4183 1165 4266 §loth
1204 4180 1338 4253 δηλῶσαι
1372 4184 1423 4244 καί
1458 4181 1583 4245 διελίεῖυ
1613 4181 1666 4246 Or.
1691 4180 1750 4244 VII
1784 4182 1877 4266 §6ae

686 4294 849 4369 μαίνεσθαι
871 4289 922 4352 καὶ
945 4295 1151 4367 παραφρονεῖν
1171 4287 1223 4351 Or.
1244 4286 1320 4350 VIII
1340 4287 1411 4371 §41
1423 4307 1431 4365 ;
1453 4288 1494 4359 είς
1516 4286 1639 4366 ίίρυβσν
1659 4287 1710 4349 καί
1734 4288 1881 4367 ταραχήν

686 4399 738 4463 Or.
771 4396 830 4460 XV
854 4394 969 4479 §123;
1002 4394 1083 4457 οὐδὲν
1115 4392 1295 4467 ηδικηκίτασ
1327 4393 1389 4457 οὐδ’
1422 4392 1640 4469 ἡμαρτηκότας
1671 4391 1749 4456 ibid.
1781 4392 1878 4476 §144

685 4504 770 4585 (ooli.
804 4503 879 4586 hys.
913 4500 981 4564 Οτι.
1006 4500 1112 4564 XXIV
1138 4500 1221 4584 526,
1248 4499 1337 4563 XXV
1361 4498 1460 4583 526),
1494 4498 1700 4582 multumque
1723 4499 1816 4563 abest
1842 4506 1878 4563 ut

697 4687 891 4696 ——.——-——--

722 4801 748 4857 1)
766 4798 815 4846 cn.
833 4794 916 4844 Oobeti
935 4793 989 4841 Vh*
1011 4808 1033 4856 p.
1052 4790 1263 4841 asteterunt.
1282 4791 1310 4839 ad
1331 4791 1362 4839 N.
1379 4790 1405 4838 L.
1427 4806 1450 4854 p.
1469 4787 1525 4851 xvij.

721 4881 748 4937 2)
768 4879 849 4926 Minns
866 4876 940 4924 otiose
957 4875 1029 4922 otiam
1047 4873 1144 4920 Isocrat.
1164 4874 1208 4921 Or.
1226 4873 1268 4920 XV
1290 4873 1370 4934 §1092
1388 4867 1537 4929 ἐπαυσάμην
1555 4871 1601 4916 τσῦ
1618 4866 1688 4925 δίσυρ
1706 4868 1751 4916 καῖ
1768 4871 1815 4926 τῆς
1834 4887 1878 4917 η.

688 4961 768 5020 aazia
786 4957 887 5014 ταύτης.
