5125 6150
982 814 1025 860 AD
1050 814 1278 862 ARISTOPHANIS
1303 815 1394 863 ΗΚΒ.

1137 977 1288 1055 εὐδρόσους
1313 985 1373 1055 γῆς
1396 976 1507 1049 τότους

769 1082 862 1162 ἔχετε
886 1083 1023 1160 λειμῶνα
1047 1086 1077 1148 τ’
1101 1084 1221 1161 ἐρόεντα
1246 1085 1431 1159 Μαραθῶνος

768 1187 843 1264 όρνις
867 1191 1093 1263 ττεροτοόιιιλος
1120 1192 1269 1265 ατταγοῖς
1295 1193 1455 1266 α’τταγῖις.

588 1295 676 1373 Quae
711 1304 860 1379 corrupta
894 1316 961 1359 esse
996 1317 1071 1359 cum
1106 1300 1235 1361 numeri
1268 1302 1340 1361 tum
1375 1299 1444 1381 ipsa
1474 1297 1571 1361 rerba
1600 1295 1781 1363 luculenter

587 1406 757 1465 testantur.
801 1400 930 1464 Partem
967 1407 1074 1465 autem
1112 1405 1180 1466 reri
1216 1412 1308 1467 acute
1342 1405 1486 1467 restituit
1519 1403 1686 1480 Meinehe,
1724 1408 1779 1488 qui

586 1506 695 1593 glossa
718 1506 924 1593 Hesychiana
948 1507 1107 1584 ,,ττέρων”
1132 1509 1195 1572 huc
1218 1515 1319 1573 tracta
1342 1510 1487 1592 scripsit:
1508 1510 1622 1584 ττέρωι
1644 1512 1779 1579 esraitae

587 1614 617 1674 r'
638 1613 799 1685 ἀτταγᾶς.
820 1611 882 1676 Sed
903 1615 1018 1676 misere
1036 1620 1198 1698 praeterea
1219 1611 1365 1697 displicet
1385 1613 1458 1689 ὅρνις
1476 1634 1538 1678 ror
1552 1613 1778 1691 inutilissima,

588 1739 645 1781 nec
676 1720 784 1781 minus
815 1720 968 1781 iteratum
999 1723 1168 1795 ἀτταγᾶς,
1193 1720 1285 1782 cuius
1309 1721 1377 1782 avis
1399 1739 1513 1783 nomen
1539 1720 1587 1783 bis
1610 1723 1684 1803 poni
1707 1719 1779 1785 ideo

588 1824 672 1908 quod
695 1827 764 1908 ipse
788 1831 919 1908 attagen
943 1822 977 1885 τό
1002 1822 1072 1887 ἴδιον
1096 1823 1189 1899 όνομα
1215 1826 1393 1901 Φόόγγετοιι
1419 1825 1471 1886 καὶ
1497 1827 1673 1896 αναμέλπει
1689 1824 1724 1909 1),
1746 1825 1780 1890 id

587 1930 717 2013 quidem
751 1949 820 1993 cras
850 1929 985 1993 credam.
1011 1929 1123 2015 ltaque
1148 1928 1261 1994 deletis
1284 1929 1477 2016 glossemate
1501 1929 1574 2008 όρνις
1600 1931 1639 1996 ad
1664 1933 1778 2009 πτέρου

587 2037 760 2119 pertinenti
793 2042 825 2098 et
855 2034 955 2101 altero
979 2037 1145 2113 ότταγᾶς,
1170 2035 1318 2099 lacunam
1343 2043 1460 2100 statuo
1485 2035 1588 2114 Quem
1614 2045 1778 2122 procerte

586 2139 714 2223 explere
727 2140 809 2204 velle
822 2162 926 2205 merae
939 2143 1078 2225 profecto
1090 2150 1173 2206 esset
1185 2144 1390 2217 temeritatis;
1404 2141 1543 2226 exempli
1556 2146 1661 2228 gratia
1672 2150 1780 2208 tamen

586 2245 696 2309 licebit
720 2266 893 2330 proponere
917 2246 1037 2331 aliquid
1063 2246 1146 2332 quod
1169 2249 1309 2311 comicus
1334 2249 1475 2331 potuerit
1498 2255 1582 2312 certe
1604 2250 1754 2314 scribere:

1091 2349 1148 2417 ὅσα
1173 2354 1202 2414 τ’
1222 2351 1376 2428 εὐδρόσους
1401 2358 1462 2428 γῆς
1485 2351 1597 2425 τόπους

769 2454 863 2536 ἔχετε
887 2456 1023 2533 λειμῶνά
1047 2463 1076 2520 τ’
1101 2456 1222 2534 ἐρόεντα
1247 2458 1447 2535 Μαραόῐινος,
1473 2455 1562 2536 (ἴτε,

769 2561 927 2642 τάρδαλος
952 2563 1030 2635 acl>
1055 2561 1170 2644 ττέρον
1195 2566 1330 2634 τοικόλος
1355 2566 1385 2626 τ’
1408 2566 1570 2640 ἀτταγᾶς.

633 2779 680 2845 De
704 2802 799 2845 versu
823 2779 889 2847 276
913 2780 1018 2845 simile
1042 2781 1120 2865 quid
1143 2780 1272 2846 videtur
1295 2780 1537 2847 observandum.
1569 2780 1655 2846 Alite
1678 2784 1779 2848 mirae

589 2892 731 2950 staturae
753 2885 1012 2971 incredibilisque
1035 2885 1213 2971 splendoris
1236 2887 1385 2972 adspectu
1409 2886 1591 2952 Piseteerus
1614 2893 1722 2972 rogat:

769 2994 818 3063 τός
842 2995 910 3055 τοτ’
937 2990 997 3056 ἔσθ’
1021 2993 1035 3056 ό
1059 2991 1266 3065 μουσόμαντις
1292 2991 1406 3063 ἄτοπος
1429 2991 1501 3072 όρνις
1525 2993 1704 3071 lietberte

588 3097 674 3177 Quae
705 3098 801 3162 verba
832 3119 934 3182 neque
966 3120 1095 3162 sensum
1120 3100 1270 3182 praebent
1293 3120 1395 3183 neque
1418 3102 1604 3163 trimetrum
1628 3097 1778 3163 efficiunt.

588 3204 667 3267 Avis
687 3211 795 3268 autem
816 3207 1023 3277 μουσόμαντις
1044 3211 1076 3269 et
1094 3226 1170 3270 mox
1182 3205 1286 3276 Μῆδος
1300 3226 1380 3291 quae
1392 3206 1517 3270 dicatur
1529 3207 1705 3283 nescimus;
1718 3206 1780 3268 nisi

588 3315 698 3373 autem
722 3312 851 3395 egregie
871 3309 973 3386 fallor,
993 3314 1061 3394 ipse
1081 3311 1240 3375 nesciebat
1259 3318 1352 3395 poeta
1366 3308 1401 3390 ²).
1422 3309 1456 3373 Id
1478 3332 1553 3375 vero
1572 3311 1778 3374 manifestum

589 3422 653 3490 est,
687 3436 749 3479 non
777 3416 893 3495 ραόόαια
920 3416 1139 3496 pollicarem,
1163 3436 1256 3481 avom
1280 3437 1317 3481 ea
1339 3422 1442 3481 aetate
1465 3418 1570 3481 cuivis
1592 3416 1780 3481 Atheniensi

588 3523 810 3596 notissimam,
831 3542 915 3584 nunc
934 3521 1118 3605 procedere,
1143 3521 1227 3606 quod
1247 3529 1322 3586 sunt
1342 3524 1398 3606 qui
1418 3527 1533 3606 putent
1551 3527 1681 3606 propter
1700 3520 1781 3607 galli

590 3646 705 3690 nomen
738 3625 789 3688 τὸν
822 3628 1015 3704 περσικὸν
1045 3634 1122 3706 (non
1154 3624 1292 3706 Μῆδονό)
1322 3625 1406 3706 όρνιν.
1431 3625 1562 3710 Optimo
1586 3628 1689 3712 igitur
1710 3629 1781 3691 iure

589 3735 623 3795 in
648 3730 777 3795 scholiis
800 3738 933 3817 rogatur
951 3753 1030 3795 num
1050 3752 1160 3796 revera
1178 3734 1232 3796 avi
1251 3731 1349 3797 alicui
1369 3733 1481 3795 Medae
1498 3733 1665 3816 proprium
1683 3730 1781 3795 frierit

590 3857 724 3912 nomen,
760 3843 793 3901 et
828 3842 897 3901 tute
933 3839 1045 3921 opinor
1075 3837 1272 3922 responderis
1302 3836 1385 3901 nulli
1415 3836 1523 3900 thiaso.
1554 3836 1604 3899 lla
1627 3834 1781 3920 Aeschyli

592 3943 665 4006 dein
689 3940 809 4005 lidonis
832 3963 963 4007 versum
986 3940 1127 4027 aliquem
1151 3946 1338 4026 corruptum
1363 3945 1407 4008 sic
1431 3941 1565 4006 afferunt
1588 3940 1710 4006 scholia
1732 3962 1781 4006 co·

590 4047 669 4111 dicis
692 4045 821 4111 Veneti:
850 4048 882 4111 τό
905 4048 974 4110 τοτ’
999 4045 1087 4111 ἔσται
1112 4047 1126 4111 ό
1150 4047 1358 4124 μουσόμαντις
1383 4045 1464 4111 ἄλλο
1487 4047 1638 4123 αιςρατοῦς
1664 4042 1695 4110 όν
1717 4044 1782 4109 rti-

590 4174 649 4230 νει,
686 4155 719 4215 in
743 4151 815 4216 aliis
839 4173 895 4236 pro
920 4153 1070 4230 ἀκρατοῦς
1094 4152 1217 4239 legitur
1240 4151 1415 4233 αβρατεὺς,
1439 4151 1554 4216 Suides
1577 4158 1685 4215 autem
1709 4172 1734 4214 s.
1748 4172 1779 4215 ν.

587 4257 797 4335 μουσόμαντις
829 4258 942 4323 habet:
968 4260 1014 4329 τός
1040 4261 1109 4323 τοτ’
1135 4256 1221 4323 ἔσται
1246 4257 1260 4320 ό
1284 4283 1320 4334 μ.
1345 4255 1465 4328 &Actor
1491 4255 1659 4335 αβρατεός.
1693 4255 1781 4335 Quae

588 4365 686 4428 verba
716 4366 749 4427 in
782 4362 981 4428 tolerabilem
1011 4366 1197 4428 trimetrum
1220 4362 1369 4450 effingere
1392 4362 1532 4427 nondum
1556 4364 1693 4447 contigit
1717 4362 1782 4423 cui-

590 4491 706 4553 quam,
733 4475 852 4534 temere
876 4476 984 4534 autem
1008 4478 1046 4534 ut
1069 4472 1182 4555 opinor
1204 4469 1317 4555 Reisig
1340 4468 1457 4554 aliique
1481 4469 1634 4552 suspicati
1653 4467 1781 4530 suntin

589 4578 631 4639 iis
663 4575 762 4639 latere
786 4574 982 4640 adiectivum
1007 4575 1189 4656 αβροβατνς
1204 4572 1230 4655 ³)
1252 4576 1349 4659 idque
1372 4577 1406 4639 in
1440 4573 1663 4658 Aristophanis
1685 4592 1779 4638 versu

623 4834 650 4896 l)
668 4832 760 4881 Aelim.
779 4833 812 4882 H.
830 4832 910 4882 Anim.
928 4832 964 4881 1v
982 4833 1022 4883 42.

623 4915 651 4978 2)
668 4915 705 4964 cl.
723 4930 783 4978 quae
801 4915 918 4965 Mnemon.
939 4914 1001 4963 1901
1021 4931 1044 4979 p.
1062 4912 1111 4966 44¹1
1129 4912 1258 4963 obervari.
1417 4912 1445 4975 8)
1464 4912 1501 4963 Ol.
1518 4913 1603 4963 Aeach.
1621 4913 1687 4964 Pera.
1707 4911 1781 4966 lota
