5125 6150
686 831 752 894 442
1029 826 1036 839 '
1215 846 1336 895 ursus.

686 1018 739 1076 tus
758 1020 858 1087 esset,
878 1010 1008 1075 tandem
1030 1010 1069 1074 ab
1089 1012 1200 1075 amicis
1220 1009 1411 1095 quibusdam
1430 1011 1560 1075 adiutus
1571 1016 1695 1097 vesperi
1706 1020 1873 1096 arreptum

687 1117 885 1184 Theodotum
918 1139 974 1202 per
1004 1119 1074 1181 vim
1097 1117 1136 1181 sd
1160 1138 1192 1182 se
1216 1117 1380 1182 traducere
1401 1120 1547 1182 sustinet.
1572 1117 1761 1183 Relnctatnr
1782 1141 1874 1205 puer,

686 1232 721 1290 et
752 1225 832 1290 forte
863 1227 891 1289 is
921 1227 976 1309 qui
1008 1244 1138 1289 causam
1168 1223 1248 1288 hanc
1277 1223 1355 1287 dicit
1386 1228 1570 1309 supervenit
1594 1227 1815 1310 amssiumque
1839 1228 1874 1289 in

685 1330 867 1396 libertatem
898 1329 1062 1395 vindicare
1091 1343 1191 1415 parat.
1223 1329 1308 1395 'l'um
1336 1333 1406 1394 rixa
1425 1348 1535 1396 exorta
1558 1330 1647 1396 Simo
1669 1335 1802 1417 eiusque
1826 1353 1873 1396 as

686 1444 786 1503 seclus
818 1435 966 1517 α’Φέμενοι
999 1441 1052 1501 τοῦ
1083 1438 1239 1502 νεανίσκου
1263 1435 1394 1501 έτυττον
1416 1439 1482 1515 ἐμέ.
1506 1439 1538 1523 (ᾗ
1560 1437 1615 1517 18)
1638 1442 1750 1519 μιέχνς
1775 1439 1871 1514 (δὲ)

686 1545 869 1623 γενομένης,
901 1539 922 1607 ὦ
951 1543 1069 1621 βουλή,
1100 1545 1168 1608 καὶ
1199 1549 1252 1609 τοῦ
1282 1546 1440 1621 μειρακίω
1467 1545 1642 1620 βάλλοντος
1666 1546 1778 1615 αὐτοὺς
1802 1543 1871 1609 καὶ

686 1654 775 1731 περὶ
807 1657 875 1717 τοῦ
906 1655 1093 1729 σώματος
1118 1650 1395 1729 ἀμυνομένου,
1419 1653 1606 1717 καὶτούτων
1630 1654 1713 1728 ἡμᾶς
1736 1653 1873 1730 βαλλόν-

686 1783 756 1836 τυν,
787 1757 832 1823 έτι
863 1759 896 1823 δέ
926 1756 1101 1823 τυττέντυν
1121 1758 1216 1822 αὑτὸν
1241 1758 1299 1823 ried
1321 1767 1377 1833 τῆς
1400 1758 1494 1835 μέένς
1518 1760 1586 1823 καὶ
1611 1761 1707 1836 ἐμοῦ
1731 1761 1874 1835 ἀμυνο-

686 1866 826 1945 μένου,
847 1866 898 1930 zat
918 1873 976 1930 τῶν
995 1865 1249 1946 παραγενομένων
1268 1867 1307 1936 ὥς
1326 1865 1531 1941 α’διιιουμένοις
1551 1867 1624 1944 ἡμῖν
1642 1866 1787 1931 ιὶτοὶντιον
1808 1868 1874 1929 ε’τι-

686 1972 875 2054 ιιουοοόντιιν,
898 1972 929 2037 έν
952 1973 1047 2050 τούτῳ
1070 1975 1111 2052 τῷ
1135 1972 1248 2050 θορύβῳ
1271 1970 1495 2050 συντριβόμεθα
1519 1975 1578 2044 τὰς
1603 1974 1749 2049 κεφαλὰς
1770 1970 1873 2037 ὅταν·

686 2103 748 2152 τις.
768 2079 917 2145 Narratio
935 2080 1079 2155 contusa,
1099 2082 1151 2144 cui
1170 2078 1226 2144 alii
1246 2078 1341 2144 aliter
1358 2077 1464 2144 lucem
1483 2079 1641 2145 effundere
1661 2083 1765 2145 conati
1777 2087 1870 2154 snut,

686 2208 760 2253 cnm
784 2190 817 2252 in
842 2189 987 2252 animum
1011 2186 1159 2252 inducere
1182 2188 1351 2271 nequirent
1370 2195 1428 2264 „nt
1448 2186 1563 2272 Lysias
1581 2190 1616 2252 in
1635 2188 1694 2252 hac
1714 2189 1871 2262 oratione,

686 2296 718 2359 in
747 2308 814 2380 'qua
843 2293 992 2379 pleraque
1023 2301 1098 2358 sunt
1129 2300 1228 2369 tersa,
1258 2292 1435 2379 elegantia,
1469 2295 1545 2359 bene
1568 2294 1738 2371 meditata,
1763 2296 1873 2357 minus

686 2401 851 2468 evidenter
873 2421 1016 2487 pugnam
1039 2402 1232 2465 enarraverit
1250 2402 1285 2464 in
1304 2420 1367 2484 qua
1386 2403 1576 2465 summersi
1594 2399 1770 2476 versetur”,
1790 2420 1872 2483 quae

686 2509 782 2575 verba
812 2515 886 2573 sunt
909 2507 1096 2573 Franckenii
1119 2509 1153 2571 in
1178 2509 1343 2572 Οοιιιιιιοιιοι.
1369 2507 1454 2591 [μιν.
1478 2528 1509 2592 p.
1535 2505 1589 2571 34.
1620 2506 1795 2571 infeliciter
1818 2527 1871 2571 me

686 2615 816 2701 quidem
848 2615 953 2679 indice
984 2617 1179 2679 novissimus
1210 2614 1322 2691 editor,
1354 2621 1480 2699 eccepto
1507 2634 1526 2678 a
1549 2613 1744 2679 Franckenio
1766 2615 1872 2688 ιιοὶμοῦ

686 2723 752 2803 (καὶ
776 2723 850 2800 έμοῦ
872 2720 1019 2801 Frauclr.)
1043 2720 1109 2798 ταοὶ
1133 2725 1187 2785 τοῦ
1207 2724 1350 2797 σώματος
1371 2720 1578 2797 ἀμυνομένου,
1600 2757 1639 2768 -
1662 2720 1721 2785 hoc
1739 2719 1870 2804 quidem

686 2836 788 2906 recte,
812 2867 855 2877 -
878 2831 912 2893 in
943 2828 1148 2913 sequentibus
1179 2827 1317 2892 ιιοὶιιεένον
1341 2828 1434 2904 spor.
1459 2829 1620 2912 rescripsit
1643 2849 1700 2912 pro
1723 2826 1869 2892 codicum

686 2935 822 3001 lectione
854 2935 921 2998 nal
953 2936 1049 3009 ἐμοῦ
1080 2935 1184 3011 cinon,
1215 2940 1320 2999 cetera
1349 2936 1468 2998 intacta
1496 2954 1635 2999 servans.
1666 2931 1727 2998 sed
1750 2932 1868 2997 vellem

686 3042 889 3130 explicuisset
912 3063 978 3119 cur,
1002 3042 1029 3106 si
1052 3043 1120 3106 eius
1139 3043 1330 3106 correctione
1350 3039 1500 3106 standum
1518 3047 1582 3117 est,
1604 3042 1745 3125 primum
1766 3039 1871 3105 dican·

686 3159 741 3217 tur
769 3151 1021 3216 commissatores
1052 3148 1156 3211 οιιιίιιο
1180 3171 1276 3230 puero
1299 3169 1391 3212 reum
1415 3154 1558 3211 nostrum
1582 3150 1732 3231 petivisse
1755 3150 1811 3231 qui
1837 3153 1872 3212 et

685 3262 753 3343 ipse
783 3279 816 3323 se
847 3255 1021 3321 detenderit
1051 3261 1083 3320 et
1113 3255 1151 3319 ab
1182 3257 1303 3319 amasio
1332 3253 1554 3340 aggredientes
1584 3253 1758 3338 lapidibus,
1784 3260 1870 3318 certe

687 3364 878 3442 missilibus,
899 3369 1024 3428 arcente
1042 3362 1171 3427 adiutus
1191 3361 1304 3437 fuerit,
1325 3373 1410 3437 tum,
1424 3359 1515 3424 nulls
1526 3359 1632 3424 addita
1644 3358 1869 3445 explicatione,

686 3479 840 3557 utrocunque
870 3470 1046 3534 missilibus
1075 3468 1271 3534 lacessivisse
1310 3466 1435 3546 (rosires
1471 3468 1575 3543 ἡμᾶς
1607 3465 1802 3545 βαλλόντων)
1836 3480 1871 3531 et

686 3578 865 3643 verberasse
883 3598 1021 3663 puerum
1041 3574 1099 3655 (έτι
1119 3574 1150 3640 δὲ
1169 3575 1345 3640 τυττὸντων
1366 3572 1498 3654 αὐτόν)
1518 3577 1572 3659 qni
1594 3611 1636 3623 -
1656 3576 1869 3638 omisssnune

686 3691 724 3751 ut
753 3685 881 3749 videtur
912 3686 1038 3770 petroni
1068 3682 1250 3747 defensioue
1274 3718 1317 3730 -
1337 3702 1370 3745 se
1399 3683 1467 3767 ipse
1489 3686 1614 3744 tutatus
1637 3684 1688 3744 sit.
1713 3679 1797 3759 Quid
1819 3688 1870 3745 est

686 3797 828 3858 contorte
858 3797 891 3856 et
919 3810 1034 3874 purum
1063 3788 1202 3854 dilucide
1232 3808 1358 3853 narrare
1388 3790 1415 3851 si
1444 3787 1502 3851 hoc
1526 3807 1588 3851 non
1612 3784 1680 3851 est?
1702 3785 1871 3852 Praeterea

685 3920 749 3964 non
769 3900 890 3983 optime
910 3918 1059 3982 assequor
1077 3918 1134 3962 our
1151 3897 1406 3962 commissatores
1425 3896 1459 3957 in
1480 3914 1569 3958 reum
1589 3901 1750 3969 nostrum,
1772 3914 1870 3978 quem

662 4011 792 4069 tamen
823 4003 970 4068 manibus
1003 4004 1166 4078 tenebant,
1190 3999 1326 4066 missilis
1349 4001 1499 4075 iecerint,
1524 4020 1658 4082 puerum
1682 4002 1736 4083 qui
1760 3998 1870 4082 paullo

685 4108 814 4195 longius
833 4111 993 4173 recessisse
1013 4108 1184 4173 censendus
1204 4113 1251 4172 est
1267 4106 1434 4171 verberare
1453 4107 1626 4189 potuerint,
1646 4112 1683 4168 ut
1702 4108 1730 4168 is
1749 4107 1871 4170 iterum

686 4236 719 4281 se
749 4214 913 4280 defendere
941 4220 1108 4299 cogeretur
1130 4214 1281 4292 (ιιαίιοίνου
1305 4211 1519 4295 ἀμυνομένου).
1551 4210 1708 4287 Tandem,
1732 4231 1789 4274 cur
1811 4211 1871 4276 hoc

685 4319 856 4387 temulenti
879 4320 988 4385 fecisse
1009 4320 1154 4385 dicantur
1173 4321 1243 4400 (ὑπὸ
1264 4326 1319 4393 τῆς
1337 4317 1455 4398 nitur),
1477 4320 1567 4402 quasi
1587 4315 1668 4380 illud
1688 4316 1784 4381 sobrii
1802 4338 1872 4401 per·

686 4429 890 4513 petraverint.
922 4424 1027 4490 Sensit
1058 4426 1115 4490 has
1137 4424 1299 4491 molestias
1323 4423 1571 4498 Herwerdeuus,
1594 4429 1786 4508 quapropter
1811 4422 1870 4487 ὑπὸ

686 4540 742 4605 τῆς
765 4532 857 4608 sitne
881 4532 1110 4617 proscribebat,
1131 4552 1326 4617 quamquam
1349 4528 1475 4594 difficile
1499 4527 1663 4594 intellectu
1686 4537 1735 4593 est
1757 4550 1814 4593 cur
1838 4538 1872 4595 et

687 4638 770 4705 unde
793 4635 1022 4723 interpolatum
1046 4639 1104 4716 sit,
1129 4638 1228 4703 simul
1251 4640 1414 4722 requirens
1434 4634 1478 4699 ἔτι
1500 4635 1531 4699 δέ
1550 4635 1723 4699 τυπτόντων
1744 4638 1868 4714 ἡμᾶς,

688 4744 740 4810 vel
764 4746 808 4808 sic
831 4744 910 4808 bene
932 4764 1052 4829 gnerus
1076 4743 1114 4807 ad
1136 4743 1244 4809 locum
1266 4746 1301 4807 in
1324 4746 1487 4828 integrum
1513 4742 1746 4806 restituendum
1772 4743 1871 4818 „haec

686 4873 749 4915 non
779 4848 953 4914 sufficere’'.
989 4847 1154 4926 Reislrius,
1184 4852 1348 4936 ingeniose
1378 4856 1415 4911 ut
1446 4847 1544 4923 solet,
1573 4846 1616 4910 ἔτι
1641 4846 1672 4911 u
1696 4848 1870 4912 τιττοντυν

687 4958 785 5021 αὐτῶν
807 4954 865 5020 ὑπὸ
885 4977 915 5017 τ.
931 4955 1022 5030 alins
1036 4937 1232 5020 coniiciebat.
1254 4953 1408 5020 Omnium
1420 4956 1541 5037 optime
1553 4975 1619 5018 rem
1633 4954 1874 5021 administravit
