5125 6150
1048 807 1089 852 un
1112 803 1319 852 ausanuosrs
1342 804 1527 852 cumaeum.
1831 783 1873 848 25

697 971 877 1038 Herodotea
898 971 1038 1036 inveniri
1058 970 1260 1056 perhibeant;
1281 971 1449 1036 historiam
1468 973 1554 1034 enim
1572 971 1694 1034 versuti
1713 969 1878 1034 architecti

694 1082 725 1143 in
752 1077 858 1143 literis
888 1077 1102 1153 Senseriticis,
1133 1075 1218 1161 apud
1246 1076 1382 1154 Turcas,
1413 1077 1496 1161 apud
1525 1077 1643 1141 Russos
1667 1096 1734 1141 esse
1756 1079 1876 1140 notam.

692 1185 756 1250 Nos
786 1185 871 1250 hano
901 1188 1027 1270 partem
1057 1185 1250 1269 quaestionis
1275 1186 1370 1248 certis
1394 1186 1539 1249 terminis
1563 1182 1877 1264 circumscribemns;

691 1294 855 1356 mittimus
878 1311 992 1376 rogare
1015 1311 1032 1355 1
1056 1310 1193 1376 quanam
1215 1288 1437 1376 longinquiore
1460 1291 1591 1355 fortasse
1611 1291 1740 1375 regione
1760 1290 1877 1353 sivein

689 1401 883 1485 Aegyptum
915 1399 984 1462 sive
1019 1399 1053 1461 in
1088 1393 1256 1462 Graeciam
1285 1398 1408 1461 venerit
1439 1395 1561 1475 fabula,
1593 1397 1651 1461 hoo
1682 1395 1777 1460 modo
1800 1396 1878 1459 scire

688 1507 856 1591 cupientes
878 1505 960 1568 sitne
984 1523 1040 1589 per
1058 1503 1245 1590 Aegyptum
1264 1504 1391 1567 invecta
1408 1504 1442 1567 in
1462 1500 1628 1569 Graeciam
1648 1522 1687 1567 an
1709 1522 1764 1587 per
1783 1498 1878 1568 Grae

687 1614 771 1676 ciam
795 1613 831 1674 in
857 1610 1063 1695 Aegyptum,
1087 1628 1127 1672 an
1148 1643 1190 1655 -
1211 1627 1286 1671 nam
1309 1609 1443 1672 tertium
1466 1629 1590 1693 quoque
1614 1607 1768 1673 datur-
1789 1610 1876 1672 simi·

686 1717 733 1783 les
757 1719 793 1781 in
817 1713 951 1782 Graecia
974 1720 1005 1779 et
1029 1717 1063 1778 in
1086 1715 1236 1800 Aegypto
1259 1718 1352 1778 notae
1376 1714 1494 1778 fuerint
1517 1716 1728 1792 narrationes,
1749 1717 1817 1779 sira
1837 1735 1876 1780 ex

687 1823 818 1890 Oriente
854 1831 887 1887 et
920 1823 983 1886 huo
1018 1827 1049 1885 et
1083 1819 1162 1885 illuc
1192 1819 1300 1886 illatae
1331 1822 1400 1884 sive
1430 1823 1463 1884 in
1495 1823 1572 1905 ipsis
1603 1819 1669 1885 illis
1691 1821 1876 1908 regionibus

688 1934 802 2016 sponte
827 1932 965 1993 exortas.

733 2034 820 2103 Nam
837 2032 913 2099 licet
929 2032 1067 2098 libenter
1085 2032 1253 2098 concedam
1271 2031 1312 2098 K.
1328 2031 1364 2097 0.
1385 2030 1542 2097 Muellero
1563 2030 1724 2109 (Orchom.
1737 2031 1752 2097 I
1764 2055 1793 2117 p.
1808 2032 1875 2111 88),

688 2139 772 2205 nihil
791 2141 916 2206 obstare
936 2141 1106 2224 quominus
1125 2139 1201 2203 haec
1220 2138 1329 2204 fabula
1350 2141 1471 2224 origine
1483 2138 1752 2225 indogermanioa
1763 2139 1875 2216 fuerit,

688 2256 798 2313 tamen
828 2267 889 2311 non
921 2244 1013 2309 rideo
1036 2265 1093 2309 cur
1115 2244 1339 2330 Masperonem
1363 2245 1475 2310 ducem
1501 2248 1590 2330 sequi
1613 2265 1794 2309 recusemus
1816 2266 1874 2310 auo

686 2358 758 2419 iure
787 2354 946 2438 originem
969 2354 1193 2438 aegyptiacam
1217 2354 1246 2417 11
1270 2353 1464 2417 tribuentem
1489 2349 1595 2433 (Gont.
1620 2350 1763 2415 XXXIX
1783 2357 1874 2435 sqq).

686 2459 801 2544 Neque
835 2460 940 2523 nescio
974 2456 1133 2522 Steinium
1168 2456 1285 2523 Herod.
1316 2455 1346 2522 Ι3
1377 2481 1408 2543 p.
1437 2456 1498 2522 136
1531 2462 1695 2522 annotasse
1727 2455 1874 2522 fabellam

686 2567 816 2652 origine
851 2586 914 2630 non
948 2566 1172 2651 aegyptiacam
1202 2565 1321 2643 videri,
1357 2564 1501 2650 lepidum
1534 2567 1620 2629 enim
1649 2562 1746 2629 illum
1769 2565 1873 2629 furem

687 2671 851 2736 militibus
873 2673 928 2756 qui
952 2671 1060 2735 fratris
1082 2692 1195 2756 corpus
1219 2669 1412 2737 custodirent
1436 2672 1567 2736 barbam
1590 2670 1734 2735 dextram
1759 2673 1871 2735 rasisse

687 2778 763 2854 dici,
789 2780 967 2864 Aegyptios
989 2797 1064 2843 vero
1087 2777 1216 2842 barbam
1239 2798 1302 2841 non
1326 2776 1459 2853 aluisse;
1493 2775 1547 2841 sed
1571 2775 1787 2842 adversarium
1809 2775 1873 2841 ido

685 2904 786 2949 neum
823 2883 874 2948 hic
912 2885 1036 2947 invenit
1064 2883 1102 2947 A.
1129 2882 1393 2948 Wiedemannum
1424 2880 1595 2963 (Herodots
1625 2885 1750 2947 aweites
1784 2882 1874 2947 Buch

685 2993 750 3055 mit
782 2987 961 3054 sachlichen
986 2987 1242 3076 Xrliiuterungen
1268 2987 1379 3070 1890),
1407 2991 1463 3072 qui
1486 2990 1650 3054 annotavit
1673 2991 1739 3053 iam
1763 3010 1872 3076 regem

685 3098 902 3182 Amenophim
925 3095 969 3160 IV
992 3094 1113 3160 milites
1136 3096 1282 3160 barbatos
1305 3096 1454 3161 habuisse
1483 3095 1722 3180 stipendiarios,
1755 3095 1873 3182 Libyes

684 3225 762 3271 vero
793 3201 1005 3267 conducticios
1027 3202 1101 3266 inde
1123 3223 1142 3267 a
1166 3201 1312 3289 dynastia
1335 3200 1428 3267 11111ι
1451 3202 1597 3267 barbatos
1619 3205 1652 3266 in
1676 3203 1872 3289 imaginibus

685 3329 856 3396 apparere,
891 3328 1010 3373 necnon
1045 3306 1198 3373 Herodoti
1234 3314 1378 3393 tempore
1409 3308 1495 3373 hunc
1526 3329 1651 3374 morem
1674 3311 1708 3372 in
1731 3311 1872 3374 exercitu

684 3417 924 3501 Aegyptiorum
955 3412 1105 3478 valuisse.
1137 3412 1223 3479 Idem
1256 3413 1502 3501 Aegyptologus
1534 3413 1596 3479 alia
1618 3435 1742 3499 quoque
1766 3414 1872 3492 docet,

684 3521 805 3608 quibus
838 3522 887 3584 uti
916 3525 1038 3604 potest,
1070 3522 1125 3604 qui
1154 3523 1312 3604 originem
1335 3521 1569 3607 Aegyptiaoam
1599 3527 1725 3587 nostrae
1748 3521 1872 3587 fabulae

684 3624 854 3693 defendere
883 3624 1018 3691 studeat.
1049 3625 1133 3690 Nam
1164 3624 1260 3691 111111
1290 3625 1450 3703 occultae,
1475 3626 1583 3711 quales
1607 3626 1754 3714 depingit
1775 3627 1873 3693 Hero

686 3734 802 3810 dotus,
834 3732 878 3796 ibi
910 3730 1067 3818 plurimae
1089 3736 1163 3795 sunt
1187 3739 1346 3817 repertae,
1372 3753 1450 3817 quas
1474 3736 1591 3797 intrare
1614 3735 1676 3798 nisi
1700 3732 1804 3818 lapide
1828 3754 1873 3798 re-

685 3846 777 3905 moto
811 3857 904 3902 nemo
939 3841 1079 3922 poterat;
1110 3842 1204 3901 yetus
1236 3857 1361 3921 quoque
1393 3843 1499 3901 textus
1530 3845 1674 3923 superest
1704 3841 1795 3903 cuius
1828 3844 1875 3902 est

684 3946 907 4030 interpretatio
942 3943 1036 4008 haec:
1074 3941 1222 4029 „Krypta
1253 3943 1391 4027 profanis
1422 3950 1468 4007 111
1499 3946 1627 4030 ignota;
1661 3946 1716 4028 qui
1745 3947 1875 4008 ianuam

685 4054 819 4137 quaeret
849 4070 911 4113 non
940 4049 1083 4113 inveniet
1113 4054 1237 4132 praeter
1268 4048 1399 4112 deorum
1429 4050 1629 4134 prophetas.'’
1654 4049 1727 4114 Mos
1751 4069 1876 4134 quoque

683 4153 957 4243 obsignandorum
977 4152 1130 4230 locorum,
1155 4174 1235 4239 quae
1258 4157 1340 4219 inire
1362 4176 1424 4220 non
1448 4154 1581 4233 licebat,
1607 4177 1662 4240 per
1686 4159 1875 4241 Aegyptum

682 4270 751 4330 erat
772 4259 936 4346 vulgatus.
957 4258 1056 4323 Fures
1077 4266 1202 4341 autem,
1224 4267 1260 4324 ut
1282 4260 1320 4324 de
1340 4266 1415 4347 rege
1434 4262 1545 4326 Amasi
1566 4267 1736 4334 taceamus,
1757 4278 1875 4344 magno

682 4370 731 4434 ibi
765 4370 799 4432 in
831 4368 946 4431 honore
977 4366 1074 4430 fuisse
1095 4364 1155 4460 yel
1189 4366 1261 4430 hino
1292 4372 1396 4452 patet,
1430 4366 1513 4451 quod
1545 4386 1645 4449 usque
1669 4366 1708 4429 ad
1730 4363 1875 4430 medium

681 4474 744 4539 hoc
777 4470 939 4537 1111111111
969 4474 1003 4535 in
1034 4473 1183 4558 Aegypto
1216 4474 1341 4537 exstitit
1372 4477 1476 4537 certus
1507 4473 1580 4536 ordo
1603 4469 1798 4556 praedonum
1823 4473 1875 4536 oui

683 4578 862 4667 praefectus
885 4582 1045 4662 praeerat,
1070 4580 1126 4663 qui
1149 4578 1231 4643 bona
1255 4585 1400 4664 surrepta
1424 4578 1657 4664 possessoribus
1680 4577 1823 4642 redderet
1847 4580 1874 4642 si

682 4691 834 4774 quartam
857 4687 954 4770 pretii
976 4689 1100 4771 partem
1124 4685 1248 4751 furibus
1270 4685 1447 4750 solvissent.

730 4792 793 4858 Sed
817 4795 875 4856 hac
899 4791 937 4856 de
960 4812 993 4856 re
1015 4794 1081 4857 iam
1104 4795 1180 4858 satis
1204 4800 1267 4869 est;
1294 4814 1376 4856 nuno
1401 4790 1567 4855 videamus
1591 4799 1623 4857 et
1642 4792 1874 4876 perpendamus

685 4921 768 4987 quae
802 4900 841 4965 ab
873 4900 1057 4964 auctoribus
1087 4902 1272 4985 praesertim
1304 4898 1531 4964 recentioribus
1563 4899 1600 4963 de
1631 4903 1738 4963 nostra
1768 4895 1876 4962 fabula
