<?xml version="1.0" encoding="UTF-8"?>
<!DOCTYPE html PUBLIC "-//W3C//DTD XHTML 1.0 Transitional//EN"
    "http://www.w3.org/TR/xhtml1/DTD/xhtml1-transitional.dtd">
<html xmlns="http://www.w3.org/1999/xhtml" xml:lang="en" lang="en">
 <head>
  <title>
</title>
<meta http-equiv="Content-Type" content="text/html;charset=utf-8" />
  <meta name='ocr-system' content='tesseract 3.04.00' />
  <meta name='ocr-capabilities' content='ocr_page ocr_carea ocr_par ocr_line ocrx_word'/>
</head>
<body>
  <div class='ocr_page' id='page_1' title='image "./mnemosyne04verdgoog_0370.png"; bbox 0 0 5125 6150; ppageno 0'>
   <div class='ocr_carea' id='block_1_1' title="bbox 1026 825 1764 895">
    <p class='ocr_par' dir='ltr' id='par_1_1' title="bbox 1026 825 1764 895">
     <span class='ocr_line' id='line_1_1' title="bbox 1026 825 1764 895; baseline 0 -3"><span class='ocrx_word' id='word_1_1' title='bbox 1026 846 1143 894; x_wconf 71' lang='lat' dir='ltr'><strong>enters</strong></span> <span class='ocrx_word' id='word_1_2' title='bbox 1165 846 1336 895; x_wconf 79' lang='lat' dir='ltr'><strong>nonnosus.</strong></span> <span class='ocrx_word' id='word_1_3' title='bbox 1700 825 1764 893; x_wconf 82' lang='lat'><strong>373</strong></span> 
     </span>
    </p>
   </div>
   <div class='ocr_carea' id='block_1_2' title="bbox 576 1009 1776 4189">
    <p class='ocr_par' dir='ltr' id='par_1_2' title="bbox 576 1009 1766 1198">
     <span class='ocr_line' id='line_1_2' title="bbox 576 1009 1766 1100; baseline -0.003 -22"><span class='ocrx_word' id='word_1_4' title='bbox 576 1015 721 1100; x_wconf 90' lang='lat' dir='ltr'><strong>propitia</strong></span> <span class='ocrx_word' id='word_1_5' title='bbox 756 1018 885 1097; x_wconf 87' lang='lat' dir='ltr'><strong>propter</strong></span> <span class='ocrx_word' id='word_1_6' title='bbox 914 1012 1036 1078; x_wconf 91' lang='lat' dir='ltr'><strong>laetum</strong></span> <span class='ocrx_word' id='word_1_7' title='bbox 1068 1012 1248 1078; x_wconf 90' lang='lat' dir='ltr'><strong>fabularum</strong></span> <span class='ocrx_word' id='word_1_8' title='bbox 1280 1014 1413 1078; x_wconf 80' lang='lat' dir='ltr'><strong>exitum.</strong></span> <span class='ocrx_word' id='word_1_9' title='bbox 1451 1009 1669 1075; x_wconf 80' lang='lat' dir='ltr'><strong>Nihilominus</strong></span> <span class='ocrx_word' id='word_1_10' title='bbox 1701 1009 1766 1075; x_wconf 83' lang='lat' dir='ltr'><strong>Leo</strong></span> 
     </span>
     <span class='ocr_line' id='line_1_3' title="bbox 576 1117 1766 1198; baseline -0.004 -13"><span class='ocrx_word' id='word_1_11' title='bbox 576 1141 706 1186; x_wconf 88' lang='lat' dir='ltr'><strong>sorores</strong></span> <span class='ocrx_word' id='word_1_12' title='bbox 735 1141 817 1197; x_wconf 93' lang='lat' dir='ltr'><strong>non,</strong></span> <span class='ocrx_word' id='word_1_13' title='bbox 849 1127 887 1184; x_wconf 91' lang='lat' dir='ltr'><strong>ut</strong></span> <span class='ocrx_word' id='word_1_14' title='bbox 909 1119 1129 1198; x_wconf 82' lang='lat' dir='ltr'><strong>Franckenus,</strong></span> <span class='ocrx_word' id='word_1_15' title='bbox 1153 1122 1209 1184; x_wconf 91' lang='lat' dir='ltr'><strong>uni</strong></span> <span class='ocrx_word' id='word_1_16' title='bbox 1232 1119 1287 1184; x_wconf 89' lang='lat' dir='ltr'><strong>sed</strong></span> <span class='ocrx_word' id='word_1_17' title='bbox 1310 1117 1443 1184; x_wconf 89' lang='lat' dir='ltr'><strong>diversis</strong></span> <span class='ocrx_word' id='word_1_18' title='bbox 1467 1117 1584 1184; x_wconf 90' lang='lat' dir='ltr'><strong>fabulis</strong></span> <span class='ocrx_word' id='word_1_19' title='bbox 1609 1117 1766 1182; x_wconf 88' lang='lat' dir='ltr'><strong>attribuit.</strong></span> 
     </span>
    </p>

    <p class='ocr_par' dir='ltr' id='par_1_3' title="bbox 577 1221 1769 1419">
     <span class='ocr_line' id='line_1_4' title="bbox 628 1221 1769 1312; baseline -0.004 -23"><span class='ocrx_word' id='word_1_20' title='bbox 628 1225 700 1290; x_wconf 82' lang='lat' dir='ltr'><strong>Viri</strong></span> <span class='ocrx_word' id='word_1_21' title='bbox 724 1225 762 1290; x_wconf 90' lang='lat' dir='ltr'><strong>cl.</strong></span> <span class='ocrx_word' id='word_1_22' title='bbox 786 1225 903 1291; x_wconf 89' lang='lat' dir='ltr'><strong>indicia</strong></span> <span class='ocrx_word' id='word_1_23' title='bbox 923 1229 1026 1312; x_wconf 90' lang='lat' dir='ltr'><strong>igitur</strong></span> <span class='ocrx_word' id='word_1_24' title='bbox 1048 1226 1165 1291; x_wconf 90' lang='lat' dir='ltr'><strong>caduca</strong></span> <span class='ocrx_word' id='word_1_25' title='bbox 1188 1232 1263 1289; x_wconf 89' lang='lat' dir='ltr'><strong>sunt</strong></span> <span class='ocrx_word' id='word_1_26' title='bbox 1285 1231 1317 1288; x_wconf 92' lang='lat' dir='ltr'><strong>et</strong></span> <span class='ocrx_word' id='word_1_27' title='bbox 1342 1226 1472 1288; x_wconf 88' lang='lat' dir='ltr'><strong>minime</strong></span> <span class='ocrx_word' id='word_1_28' title='bbox 1494 1224 1628 1308; x_wconf 89' lang='lat' dir='ltr'><strong>probant</strong></span> <span class='ocrx_word' id='word_1_29' title='bbox 1647 1221 1769 1287; x_wconf 87' lang='lat' dir='ltr'><strong>lenonis</strong></span> 
     </span>
     <span class='ocr_line' id='line_1_5' title="bbox 577 1326 1766 1419; baseline -0.004 -22"><span class='ocrx_word' id='word_1_30' title='bbox 577 1353 752 1419; x_wconf 87' lang='lat' dir='ltr'><strong>personam</strong></span> <span class='ocrx_word' id='word_1_31' title='bbox 776 1353 842 1397; x_wconf 89' lang='lat' dir='ltr'><strong>esse</strong></span> <span class='ocrx_word' id='word_1_32' title='bbox 866 1353 963 1397; x_wconf 90' lang='lat' dir='ltr'><strong>unam</strong></span> <span class='ocrx_word' id='word_1_33' title='bbox 985 1335 1018 1396; x_wconf 92' lang='lat' dir='ltr'><strong>in</strong></span> <span class='ocrx_word' id='word_1_34' title='bbox 1042 1331 1072 1396; x_wconf 96' lang='lat' dir='ltr'><strong>II</strong></span> <span class='ocrx_word' id='word_1_35' title='bbox 1095 1338 1127 1396; x_wconf 92' lang='lat' dir='ltr'><strong>et</strong></span> <span class='ocrx_word' id='word_1_36' title='bbox 1146 1330 1189 1395; x_wconf 87' lang='lat' dir='ltr'><strong>IV</strong></span> <span class='ocrx_word' id='word_1_37' title='bbox 1208 1338 1238 1416; x_wconf 80' lang='lat' dir='ltr'><strong>et</strong></span> <span class='ocrx_word' id='word_1_38' title='bbox 1260 1330 1463 1415; x_wconf 78' lang='lat' dir='ltr'>desumptam</span> <span class='ocrx_word' id='word_1_39' title='bbox 1483 1351 1520 1396; x_wconf 84' lang='lat' dir='ltr'><strong>ex</strong></span> <span class='ocrx_word' id='word_1_40' title='bbox 1541 1326 1766 1396; x_wconf 79' lang='lat' dir='ltr'><strong>Carchedonia.</strong></span> 
     </span>
    </p>

    <p class='ocr_par' dir='ltr' id='par_1_4' title="bbox 579 1436 1771 2059">
     <span class='ocr_line' id='line_1_6' title="bbox 629 1436 1769 1523; baseline -0.004 -19"><span class='ocrx_word' id='word_1_41' title='bbox 629 1438 678 1504; x_wconf 90' lang='lat' dir='ltr'><strong>De</strong></span> <span class='ocrx_word' id='word_1_42' title='bbox 710 1437 849 1504; x_wconf 92' lang='lat' dir='ltr'><strong>milite</strong></span> <span class='ocrx_word' id='word_1_43' title='bbox 880 1437 1073 1523; x_wconf 80' lang='lat' dir='ltr'><strong>peculiarem</strong></span> <span class='ocrx_word' id='word_1_44' title='bbox 1104 1441 1321 1523; x_wconf 89' lang='lat' dir='ltr'><strong>quaestionem</strong></span> <span class='ocrx_word' id='word_1_45' title='bbox 1352 1459 1413 1502; x_wconf 91' lang='lat' dir='ltr'><strong>non</strong></span> <span class='ocrx_word' id='word_1_46' title='bbox 1443 1440 1602 1515; x_wconf 79' lang='lat' dir='ltr'><strong>instituit,</strong></span> <span class='ocrx_word' id='word_1_47' title='bbox 1627 1437 1681 1502; x_wconf 88' lang='lat' dir='ltr'><strong>sed</strong></span> <span class='ocrx_word' id='word_1_48' title='bbox 1710 1436 1769 1501; x_wconf 92' lang='lat' dir='ltr'><strong>hoe</strong></span> 
     </span>
     <span class='ocr_line' id='line_1_7' title="bbox 579 1542 1771 1631; baseline -0.004 -20"><span class='ocrx_word' id='word_1_49' title='bbox 579 1552 713 1611; x_wconf 77' lang='lat' dir='ltr'><strong>tantum</strong></span> <span class='ocrx_word' id='word_1_50' title='bbox 745 1545 828 1610; x_wconf 87' lang='lat' dir='ltr'><strong>dixit</strong></span> <span class='ocrx_word' id='word_1_51' title='bbox 853 1567 928 1611; x_wconf 89' lang='lat' dir='ltr'><strong>eum</strong></span> <span class='ocrx_word' id='word_1_52' title='bbox 958 1553 1076 1611; x_wconf 83' lang='lat' dir='ltr'><strong>sortem</strong></span> <span class='ocrx_word' id='word_1_53' title='bbox 1107 1548 1196 1631; x_wconf 90' lang='lat' dir='ltr'><strong>sequi</strong></span> <span class='ocrx_word' id='word_1_54' title='bbox 1226 1545 1348 1610; x_wconf 90' lang='lat' dir='ltr'><strong>lenonis</strong></span> <span class='ocrx_word' id='word_1_55' title='bbox 1377 1547 1410 1609; x_wconf 91' lang='lat' dir='ltr'><strong>in</strong></span> <span class='ocrx_word' id='word_1_56' title='bbox 1441 1548 1514 1608; x_wconf 92' lang='lat' dir='ltr'><strong>actu</strong></span> <span class='ocrx_word' id='word_1_57' title='bbox 1544 1542 1624 1624; x_wconf 84' lang='lat'>11¹).</span> <span class='ocrx_word' id='word_1_58' title='bbox 1656 1542 1771 1607; x_wconf 81' lang='lat' dir='ltr'><strong>Sinos</strong></span> 
     </span>
     <span class='ocr_line' id='line_1_8' title="bbox 581 1650 1769 1738; baseline -0.005 -21"><span class='ocrx_word' id='word_1_59' title='bbox 581 1660 695 1718; x_wconf 81' lang='lat' dir='ltr'><strong>tamm</strong></span> <span class='ocrx_word' id='word_1_60' title='bbox 714 1673 784 1717; x_wconf 89' lang='lat' dir='ltr'><strong>eam</strong></span> <span class='ocrx_word' id='word_1_61' title='bbox 804 1655 1011 1717; x_wconf 81' lang='lat' dir='ltr'><strong>instituemus</strong></span> <span class='ocrx_word' id='word_1_62' title='bbox 1031 1652 1194 1738; x_wconf 80' lang='lat' dir='ltr'><strong>apparebit</strong></span> <span class='ocrx_word' id='word_1_63' title='bbox 1213 1659 1244 1716; x_wconf 89' lang='lat' dir='ltr'><strong>et</strong></span> <span class='ocrx_word' id='word_1_64' title='bbox 1263 1650 1402 1715; x_wconf 90' lang='lat' dir='ltr'><strong>militem</strong></span> <span class='ocrx_word' id='word_1_65' title='bbox 1418 1656 1450 1716; x_wconf 90' lang='lat' dir='ltr'><strong>et</strong></span> <span class='ocrx_word' id='word_1_66' title='bbox 1462 1650 1608 1715; x_wconf 90' lang='lat' dir='ltr'><strong>lenonem</strong></span> <span class='ocrx_word' id='word_1_67' title='bbox 1620 1656 1652 1714; x_wconf 91' lang='lat' dir='ltr'><strong>et</strong></span> <span class='ocrx_word' id='word_1_68' title='bbox 1664 1655 1769 1714; x_wconf 90' lang='lat' dir='ltr'><strong>totum</strong></span> 
     </span>
     <span class='ocr_line' id='line_1_9' title="bbox 582 1755 1770 1845; baseline -0.003 -20"><span class='ocrx_word' id='word_1_69' title='bbox 582 1763 673 1826; x_wconf 90' lang='lat' dir='ltr'><strong>huno</strong></span> <span class='ocrx_word' id='word_1_70' title='bbox 709 1766 816 1824; x_wconf 92' lang='lat' dir='ltr'><strong>actum</strong></span> <span class='ocrx_word' id='word_1_71' title='bbox 846 1763 879 1823; x_wconf 91' lang='lat' dir='ltr'><strong>in</strong></span> <span class='ocrx_word' id='word_1_72' title='bbox 908 1758 1015 1824; x_wconf 87' lang='lat' dir='ltr'><strong>fabula</strong></span> <span class='ocrx_word' id='word_1_73' title='bbox 1045 1779 1246 1845; x_wconf 84' lang='lat' dir='ltr'><strong>anonyma</strong></span> <span class='ocrx_word' id='word_1_74' title='bbox 1276 1757 1412 1823; x_wconf 90' lang='lat' dir='ltr'><strong>eundem</strong></span> <span class='ocrx_word' id='word_1_75' title='bbox 1442 1755 1550 1821; x_wconf 90' lang='lat' dir='ltr'><strong>locum</strong></span> <span class='ocrx_word' id='word_1_76' title='bbox 1585 1777 1770 1841; x_wconf 77' lang='lat' dir='ltr'><strong>occupasse,</strong></span> 
     </span>
     <span class='ocr_line' id='line_1_10' title="bbox 584 1862 1771 1953; baseline -0.003 -22"><span class='ocrx_word' id='word_1_77' title='bbox 584 1886 684 1953; x_wconf 87' lang='lat' dir='ltr'><strong>quam</strong></span> <span class='ocrx_word' id='word_1_78' title='bbox 716 1872 870 1952; x_wconf 89' lang='lat' dir='ltr'><strong>occupant</strong></span> <span class='ocrx_word' id='word_1_79' title='bbox 899 1869 933 1930; x_wconf 89' lang='lat' dir='ltr'><strong>in</strong></span> <span class='ocrx_word' id='word_1_80' title='bbox 956 1865 1107 1931; x_wconf 89' lang='lat' dir='ltr'><strong>Poenulo.</strong></span> <span class='ocrx_word' id='word_1_81' title='bbox 1143 1863 1263 1950; x_wconf 90' lang='lat' dir='ltr'><strong>Incipio</strong></span> <span class='ocrx_word' id='word_1_82' title='bbox 1287 1864 1325 1928; x_wconf 91' lang='lat' dir='ltr'><strong>ab</strong></span> <span class='ocrx_word' id='word_1_83' title='bbox 1349 1867 1539 1951; x_wconf 87' lang='lat' dir='ltr'><strong>argumento</strong></span> <span class='ocrx_word' id='word_1_84' title='bbox 1564 1870 1708 1941; x_wconf 84' lang='lat' dir='ltr'><strong>externo,</strong></span> <span class='ocrx_word' id='word_1_85' title='bbox 1733 1862 1771 1927; x_wconf 89' lang='lat' dir='ltr'><strong>de</strong></span> 
     </span>
     <span class='ocr_line' id='line_1_11' title="bbox 585 1971 999 2059; baseline -0.005 -20"><span class='ocrx_word' id='word_1_86' title='bbox 585 1995 652 2059; x_wconf 92' lang='lat' dir='ltr'><strong>quo</strong></span> <span class='ocrx_word' id='word_1_87' title='bbox 674 1971 711 2036; x_wconf 87' lang='lat' dir='ltr'><strong>L.</strong></span> <span class='ocrx_word' id='word_1_88' title='bbox 737 1975 865 2037; x_wconf 89' lang='lat' dir='ltr'><strong>omnino</strong></span> <span class='ocrx_word' id='word_1_89' title='bbox 889 1975 999 2037; x_wconf 88' lang='lat' dir='ltr'><strong>tacuit.</strong></span> 
     </span>
    </p>

    <p class='ocr_par' dir='ltr' id='par_1_5' title="bbox 586 2075 1775 3549">
     <span class='ocr_line' id='line_1_12' title="bbox 632 2075 1772 2164; baseline -0.004 -20"><span class='ocrx_word' id='word_1_90' title='bbox 632 2079 716 2144; x_wconf 89' lang='lat' dir='ltr'><strong>Raro</strong></span> <span class='ocrx_word' id='word_1_91' title='bbox 738 2077 814 2143; x_wconf 90' lang='lat' dir='ltr'><strong>licet</strong></span> <span class='ocrx_word' id='word_1_92' title='bbox 837 2081 871 2143; x_wconf 91' lang='lat' dir='ltr'><strong>in</strong></span> <span class='ocrx_word' id='word_1_93' title='bbox 894 2078 1056 2144; x_wconf 90' lang='lat' dir='ltr'><strong>comoedia</strong></span> <span class='ocrx_word' id='word_1_94' title='bbox 1075 2085 1112 2143; x_wconf 90' lang='lat' dir='ltr'><strong>ut</strong></span> <span class='ocrx_word' id='word_1_95' title='bbox 1131 2099 1262 2164; x_wconf 88' lang='lat' dir='ltr'><strong>persona</strong></span> <span class='ocrx_word' id='word_1_96' title='bbox 1281 2079 1483 2162; x_wconf 89' lang='lat' dir='ltr'><strong>proscenium</strong></span> <span class='ocrx_word' id='word_1_97' title='bbox 1501 2075 1659 2161; x_wconf 88' lang='lat' dir='ltr'><strong>relinquat</strong></span> <span class='ocrx_word' id='word_1_98' title='bbox 1677 2075 1772 2161; x_wconf 90' lang='lat' dir='ltr'><strong>idque</strong></span> 
     </span>
     <span class='ocr_line' id='line_1_13' title="bbox 586 2183 1774 2268; baseline -0.006 -14"><span class='ocrx_word' id='word_1_99' title='bbox 586 2206 730 2254; x_wconf 82' lang='lat' dir='ltr'><strong>vacnum</strong></span> <span class='ocrx_word' id='word_1_100' title='bbox 754 2193 881 2250; x_wconf 88' lang='lat' dir='ltr'><strong>maneat</strong></span> <span class='ocrx_word' id='word_1_101' title='bbox 904 2186 981 2250; x_wconf 92' lang='lat' dir='ltr'><strong>dum</strong></span> <span class='ocrx_word' id='word_1_102' title='bbox 1006 2186 1114 2251; x_wconf 90' lang='lat' dir='ltr'><strong>eadem</strong></span> <span class='ocrx_word' id='word_1_103' title='bbox 1133 2185 1248 2250; x_wconf 90' lang='lat' dir='ltr'><strong>redeat.</strong></span> <span class='ocrx_word' id='word_1_104' title='bbox 1272 2184 1336 2248; x_wconf 91' lang='lat' dir='ltr'><strong>Ubi</strong></span> <span class='ocrx_word' id='word_1_105' title='bbox 1354 2183 1412 2248; x_wconf 92' lang='lat' dir='ltr'><strong>hoc</strong></span> <span class='ocrx_word' id='word_1_106' title='bbox 1430 2183 1622 2260; x_wconf 85' lang='lat' dir='ltr'><strong>admittitur,</strong></span> <span class='ocrx_word' id='word_1_107' title='bbox 1641 2203 1774 2268; x_wconf 89' lang='lat' dir='ltr'><strong>persona</strong></span> 
     </span>
     <span class='ocr_line' id='line_1_14' title="bbox 586 2291 1773 2378; baseline -0.003 -20"><span class='ocrx_word' id='word_1_108' title='bbox 586 2315 652 2358; x_wconf 91' lang='lat' dir='ltr'><strong>non</strong></span> <span class='ocrx_word' id='word_1_109' title='bbox 682 2291 811 2378; x_wconf 88' lang='lat' dir='ltr'><strong>longius</strong></span> <span class='ocrx_word' id='word_1_110' title='bbox 842 2292 909 2356; x_wconf 92' lang='lat' dir='ltr'><strong>abit</strong></span> <span class='ocrx_word' id='word_1_111' title='bbox 939 2313 1035 2376; x_wconf 88' lang='lat' dir='ltr'><strong>quam</strong></span> <span class='ocrx_word' id='word_1_112' title='bbox 1065 2294 1099 2356; x_wconf 93' lang='lat' dir='ltr'><strong>in</strong></span> <span class='ocrx_word' id='word_1_113' title='bbox 1131 2292 1222 2356; x_wconf 89' lang='lat' dir='ltr'><strong>aedes</strong></span> <span class='ocrx_word' id='word_1_114' title='bbox 1254 2311 1332 2375; x_wconf 85' lang='lat' dir='ltr'><strong>quas</strong></span> <span class='ocrx_word' id='word_1_115' title='bbox 1362 2292 1560 2375; x_wconf 90' lang='lat' dir='ltr'><strong>conspiciunt</strong></span> <span class='ocrx_word' id='word_1_116' title='bbox 1582 2295 1773 2375; x_wconf 88' lang='lat' dir='ltr'><strong>spectatores</strong></span> 
     </span>
     <span class='ocr_line' id='line_1_15' title="bbox 587 2394 1772 2484; baseline -0.005 -20"><span class='ocrx_word' id='word_1_117' title='bbox 587 2399 685 2484; x_wconf 90' lang='lat' dir='ltr'><strong>idque</strong></span> <span class='ocrx_word' id='word_1_118' title='bbox 717 2396 934 2482; x_wconf 87' lang='lat' dir='ltr'><strong>pauxillulum</strong></span> <span class='ocrx_word' id='word_1_119' title='bbox 967 2401 1134 2483; x_wconf 86' lang='lat' dir='ltr'><strong>temporis,</strong></span> <span class='ocrx_word' id='word_1_120' title='bbox 1172 2403 1209 2461; x_wconf 94' lang='lat' dir='ltr'><strong>ut</strong></span> <span class='ocrx_word' id='word_1_121' title='bbox 1243 2399 1331 2460; x_wconf 90' lang='lat' dir='ltr'><strong>intus</strong></span> <span class='ocrx_word' id='word_1_122' title='bbox 1362 2394 1482 2481; x_wconf 90' lang='lat' dir='ltr'><strong>aliquid</strong></span> <span class='ocrx_word' id='word_1_123' title='bbox 1512 2395 1613 2471; x_wconf 89' lang='lat' dir='ltr'><strong>dicat,</strong></span> <span class='ocrx_word' id='word_1_124' title='bbox 1646 2394 1772 2472; x_wconf 91' lang='lat' dir='ltr'><strong>audiat,</strong></span> 
     </span>
     <span class='ocr_line' id='line_1_16' title="bbox 587 2500 1774 2590; baseline -0.007 -18"><span class='ocrx_word' id='word_1_125' title='bbox 587 2507 774 2590; x_wconf 87' lang='lat' dir='ltr'><strong>conspiciat.</strong></span> <span class='ocrx_word' id='word_1_126' title='bbox 799 2504 852 2568; x_wconf 88' lang='lat' dir='ltr'><strong>Fit</strong></span> <span class='ocrx_word' id='word_1_127' title='bbox 873 2504 932 2571; x_wconf 93' lang='lat' dir='ltr'><strong>hoc</strong></span> <span class='ocrx_word' id='word_1_128' title='bbox 954 2507 989 2569; x_wconf 89' lang='lat' dir='ltr'><strong>in</strong></span> <span class='ocrx_word' id='word_1_129' title='bbox 1011 2507 1157 2569; x_wconf 87' lang='lat' dir='ltr'><strong>Asinaria</strong></span> <span class='ocrx_word' id='word_1_130' title='bbox 1180 2502 1255 2581; x_wconf 84' lang='lat'><strong>809,</strong></span> <span class='ocrx_word' id='word_1_131' title='bbox 1281 2500 1461 2570; x_wconf 80' lang='lat' dir='ltr'><strong>Cistellaria</strong></span> <span class='ocrx_word' id='word_1_132' title='bbox 1485 2501 1560 2580; x_wconf 88' lang='lat'><strong>630,</strong></span> <span class='ocrx_word' id='word_1_133' title='bbox 1585 2501 1774 2566; x_wconf 87' lang='lat' dir='ltr'><strong>Heautonti-</strong></span> 
     </span>
     <span class='ocr_line' id='line_1_17' title="bbox 588 2608 1774 2686; baseline -0.006 -8"><span class='ocrx_word' id='word_1_134' title='bbox 588 2632 778 2678; x_wconf 87' lang='lat' dir='ltr'><strong>morumeno</strong></span> <span class='ocrx_word' id='word_1_135' title='bbox 801 2610 877 2675; x_wconf 81' lang='lat'><strong>873.</strong></span> <span class='ocrx_word' id='word_1_136' title='bbox 902 2611 937 2676; x_wconf 93' lang='lat' dir='ltr'><strong>In</strong></span> <span class='ocrx_word' id='word_1_137' title='bbox 961 2609 1121 2676; x_wconf 90' lang='lat' dir='ltr'><strong>Pseudulo</strong></span> <span class='ocrx_word' id='word_1_138' title='bbox 1147 2608 1223 2686; x_wconf 80' lang='lat'><strong>573,</strong></span> <span class='ocrx_word' id='word_1_139' title='bbox 1247 2610 1303 2674; x_wconf 92' lang='lat' dir='ltr'><strong>ubi</strong></span> <span class='ocrx_word' id='word_1_140' title='bbox 1326 2630 1438 2674; x_wconf 85' lang='lat' dir='ltr'><strong>servus</strong></span> <span class='ocrx_word' id='word_1_141' title='bbox 1462 2608 1584 2673; x_wconf 89' lang='lat' dir='ltr'><strong>diutius</strong></span> <span class='ocrx_word' id='word_1_142' title='bbox 1603 2608 1689 2673; x_wconf 91' lang='lat' dir='ltr'><strong>domi</strong></span> <span class='ocrx_word' id='word_1_143' title='bbox 1708 2628 1774 2672; x_wconf 92' lang='lat' dir='ltr'><strong>mo·</strong></span> 
     </span>
     <span class='ocr_line' id='line_1_18' title="bbox 588 2716 1773 2802; baseline -0.003 -19"><span class='ocrx_word' id='word_1_144' title='bbox 588 2719 716 2784; x_wconf 88' lang='lat' dir='ltr'><strong>rabitur</strong></span> <span class='ocrx_word' id='word_1_145' title='bbox 750 2718 789 2782; x_wconf 90' lang='lat' dir='ltr'><strong>ad</strong></span> <span class='ocrx_word' id='word_1_146' title='bbox 825 2717 936 2782; x_wconf 94' lang='lat' dir='ltr'><strong>dolum</strong></span> <span class='ocrx_word' id='word_1_147' title='bbox 971 2718 1221 2783; x_wconf 90' lang='lat' dir='ltr'><strong>concinnandum</strong></span> <span class='ocrx_word' id='word_1_148' title='bbox 1258 2724 1426 2802; x_wconf 87' lang='lat' dir='ltr'><strong>antequam</strong></span> <span class='ocrx_word' id='word_1_149' title='bbox 1456 2716 1576 2792; x_wconf 87' lang='lat' dir='ltr'><strong>redeat,</strong></span> <span class='ocrx_word' id='word_1_150' title='bbox 1609 2718 1653 2780; x_wconf 90' lang='lat' dir='ltr'><strong>sic</strong></span> <span class='ocrx_word' id='word_1_151' title='bbox 1685 2717 1773 2801; x_wconf 90' lang='lat' dir='ltr'><strong>prius</strong></span> 
     </span>
     <span class='ocr_line' id='line_1_19' title="bbox 589 2821 1774 2910; baseline -0.006 -19"><span class='ocrx_word' id='word_1_152' title='bbox 589 2831 700 2891; x_wconf 88' lang='lat' dir='ltr'><strong>monet</strong></span> <span class='ocrx_word' id='word_1_153' title='bbox 733 2830 938 2910; x_wconf 88' lang='lat' dir='ltr'><strong>spectatores:</strong></span> <span class='ocrx_word' id='word_1_154' title='bbox 970 2847 1028 2888; x_wconf 81' lang='lat' dir='ltr'><strong>ece</strong></span> <span class='ocrx_word' id='word_1_155' title='bbox 1058 2846 1106 2887; x_wconf 88' lang='lat' dir='ltr'><strong>ere</strong></span> <span class='ocrx_word' id='word_1_156' title='bbox 1137 2824 1217 2887; x_wconf 80' lang='lat' dir='ltr'><strong>cotie</strong></span> <span class='ocrx_word' id='word_1_157' title='bbox 1240 2846 1354 2887; x_wconf 88' lang='lat' dir='ltr'><strong>meree:</strong></span> <span class='ocrx_word' id='word_1_158' title='bbox 1379 2822 1486 2886; x_wconf 79' lang='lat' dir='ltr'><strong>tibicen</strong></span> <span class='ocrx_word' id='word_1_159' title='bbox 1508 2845 1559 2886; x_wconf 83' lang='lat' dir='ltr'><strong>coa</strong></span> <span class='ocrx_word' id='word_1_160' title='bbox 1582 2821 1704 2886; x_wconf 80' lang='lat' dir='ltr'><strong>interibi</strong></span> <span class='ocrx_word' id='word_1_161' title='bbox 1726 2821 1774 2884; x_wconf 82' lang='lat' dir='ltr'><strong>hie</strong></span> 
     </span>
     <span class='ocr_line' id='line_1_20' title="bbox 594 2928 1773 3016; baseline -0.002 -22"><span class='ocrx_word' id='word_1_162' title='bbox 594 2932 792 2996; x_wconf 83' lang='lat' dir='ltr'><strong>delectaverit.</strong></span> <span class='ocrx_word' id='word_1_163' title='bbox 829 2931 958 3010; x_wconf 84' lang='lat' dir='ltr'><strong>Quoties</strong></span> <span class='ocrx_word' id='word_1_164' title='bbox 993 2929 1118 3016; x_wconf 77' lang='lat' dir='ltr'><strong>longior</strong></span> <span class='ocrx_word' id='word_1_165' title='bbox 1149 2936 1197 2994; x_wconf 91' lang='lat' dir='ltr'><strong>est</strong></span> <span class='ocrx_word' id='word_1_166' title='bbox 1235 2931 1376 2995; x_wconf 89' lang='lat' dir='ltr'><strong>absentia</strong></span> <span class='ocrx_word' id='word_1_167' title='bbox 1413 2931 1447 2992; x_wconf 89' lang='lat' dir='ltr'><strong>in</strong></span> <span class='ocrx_word' id='word_1_168' title='bbox 1483 2929 1550 2994; x_wconf 89' lang='lat' dir='ltr'><strong>foro</strong></span> <span class='ocrx_word' id='word_1_169' title='bbox 1589 2928 1640 2993; x_wconf 87' lang='lat' dir='ltr'><strong>vel</strong></span> <span class='ocrx_word' id='word_1_170' title='bbox 1678 2928 1773 3005; x_wconf 90' lang='lat' dir='ltr'><strong>alibi,</strong></span> 
     </span>
     <span class='ocr_line' id='line_1_21' title="bbox 595 3035 1773 3123; baseline -0.004 -20"><span class='ocrx_word' id='word_1_171' title='bbox 595 3058 693 3103; x_wconf 82' lang='lat' dir='ltr'><strong>novus</strong></span> <span class='ocrx_word' id='word_1_172' title='bbox 724 3043 813 3103; x_wconf 90' lang='lat' dir='ltr'><strong>actus</strong></span> <span class='ocrx_word' id='word_1_173' title='bbox 843 3040 997 3123; x_wconf 90' lang='lat' dir='ltr'><strong>incipitur</strong></span> <span class='ocrx_word' id='word_1_174' title='bbox 1020 3044 1075 3102; x_wconf 90' lang='lat' dir='ltr'><strong>aut</strong></span> <span class='ocrx_word' id='word_1_175' title='bbox 1098 3039 1253 3123; x_wconf 90' lang='lat' dir='ltr'><strong>temporis</strong></span> <span class='ocrx_word' id='word_1_176' title='bbox 1281 3035 1490 3102; x_wconf 86' lang='lat' dir='ltr'><strong>intervallum</strong></span> <span class='ocrx_word' id='word_1_177' title='bbox 1514 3035 1659 3121; x_wconf 81' lang='lat' dir='ltr'><strong>expletur</strong></span> <span class='ocrx_word' id='word_1_178' title='bbox 1682 3054 1773 3100; x_wconf 88' lang='lat' dir='ltr'><strong>scene</strong></span> 
     </span>
     <span class='ocr_line' id='line_1_22' title="bbox 593 3141 1773 3228; baseline -0.002 -19"><span class='ocrx_word' id='word_1_179' title='bbox 593 3143 802 3210; x_wconf 88' lang='lat' dir='ltr'><strong>intercalaria.</strong></span> <span class='ocrx_word' id='word_1_180' title='bbox 833 3144 1028 3209; x_wconf 88' lang='lat' dir='ltr'><strong>Huiusmodi</strong></span> <span class='ocrx_word' id='word_1_181' title='bbox 1059 3152 1168 3209; x_wconf 89' lang='lat' dir='ltr'><strong>autem</strong></span> <span class='ocrx_word' id='word_1_182' title='bbox 1199 3165 1291 3209; x_wconf 90' lang='lat' dir='ltr'><strong>scena</strong></span> <span class='ocrx_word' id='word_1_183' title='bbox 1322 3151 1369 3208; x_wconf 89' lang='lat' dir='ltr'><strong>est</strong></span> <span class='ocrx_word' id='word_1_184' title='bbox 1393 3149 1482 3208; x_wconf 90' lang='lat' dir='ltr'><strong>actus</strong></span> <span class='ocrx_word' id='word_1_185' title='bbox 1504 3141 1544 3222; x_wconf 92' lang='lat' dir='ltr'><strong>Il,</strong></span> <span class='ocrx_word' id='word_1_186' title='bbox 1569 3146 1625 3228; x_wconf 92' lang='lat' dir='ltr'><strong>qui</strong></span> <span class='ocrx_word' id='word_1_187' title='bbox 1649 3145 1773 3208; x_wconf 91' lang='lat' dir='ltr'><strong>sicum</strong></span> 
     </span>
     <span class='ocr_line' id='line_1_23' title="bbox 592 3249 1773 3335; baseline -0.003 -18"><span class='ocrx_word' id='word_1_188' title='bbox 592 3252 697 3317; x_wconf 84' lang='lat' dir='ltr'><strong>Leone</strong></span> <span class='ocrx_word' id='word_1_189' title='bbox 721 3251 857 3329; x_wconf 87' lang='lat' dir='ltr'><strong>tollitur,</strong></span> <span class='ocrx_word' id='word_1_190' title='bbox 882 3251 940 3317; x_wconf 91' lang='lat' dir='ltr'><strong>hoc</strong></span> <span class='ocrx_word' id='word_1_191' title='bbox 965 3253 1082 3315; x_wconf 89' lang='lat' dir='ltr'><strong>vitium</strong></span> <span class='ocrx_word' id='word_1_192' title='bbox 1105 3254 1216 3327; x_wconf 88' lang='lat' dir='ltr'><strong>oritur,</strong></span> <span class='ocrx_word' id='word_1_193' title='bbox 1240 3271 1379 3316; x_wconf 86' lang='lat' dir='ltr'><strong>vacuum</strong></span> <span class='ocrx_word' id='word_1_194' title='bbox 1403 3253 1600 3335; x_wconf 89' lang='lat' dir='ltr'><strong>proscenium</strong></span> <span class='ocrx_word' id='word_1_195' title='bbox 1621 3249 1773 3334; x_wconf 90' lang='lat' dir='ltr'><strong>relinqui,</strong></span> 
     </span>
     <span class='ocr_line' id='line_1_24' title="bbox 592 3355 1775 3443; baseline -0.003 -20"><span class='ocrx_word' id='word_1_196' title='bbox 592 3358 671 3423; x_wconf 92' lang='lat' dir='ltr'><strong>dum</strong></span> <span class='ocrx_word' id='word_1_197' title='bbox 695 3356 917 3443; x_wconf 80' lang='lat' dir='ltr'><strong>Agorastocles</strong></span> <span class='ocrx_word' id='word_1_198' title='bbox 940 3358 1007 3422; x_wconf 91' lang='lat' dir='ltr'><strong>abit</strong></span> <span class='ocrx_word' id='word_1_199' title='bbox 1031 3358 1152 3435; x_wconf 87' lang='lat' dir='ltr'><strong>forum,</strong></span> <span class='ocrx_word' id='word_1_200' title='bbox 1176 3355 1345 3422; x_wconf 87' lang='lat' dir='ltr'><strong>advocatos</strong></span> <span class='ocrx_word' id='word_1_201' title='bbox 1367 3357 1412 3421; x_wconf 93' lang='lat' dir='ltr'><strong>ibi</strong></span> <span class='ocrx_word' id='word_1_202' title='bbox 1431 3355 1557 3443; x_wconf 81' lang='lat' dir='ltr'><strong>colligit</strong></span> <span class='ocrx_word' id='word_1_203' title='bbox 1577 3378 1638 3421; x_wconf 94' lang='lat' dir='ltr'><strong>non</strong></span> <span class='ocrx_word' id='word_1_204' title='bbox 1659 3377 1775 3440; x_wconf 91' lang='lat' dir='ltr'><strong>paucos</strong></span> 
     </span>
     <span class='ocr_line' id='line_1_25' title="bbox 591 3463 1744 3549; baseline -0.004 -19"><span class='ocrx_word' id='word_1_205' title='bbox 591 3464 687 3545; x_wconf 83' lang='lat'>(582)</span> <span class='ocrx_word' id='word_1_206' title='bbox 711 3471 839 3528; x_wconf 90' lang='lat' dir='ltr'><strong>etcum</strong></span> <span class='ocrx_word' id='word_1_207' title='bbox 863 3464 913 3527; x_wconf 91' lang='lat' dir='ltr'><strong>his</strong></span> <span class='ocrx_word' id='word_1_208' title='bbox 938 3463 1218 3549; x_wconf 84' lang='lat' dir='ltr'><strong>tardigradissimis</strong></span> <span class='ocrx_word' id='word_1_209' title='bbox 1241 3464 1424 3528; x_wconf 90' lang='lat' dir='ltr'><strong>hominibus</strong></span> <span class='ocrx_word' id='word_1_210' title='bbox 1447 3466 1479 3526; x_wconf 89' lang='lat' dir='ltr'><strong>in</strong></span> <span class='ocrx_word' id='word_1_211' title='bbox 1504 3482 1630 3527; x_wconf 89' lang='lat' dir='ltr'><strong>scenam</strong></span> <span class='ocrx_word' id='word_1_212' title='bbox 1653 3463 1744 3528; x_wconf 91' lang='lat' dir='ltr'><strong>redit.</strong></span> 
     </span>
    </p>

    <p class='ocr_par' dir='ltr' id='par_1_6' title="bbox 590 3569 1776 4189">
     <span class='ocr_line' id='line_1_26' title="bbox 638 3569 1776 3656; baseline -0.001 -21"><span class='ocrx_word' id='word_1_213' title='bbox 638 3569 770 3635; x_wconf 80' lang='lat' dir='ltr'><strong>Accedit</strong></span> <span class='ocrx_word' id='word_1_214' title='bbox 793 3569 881 3634; x_wconf 89' lang='lat' dir='ltr'><strong>aliud</strong></span> <span class='ocrx_word' id='word_1_215' title='bbox 903 3576 1130 3655; x_wconf 88' lang='lat' dir='ltr'><strong>argumentum</strong></span> <span class='ocrx_word' id='word_1_216' title='bbox 1154 3569 1257 3634; x_wconf 93' lang='lat' dir='ltr'><strong>multo</strong></span> <span class='ocrx_word' id='word_1_217' title='bbox 1280 3572 1428 3656; x_wconf 86' lang='lat' dir='ltr'><strong>gravius,</strong></span> <span class='ocrx_word' id='word_1_218' title='bbox 1449 3590 1562 3654; x_wconf 90' lang='lat' dir='ltr'><strong>nempe</strong></span> <span class='ocrx_word' id='word_1_219' title='bbox 1581 3569 1657 3647; x_wconf 93' lang='lat' dir='ltr'><strong>hoc,</strong></span> <span class='ocrx_word' id='word_1_220' title='bbox 1677 3570 1776 3635; x_wconf 90' lang='lat' dir='ltr'><strong>militi</strong></span> 
     </span>
     <span class='ocr_line' id='line_1_27' title="bbox 591 3674 1774 3743; baseline -0.001 -1"><span class='ocrx_word' id='word_1_221' title='bbox 591 3676 820 3742; x_wconf 85' lang='lat' dir='ltr'><strong>Antamoenidi</strong></span> <span class='ocrx_word' id='word_1_222' title='bbox 853 3679 1093 3741; x_wconf 85' lang='lat' dir='ltr'><strong>convenientem</strong></span> <span class='ocrx_word' id='word_1_223' title='bbox 1127 3675 1236 3740; x_wconf 91' lang='lat' dir='ltr'><strong>locum</strong></span> <span class='ocrx_word' id='word_1_224' title='bbox 1266 3697 1327 3741; x_wconf 92' lang='lat' dir='ltr'><strong>non</strong></span> <span class='ocrx_word' id='word_1_225' title='bbox 1361 3677 1456 3740; x_wconf 88' lang='lat' dir='ltr'><strong>fuisse</strong></span> <span class='ocrx_word' id='word_1_226' title='bbox 1487 3678 1520 3740; x_wconf 90' lang='lat' dir='ltr'><strong>in</strong></span> <span class='ocrx_word' id='word_1_227' title='bbox 1551 3674 1774 3743; x_wconf 77' lang='lat' dir='ltr'><strong>Carchedonia</strong></span> 
     </span>
     <span class='ocr_line' id='line_1_28' title="bbox 591 3781 1775 3870; baseline -0.002 -21"><span class='ocrx_word' id='word_1_228' title='bbox 591 3784 678 3864; x_wconf 78' lang='lat' dir='ltr'><strong>Quas</strong></span> <span class='ocrx_word' id='word_1_229' title='bbox 712 3783 758 3848; x_wconf 92' lang='lat' dir='ltr'><strong>ibi</strong></span> <span class='ocrx_word' id='word_1_230' title='bbox 791 3789 896 3868; x_wconf 90' lang='lat' dir='ltr'><strong>partes</strong></span> <span class='ocrx_word' id='word_1_231' title='bbox 928 3781 1065 3869; x_wconf 86' lang='lat' dir='ltr'><strong>egisset?</strong></span> <span class='ocrx_word' id='word_1_232' title='bbox 1095 3782 1277 3848; x_wconf 84' lang='lat' dir='ltr'><strong>Secundum</strong></span> <span class='ocrx_word' id='word_1_233' title='bbox 1309 3783 1463 3860; x_wconf 84' lang='lat' dir='ltr'><strong>Leonem,</strong></span> <span class='ocrx_word' id='word_1_234' title='bbox 1496 3787 1533 3847; x_wconf 91' lang='lat' dir='ltr'><strong>ut</strong></span> <span class='ocrx_word' id='word_1_235' title='bbox 1556 3783 1775 3870; x_wconf 84' lang='lat' dir='ltr'><strong>Agorastocles</strong></span> 
     </span>
     <span class='ocr_line' id='line_1_29' title="bbox 590 3888 1776 3977; baseline -0.002 -21"><span class='ocrx_word' id='word_1_236' title='bbox 590 3893 766 3966; x_wconf 89' lang='lat' dir='ltr'><strong>maiorem,</strong></span> <span class='ocrx_word' id='word_1_237' title='bbox 787 3892 831 3954; x_wconf 87' lang='lat' dir='ltr'><strong>sie</strong></span> <span class='ocrx_word' id='word_1_238' title='bbox 850 3888 904 3954; x_wconf 91' lang='lat' dir='ltr'><strong>ille</strong></span> <span class='ocrx_word' id='word_1_239' title='bbox 923 3892 1080 3955; x_wconf 90' lang='lat' dir='ltr'><strong>minorem</strong></span> <span class='ocrx_word' id='word_1_240' title='bbox 1102 3910 1241 3955; x_wconf 91' lang='lat' dir='ltr'><strong>sororem</strong></span> <span class='ocrx_word' id='word_1_241' title='bbox 1260 3890 1388 3954; x_wconf 88' lang='lat' dir='ltr'><strong>amabat</strong></span> <span class='ocrx_word' id='word_1_242' title='bbox 1407 3888 1625 3977; x_wconf 86' lang='lat' dir='ltr'><strong>Anterastylin</strong></span> <span class='ocrx_word' id='word_1_243' title='bbox 1644 3910 1776 3974; x_wconf 90' lang='lat' dir='ltr'><strong>eamque</strong></span> 
     </span>
     <span class='ocr_line' id='line_1_30' title="bbox 590 3995 1776 4082; baseline -0.002 -20"><span class='ocrx_word' id='word_1_244' title='bbox 590 4017 728 4062; x_wconf 81' lang='lat' dir='ltr'><strong>uxorem</strong></span> <span class='ocrx_word' id='word_1_245' title='bbox 760 3995 871 4060; x_wconf 89' lang='lat' dir='ltr'><strong>ducere</strong></span> <span class='ocrx_word' id='word_1_246' title='bbox 902 3996 1049 4081; x_wconf 89' lang='lat' dir='ltr'><strong>cupiebat</strong></span> <span class='ocrx_word' id='word_1_247' title='bbox 1061 3996 1098 4076; x_wconf 84' lang='lat'><strong>²).</strong></span> <span class='ocrx_word' id='word_1_248' title='bbox 1131 3995 1193 4061; x_wconf 79' lang='lat' dir='ltr'><strong>Sed</strong></span> <span class='ocrx_word' id='word_1_249' title='bbox 1222 4001 1346 4082; x_wconf 87' lang='lat' dir='ltr'><strong>pugnat</strong></span> <span class='ocrx_word' id='word_1_250' title='bbox 1375 3996 1435 4061; x_wconf 94' lang='lat' dir='ltr'><strong>hoc</strong></span> <span class='ocrx_word' id='word_1_251' title='bbox 1466 3998 1607 4081; x_wconf 88' lang='lat' dir='ltr'><strong>primum</strong></span> <span class='ocrx_word' id='word_1_252' title='bbox 1639 4017 1713 4060; x_wconf 89' lang='lat' dir='ltr'><strong>cum</strong></span> <span class='ocrx_word' id='word_1_253' title='bbox 1736 3997 1776 4060; x_wconf 92' lang='lat' dir='ltr'><strong>iis</strong></span> 
     </span>
     <span class='ocr_line' id='line_1_31' title="bbox 591 4100 1776 4189; baseline -0.003 -19"><span class='ocrx_word' id='word_1_254' title='bbox 591 4105 673 4170; x_wconf 88' lang='lat' dir='ltr'><strong>loeis</strong></span> <span class='ocrx_word' id='word_1_255' title='bbox 696 4106 730 4167; x_wconf 90' lang='lat' dir='ltr'><strong>in</strong></span> <span class='ocrx_word' id='word_1_256' title='bbox 754 4106 928 4188; x_wconf 88' lang='lat' dir='ltr'><strong>posteriore</strong></span> <span class='ocrx_word' id='word_1_257' title='bbox 951 4103 1077 4169; x_wconf 81' lang='lat' dir='ltr'><strong>fabulae</strong></span> <span class='ocrx_word' id='word_1_258' title='bbox 1102 4110 1190 4189; x_wconf 88' lang='lat' dir='ltr'><strong>parte</strong></span> <span class='ocrx_word' id='word_1_259' title='bbox 1213 4124 1293 4188; x_wconf 89' lang='lat' dir='ltr'><strong>quae</strong></span> <span class='ocrx_word' id='word_1_260' title='bbox 1313 4107 1451 4189; x_wconf 90' lang='lat' dir='ltr'><strong>pertinet</strong></span> <span class='ocrx_word' id='word_1_261' title='bbox 1470 4103 1508 4167; x_wconf 92' lang='lat' dir='ltr'><strong>ad</strong></span> <span class='ocrx_word' id='word_1_262' title='bbox 1525 4100 1776 4168; x_wconf 76' lang='lat' dir='ltr'><strong>Carchedonium</strong></span> 
     </span>
    </p>
   </div>
   <div class='ocr_carea' id='block_1_3' title="bbox 591 4316 1779 5045">
    <p class='ocr_par' dir='ltr' id='par_1_7' title="bbox 591 4316 1778 4547">
     <span class='ocr_line' id='line_1_32' title="bbox 591 4316 1777 4386; baseline -0.006 -16"><span class='ocrx_word' id='word_1_263' title='bbox 591 4322 757 4386; x_wconf 82' lang='lat' dir='ltr'><strong>Opponurrtnr</strong></span> <span class='ocrx_word' id='word_1_264' title='bbox 776 4318 814 4367; x_wconf 83' lang='lat' dir='ltr'><strong>hic</strong></span> <span class='ocrx_word' id='word_1_265' title='bbox 832 4318 911 4366; x_wconf 87' lang='lat' dir='ltr'><strong>lenoni</strong></span> <span class='ocrx_word' id='word_1_266' title='bbox 930 4319 991 4367; x_wconf 85' lang='lat' dir='ltr'><strong>mele</strong></span> <span class='ocrx_word' id='word_1_267' title='bbox 1007 4318 1148 4366; x_wconf 80' lang='lat' dir='ltr'><strong>sacrificanti</strong></span> <span class='ocrx_word' id='word_1_268' title='bbox 1167 4333 1212 4366; x_wconf 88' lang='lat' dir='ltr'><strong>non</strong></span> <span class='ocrx_word' id='word_1_269' title='bbox 1228 4334 1321 4366; x_wconf 83' lang='lat' dir='ltr'><strong>sorores</strong></span> <span class='ocrx_word' id='word_1_270' title='bbox 1336 4320 1443 4374; x_wconf 86' lang='lat' dir='ltr'><strong>tanturn,</strong></span> <span class='ocrx_word' id='word_1_271' title='bbox 1462 4317 1500 4365; x_wconf 87' lang='lat' dir='ltr'><strong>eed</strong></span> <span class='ocrx_word' id='word_1_272' title='bbox 1519 4332 1620 4365; x_wconf 85' lang='lat' dir='ltr'><strong>omues</strong></span> <span class='ocrx_word' id='word_1_273' title='bbox 1638 4316 1777 4365; x_wconf 89' lang='lat' dir='ltr'><strong>meretri·</strong></span> 
     </span>
     <span class='ocr_line' id='line_1_33' title="bbox 591 4398 1777 4465; baseline -0.006 -13"><span class='ocrx_word' id='word_1_274' title='bbox 591 4418 659 4460; x_wconf 80' lang='lat' dir='ltr'><strong>cce,</strong></span> <span class='ocrx_word' id='word_1_275' title='bbox 681 4417 740 4465; x_wconf 82' lang='lat' dir='ltr'><strong>ques</strong></span> <span class='ocrx_word' id='word_1_276' title='bbox 762 4400 861 4450; x_wconf 84' lang='lat' dir='ltr'><strong>babebat</strong></span> <span class='ocrx_word' id='word_1_277' title='bbox 883 4401 1023 4464; x_wconf 75' lang='lat' dir='ltr'><strong>complures,</strong></span> <span class='ocrx_word' id='word_1_278' title='bbox 1048 4401 1143 4449; x_wconf 78' lang='lat' dir='ltr'><strong>Erravit</strong></span> <span class='ocrx_word' id='word_1_279' title='bbox 1166 4401 1241 4464; x_wconf 85' lang='lat' dir='ltr'><strong>igitur</strong></span> <span class='ocrx_word' id='word_1_280' title='bbox 1259 4402 1316 4448; x_wconf 82' lang='lat' dir='ltr'><strong>Leo</strong></span> <span class='ocrx_word' id='word_1_281' title='bbox 1334 4400 1358 4448; x_wconf 91' lang='lat' dir='ltr'><strong>in</strong></span> <span class='ocrx_word' id='word_1_282' title='bbox 1377 4399 1453 4448; x_wconf 84' lang='lat' dir='ltr'><strong>verbis</strong></span> <span class='ocrx_word' id='word_1_283' title='bbox 1470 4414 1541 4463; x_wconf 82' lang='lat' dir='ltr'><strong>snpra</strong></span> <span class='ocrx_word' id='word_1_284' title='bbox 1557 4398 1647 4446; x_wconf 80' lang='lat' dir='ltr'><strong>citetis:</strong></span> <span class='ocrx_word' id='word_1_285' title='bbox 1666 4398 1735 4445; x_wconf 69' lang='lat' dir='ltr'><strong>‚Uul</strong></span> <span class='ocrx_word' id='word_1_286' title='bbox 1751 4412 1777 4446; x_wconf 88' lang='lat' dir='ltr'><strong>eo</strong></span> 
     </span>
     <span class='ocr_line' id='line_1_34' title="bbox 595 4476 1778 4547; baseline -0.005 -14"><span class='ocrx_word' id='word_1_287' title='bbox 595 4484 694 4547; x_wconf 70' lang='lat' dir='ltr'><strong>‚bringt</strong></span> <span class='ocrx_word' id='word_1_288' title='bbox 711 4485 865 4546; x_wconf 74' lang='lat' dir='ltr'><strong>Syncerasto·</strong></span> <span class='ocrx_word' id='word_1_289' title='bbox 879 4499 903 4531; x_wconf 86' lang='lat' dir='ltr'><strong>ee</strong></span> <span class='ocrx_word' id='word_1_290' title='bbox 919 4499 961 4532; x_wconf 87' lang='lat' dir='ltr'><strong>ror</strong></span> <span class='ocrx_word' id='word_1_291' title='bbox 976 4484 1010 4531; x_wconf 87' lang='lat' dir='ltr'><strong>ele</strong></span> <span class='ocrx_word' id='word_1_292' title='bbox 1024 4485 1153 4547; x_wconf 78' lang='lat' dir='ltr'><strong>Gegeneetz</strong></span> <span class='ocrx_word' id='word_1_293' title='bbox 1167 4499 1240 4547; x_wconf 86' lang='lat' dir='ltr'><strong>gegerr</strong></span> <span class='ocrx_word' id='word_1_294' title='bbox 1256 4484 1298 4530; x_wconf 89' lang='lat' dir='ltr'><strong>der</strong></span> <span class='ocrx_word' id='word_1_295' title='bbox 1313 4482 1382 4531; x_wconf 88' lang='lat' dir='ltr'><strong>iibleu</strong></span> <span class='ocrx_word' id='word_1_296' title='bbox 1397 4480 1479 4544; x_wconf 80' lang='lat' dir='ltr'><strong>liriolg</strong></span> <span class='ocrx_word' id='word_1_297' title='bbox 1492 4479 1568 4528; x_wconf 81' lang='lat' dir='ltr'><strong>seinse</strong></span> <span class='ocrx_word' id='word_1_298' title='bbox 1578 4478 1676 4528; x_wconf 86' lang='lat' dir='ltr'><strong>Herrn&#39;&#39;</strong></span> <span class='ocrx_word' id='word_1_299' title='bbox 1686 4476 1733 4529; x_wconf 76' lang='lat'><strong>847</strong></span> <span class='ocrx_word' id='word_1_300' title='bbox 1743 4494 1778 4543; x_wconf 80' lang='lat' dir='ltr'><strong>tq.</strong></span> 
     </span>
    </p>

    <p class='ocr_par' dir='ltr' id='par_1_8' title="bbox 591 4561 1778 4794">
     <span class='ocr_line' id='line_1_35' title="bbox 633 4561 1778 4629; baseline -0.004 -16"><span class='ocrx_word' id='word_1_301' title='bbox 633 4568 655 4626; x_wconf 91' lang='grc' dir='ltr'><strong>Ι)</strong></span> <span class='ocrx_word' id='word_1_302' title='bbox 680 4566 733 4629; x_wconf 88' lang='lat' dir='ltr'><strong>Peg.</strong></span> <span class='ocrx_word' id='word_1_303' title='bbox 759 4567 814 4615; x_wconf 77' lang='lat'>158.</span> <span class='ocrx_word' id='word_1_304' title='bbox 841 4566 890 4614; x_wconf 85' lang='lat' dir='ltr'><strong>Cur</strong></span> <span class='ocrx_word' id='word_1_305' title='bbox 913 4570 993 4615; x_wconf 86' lang='lat' dir='ltr'><strong>entem</strong></span> <span class='ocrx_word' id='word_1_306' title='bbox 1016 4564 1152 4614; x_wconf 84' lang='lat' dir='ltr'><strong>dubitanter</strong></span> <span class='ocrx_word' id='word_1_307' title='bbox 1176 4566 1208 4613; x_wconf 88' lang='lat' dir='ltr'><strong>eie</strong></span> <span class='ocrx_word' id='word_1_308' title='bbox 1232 4564 1331 4613; x_wconf 80' lang='lat' dir='ltr'><strong>scribat:</strong></span> <span class='ocrx_word' id='word_1_309' title='bbox 1357 4562 1648 4612; x_wconf 70' lang='lat' dir='ltr'><strong>„Wehrsoheinlioh</strong></span> <span class='ocrx_word' id='word_1_310' title='bbox 1672 4561 1731 4609; x_wconf 83' lang='lat' dir='ltr'><strong>rrird</strong></span> <span class='ocrx_word' id='word_1_311' title='bbox 1754 4576 1778 4609; x_wconf 89' lang='lat' dir='ltr'><strong>ce</strong></span> 
     </span>
     <span class='ocr_line' id='line_1_36' title="bbox 595 4642 1778 4711; baseline -0.008 -11"><span class='ocrx_word' id='word_1_312' title='bbox 595 4646 719 4700; x_wconf 72' lang='lat' dir='ltr'><strong>‚dederet</strong></span> <span class='ocrx_word' id='word_1_313' title='bbox 743 4648 855 4707; x_wconf 83' lang='lat' dir='ltr'><strong>u.e.rr.&#39;’,</strong></span> <span class='ocrx_word' id='word_1_314' title='bbox 880 4665 927 4698; x_wconf 89' lang='lat' dir='ltr'><strong>nou</strong></span> <span class='ocrx_word' id='word_1_315' title='bbox 951 4647 1073 4711; x_wconf 81' lang='lat' dir='ltr'><strong>intelligo,</strong></span> <span class='ocrx_word' id='word_1_316' title='bbox 1096 4648 1143 4696; x_wconf 78' lang='lat' dir='ltr'><strong>niti</strong></span> <span class='ocrx_word' id='word_1_317' title='bbox 1165 4647 1215 4695; x_wconf 84' lang='lat' dir='ltr'><strong>deri</strong></span> <span class='ocrx_word' id='word_1_318' title='bbox 1239 4647 1343 4710; x_wconf 83' lang='lat' dir='ltr'><strong>potuisse</strong></span> <span class='ocrx_word' id='word_1_319' title='bbox 1365 4646 1458 4703; x_wconf 85' lang='lat' dir='ltr'><strong>credat,</strong></span> <span class='ocrx_word' id='word_1_320' title='bbox 1483 4649 1509 4693; x_wconf 88' lang='lat' dir='ltr'><strong>ut</strong></span> <span class='ocrx_word' id='word_1_321' title='bbox 1531 4652 1596 4693; x_wconf 81' lang='lat' dir='ltr'><strong>actus</strong></span> <span class='ocrx_word' id='word_1_322' title='bbox 1613 4642 1640 4691; x_wconf 93' lang='lat'><strong>11</strong></span> <span class='ocrx_word' id='word_1_323' title='bbox 1662 4642 1778 4692; x_wconf 86' lang='lat' dir='ltr'><strong>aPlauto</strong></span> 
     </span>
     <span class='ocr_line' id='line_1_37' title="bbox 591 4730 1090 4794; baseline -0.008 -12"><span class='ocrx_word' id='word_1_324' title='bbox 591 4731 775 4794; x_wconf 77' lang='lat' dir='ltr'><strong>conglutinetur</strong></span> <span class='ocrx_word' id='word_1_325' title='bbox 790 4731 822 4779; x_wconf 87' lang='lat' dir='ltr'><strong>eit</strong></span> <span class='ocrx_word' id='word_1_326' title='bbox 837 4746 864 4780; x_wconf 85' lang='lat' dir='ltr'><strong>ex</strong></span> <span class='ocrx_word' id='word_1_327' title='bbox 881 4731 979 4780; x_wconf 82' lang='lat' dir='ltr'><strong>dirersis</strong></span> <span class='ocrx_word' id='word_1_328' title='bbox 996 4730 1090 4778; x_wconf 83' lang='lat' dir='ltr'><strong>lebulie.</strong></span> 
     </span>
    </p>

    <p class='ocr_par' dir='ltr' id='par_1_9' title="bbox 592 4807 1779 5045">
     <span class='ocr_line' id='line_1_38' title="bbox 628 4807 1779 4877; baseline -0.003 -16"><span class='ocrx_word' id='word_1_329' title='bbox 628 4813 656 4875; x_wconf 78' lang='grc'><strong>2)</strong></span> <span class='ocrx_word' id='word_1_330' title='bbox 680 4815 735 4877; x_wconf 81' lang='lat' dir='ltr'><strong>Peg.</strong></span> <span class='ocrx_word' id='word_1_331' title='bbox 755 4814 816 4861; x_wconf 76' lang='lat'>158:</span> <span class='ocrx_word' id='word_1_332' title='bbox 834 4814 866 4862; x_wconf 76' lang='lat' dir='ltr'><strong>Er</strong></span> <span class='ocrx_word' id='word_1_333' title='bbox 883 4812 974 4862; x_wconf 86' lang='lat' dir='ltr'><strong>echeiut</strong></span> <span class='ocrx_word' id='word_1_334' title='bbox 992 4813 1046 4860; x_wconf 90' lang='lat' dir='ltr'><strong>dort</strong></span> <span class='ocrx_word' id='word_1_335' title='bbox 1063 4811 1101 4860; x_wconf 86' lang='lat' dir='ltr'><strong>ein</strong></span> <span class='ocrx_word' id='word_1_336' title='bbox 1119 4810 1241 4859; x_wconf 77' lang='lat' dir='ltr'><strong>ibnlicbee</strong></span> <span class='ocrx_word' id='word_1_337' title='bbox 1259 4810 1410 4859; x_wconf 81' lang='lat' dir='ltr'><strong>Verhiiltniee</strong></span> <span class='ocrx_word' id='word_1_338' title='bbox 1427 4826 1455 4858; x_wconf 85' lang='lat' dir='ltr'><strong>en</strong></span> <span class='ocrx_word' id='word_1_339' title='bbox 1473 4809 1630 4873; x_wconf 73' lang='lat' dir='ltr'><strong>Antsreetylie</strong></span> <span class='ocrx_word' id='word_1_340' title='bbox 1647 4807 1733 4872; x_wconf 85' lang='lat' dir='ltr'><strong>gehebt</strong></span> <span class='ocrx_word' id='word_1_341' title='bbox 1750 4823 1779 4857; x_wconf 82' lang='lat' dir='ltr'><strong>ro</strong></span> 
     </span>
     <span class='ocr_line' id='line_1_39' title="bbox 592 4890 1779 4959; baseline -0.008 -12"><span class='ocrx_word' id='word_1_342' title='bbox 592 4896 672 4947; x_wconf 82' lang='lat' dir='ltr'><strong>heber</strong></span> <span class='ocrx_word' id='word_1_343' title='bbox 690 4896 733 4944; x_wconf 81' lang='lat' dir='ltr'><strong>wie</strong></span> <span class='ocrx_word' id='word_1_344' title='bbox 751 4897 913 4959; x_wconf 80' lang='lat' dir='ltr'><strong>Agorastocles</strong></span> <span class='ocrx_word' id='word_1_345' title='bbox 931 4911 959 4943; x_wconf 84' lang='lat' dir='ltr'><strong>au</strong></span> <span class='ocrx_word' id='word_1_346' title='bbox 978 4893 1145 4958; x_wconf 87' lang='lat' dir='ltr'><strong>Adelphaeion.</strong></span> <span class='ocrx_word' id='word_1_347' title='bbox 1166 4892 1209 4940; x_wconf 84' lang='lat' dir='ltr'><strong>Die</strong></span> <span class='ocrx_word' id='word_1_348' title='bbox 1228 4893 1394 4956; x_wconf 85' lang='lat' dir='ltr'><strong>Vermnthung</strong></span> <span class='ocrx_word' id='word_1_349' title='bbox 1411 4892 1586 4941; x_wconf 78' lang='lat' dir='ltr'><strong>Franckene</strong></span> <span class='ocrx_word' id='word_1_350' title='bbox 1602 4893 1730 4954; x_wconf 84' lang='lat' dir='ltr'><strong>(Mnemoe.</strong></span> <span class='ocrx_word' id='word_1_351' title='bbox 1744 4890 1779 4939; x_wconf 87' lang='lat' dir='ltr'><strong>lv</strong></span> 
     </span>
     <span class='ocr_line' id='line_1_40' title="bbox 592 4972 1778 5045; baseline -0.003 -19"><span class='ocrx_word' id='word_1_352' title='bbox 592 4997 615 5045; x_wconf 87' lang='lat' dir='ltr'><strong>p.</strong></span> <span class='ocrx_word' id='word_1_353' title='bbox 638 4977 761 5042; x_wconf 68' lang='lat' dir='ltr'><strong>170eqq.),</strong></span> <span class='ocrx_word' id='word_1_354' title='bbox 780 4977 832 5024; x_wconf 84' lang='lat' dir='ltr'><strong>dees</strong></span> <span class='ocrx_word' id='word_1_355' title='bbox 846 4976 906 5026; x_wconf 87' lang='lat' dir='ltr'><strong>euch</strong></span> <span class='ocrx_word' id='word_1_356' title='bbox 916 4977 973 5040; x_wconf 86' lang='lat' dir='ltr'><strong>jene</strong></span> <span class='ocrx_word' id='word_1_357' title='bbox 988 4976 1026 5025; x_wconf 85' lang='lat' dir='ltr'><strong>ein</strong></span> <span class='ocrx_word' id='word_1_358' title='bbox 1042 4975 1103 5024; x_wconf 87' lang='lat' dir='ltr'><strong>Peer</strong></span> <span class='ocrx_word' id='word_1_359' title='bbox 1117 4974 1227 5033; x_wconf 81' lang='lat' dir='ltr'><strong>worden,</strong></span> <span class='ocrx_word' id='word_1_360' title='bbox 1241 4974 1345 5038; x_wconf 80' lang='lat' dir='ltr'><strong>gewinnt</strong></span> <span class='ocrx_word' id='word_1_361' title='bbox 1359 4974 1465 5023; x_wconf 85' lang='lat' dir='ltr'><strong>dednreh</strong></span> <span class='ocrx_word' id='word_1_362' title='bbox 1474 4990 1504 5024; x_wconf 84' lang='lat' dir='ltr'><strong>eu</strong></span> <span class='ocrx_word' id='word_1_363' title='bbox 1514 4972 1778 5023; x_wconf 81' lang='lat' dir='ltr'><strong>Wahracheinlicbkeit.</strong></span> 
     </span>
    </p>
   </div>
   <div class='ocr_carea' id='block_1_4' title="bbox 1625 5072 1656 5121">
    <p class='ocr_par' dir='ltr' id='par_1_10' title="bbox 1625 5072 1656 5121">
     <span class='ocr_line' id='line_1_41' title="bbox 1625 5072 1656 5121; baseline 0.097 -3"><span class='ocrx_word' id='word_1_364' title='bbox 1625 5072 1656 5121; x_wconf 78' lang='lat' dir='ltr'><strong>at</strong></span> 
     </span>
    </p>
   </div>
   <div class='ocr_carea' id='block_1_5' title="bbox 0 0 2580 6148">
    <p class='ocr_par' dir='ltr' id='par_1_11' title="bbox 0 0 2580 6148">
     <span class='ocr_line' id='line_1_42' title="bbox 0 0 2580 6148; baseline 0 0"><span class='ocrx_word' id='word_1_365' title='bbox 0 0 2580 6148; x_wconf 95' lang='lat' dir='ltr'><strong> </strong></span> 
     </span>
    </p>
   </div>
  </div>
 </body>
</html>
