5125 6150
1048 758 1324 856 rasssnmnoaun.
1363 817 1366 823 ·
1716 790 1782 857 287

584 996 619 1040 re
638 972 812 1058 discrepat,
837 971 892 1037 sed
915 992 951 1036 ea
974 974 1186 1057 gravissima,
1212 972 1297 1057 quod
1320 975 1353 1037 in
1377 977 1445 1039 tota
1466 974 1527 1040 hac
1550 978 1640 1060 parte
1659 977 1782 1040 mirum

586 1085 745 1165 quantum
778 1077 942 1164 Phrygiae
977 1077 1065 1143 favet
1099 1085 1230 1164 poetae;
1262 1083 1295 1143 et
1330 1079 1460 1164 quidem
1494 1101 1556 1146 non
1586 1083 1700 1147 maiori
1731 1080 1782 1145 illi

585 1186 768 1272 Phrygiae,
800 1205 862 1249 non
882 1182 1080 1269 Sangaritidi
1103 1185 1227 1268 regioni
1252 1189 1309 1248 aut
1332 1187 1404 1270 agri
1427 1185 1783 1263 Pessinuntiifinibns,

587 1313 701 1356 verum
726 1290 890 1376 Phrygiae
910 1310 991 1374 quae
1011 1290 1118 1354 estad
1141 1289 1407 1375 Hellespontum,
1429 1311 1507 1377 agro
1520 1295 1629 1378 itaque
1648 1291 1784 1360 'l'roiano

585 1397 723 1481 Idasque
746 1399 851 1461 monti
874 1417 913 1460 ex
937 1416 1000 1481 quo
1025 1394 1215 1460 descendens
1237 1399 1311 1481 pius
1334 1398 1456 1463 Aeneas
1475 1396 1613 1464 Romam
1633 1399 1784 1465 devectus

586 1511 664 1569 erat.
686 1503 770 1584 Quin
786 1502 936 1578 Ovidius,
952 1501 1143 1587 plerumque
1158 1501 1446 1568 Alexandrinorum
1467 1503 1673 1571 fidelissimus
1688 1512 1785 1571 secta·

586 1617 647 1686 tor,
672 1631 756 1675 nnnc
779 1630 818 1673 nc
842 1611 876 1672 in
893 1607 963 1673 loco
984 1607 1114 1694 quidem
1135 1608 1357 1674 constituendo
1377 1610 1433 1674 rubi
1451 1609 1598 1695 Iuppiter
1617 1617 1712 1676 natus
1731 1614 1783 1689 sit,

586 1716 844 1802 praeceptoribus
867 1717 934 1778 suis
957 1712 1182 1779 Alexandrinis
1205 1713 1302 1779 fidem
1326 1714 1430 1780 babet.
1457 1713 1674 1784 Callimachus
1697 1720 1785 1782 enim

585 1824 787 1900 doctissime,
808 1820 969 1906 simulque
992 1820 1216 1906 frigidissime,
1237 1820 1390 1886 Arcadiae
1414 1819 1590 1909 Cretasque
1612 1826 1684 1889 iura
1705 1829 1786 1889 tam-

586 1949 685 2013 quam
708 1949 828 2013 aequus
851 1927 947 1993 iudex
970 1931 1017 1992 ita
1036 1926 1189 1992 diviserat
1208 1928 1298 1993 utin
1320 1927 1453 1993 Arcadia
1472 1934 1603 2007 natum,
1624 1933 1786 1995 nutritum

585 2037 620 2098 in
640 2034 746 2099 insula
764 2032 858 2100 Orata
878 2034 974 2099 deum
994 2035 1216 2117 pronuntiaret
1231 2032 1264 2113 ¹);
1286 2053 1430 2098 summas
1450 2055 1527 2120 ergo
1545 2035 1655 2101 laudas
1674 2038 1703 2101 is
1721 2039 1786 2121 ipsi

586 2141 807 2206 vindicaverat
838 2137 999 2204 Graeciae.
1032 2137 1222 2224 Apollonius
1248 2139 1332 2204 nihil
1354 2160 1412 2226 pro
1435 2145 1521 2205 certo
1546 2140 1687 2207 edixerat
1710 2163 1785 2206 cum

587 2246 636 2312 Ill
663 2246 727 2311 134
749 2249 797 2310 ita
819 2251 977 2311 cantaret:
1011 2241 1109 2324 ἄντρῳ
1133 2246 1164 2309 fv
1186 2245 1287 2324 Ἰδαίῳ
1311 2242 1366 2308 ἔτι·
1381 2245 1476 2319 νήπια
1500 2245 1672 2327 κουρίζοντι.
1705 2246 1786 2327 Qua·

587 2358 719 2439 propter
741 2355 846 2438 igitur
869 2350 1022 2427 Ovidius,
1047 2353 1103 2436 qui
1126 2349 1209 2416 libro
1232 2348 1268 2414 V.
1292 2349 1356 2415 113
1381 2371 1527 2417 assensus
1547 2356 1660 2418 ceteris
1680 2355 1784 2438 poetis

586 2462 622 2523 in
643 2456 792 2524 Cretaeae
813 2457 882 2522 ldes
901 2456 993 2521 silvis
1011 2456 1121 2522 Iovem
1140 2455 1305 2522 occultum
1317 2456 1417 2522 fuisse
1428 2462 1575 2535 testetur,
1589 2479 1673 2524 nunc
1684 2457 1788 2545 Phry·

588 2567 662 2650 giae
683 2567 830 2628 'montem
853 2559 1022 2648 designat?
1045 2562 1129 2642 Quid
1154 2565 1256 2629 movit
1279 2584 1356 2628 eum
1378 2565 1441 2627 nisi
1464 2565 1636 2628 auctoritas
1655 2565 1787 2649 scriptu

590 2673 635 2735 ris
667 2691 764 2754 quam
793 2690 879 2734 nunc
909 2667 1075 2753 sequitur?
1108 2668 1220 2734 Fuisse
1243 2674 1372 2746 autem,
1397 2671 1465 2733 sive
1489 2668 1708 2754 Pergamenos
1731 2689 1785 2734 eos

591 2776 688 2853 dicis,
721 2778 789 2841 sive
819 2777 925 2839 mavis
955 2777 1026 2861 agri
1049 2772 1178 2839 Troiani
1200 2773 1338 2851 incolas,
1362 2775 1460 2840 fuisse
1483 2776 1629 2840 homines
1653 2776 1787 2841 Asianos

589 2887 646 2968 qui
673 2880 783 2947 laudes
807 2881 893 2946 lovis
915 2881 1000 2966 apud
1024 2902 1056 2946 se
1079 2884 1148 2946 nati
1172 2887 1204 2946 ot
1228 2879 1346 2947 occulti
1370 2882 1431 2945 sibi
1454 2880 1671 2956 vindicarent,
1696 2881 1788 2946 docet

588 3010 647 3054 nos
671 2987 853 3053 Demetrius
877 2986 1025 3072 Scepsius
1048 2990 1105 3073 qui
1128 2989 1215 3053 cives
1239 3007 1313 3053 suos
1339 2993 1447 3052 narrat
1478 2989 1698 3052 ἀντιποιεῖσθαι
1730 2996 1787 3060 τῆς

589 3102 644 3161 τοῦ
671 3098 742 3166 Διὸς
765 3096 931 3173 γενέσεως,
956 3096 995 3160 cf.
1019 3094 1207 3160 Strabonem
1228 3115 1259 3179 p.
1286 3092 1362 3159 469.

636 3201 744 3267 Stulte
773 3204 871 3266 nimis
901 3204 1025 3287 egerim
1056 3204 1084 3265 si
1107 3222 1171 3267 uno
1196 3198 1323 3265 tantulo
1347 3199 1467 3264 indicio
1489 3204 1653 3265 auctorem
1677 3198 1787 3266 Ovidii

587 3331 641 3374 me
673 3307 917 3393 deprehendisse
939 3314 997 3372 aut
1017 3307 1155 3371 dixerim
1177 3314 1233 3371 ant
1258 3307 1377 3371 tacitus
1400 3305 1599 3372 crediderim.
1632 3304 1694 3372 Sed
1716 3327 1788 3392 poe·

585 3424 695 3480 tarum
727 3417 984 3500 scriptorumque
1017 3414 1295 3500 Pergamenorum
1320 3417 1447 3476 tantum
1472 3412 1536 3477 fuit
1558 3413 1786 3499 naufragium,

589 3527 622 3588 et
642 3524 830 3606 praesertim
854 3523 942 3606 poesi
966 3540 1078 3585 corum
1101 3527 1266 3604 tantopere
1291 3518 1396 3584 obfuit
1414 3539 1543 3583 summa
1560 3518 1632 3584 laus
1650 3518 1787 3586 Alexan·

591 3629 702 3692 drinae
732 3629 828 3704 artis,
860 3633 898 3690 ut
925 3628 991 3690 iam
1027 3628 1061 3690 in
1095 3624 1184 3690 luero
1218 3645 1334 3709 ponere
1368 3623 1479 3701 liceat,
1515 3626 1542 3689 si
1578 3646 1659 3710 quaa
1689 3625 1786 3692 levis-

590 3737 674 3799 sima
708 3733 981 3818 deprehendamus
1013 3731 1133 3797 iudicia
1162 3730 1351 3797 eruditionis
1383 3732 1619 3817 Pergamenae,
1657 3733 1786 3797 etiarnsi
1829 3775 1834 3794 .

590 3848 716 3906 certum
740 3840 899 3925 quendam
922 3846 1085 3905 auctorem
1108 3839 1237 3904 nomine
1260 3837 1400 3903 indicare
1421 3859 1485 3904 non
1509 3840 1679 3923 possimus.
1710 3837 1786 3902 For-

588 3954 673 4012 tasse
706 3954 814 4011 tamen
844 3946 930 4010 haud
954 3966 1083 4032 prorsus
1106 3943 1229 4010 infelici
1253 3949 1337 4009 sorte
1361 3965 1445 4009 nunc
1469 3942 1626 4009 Demetrii
1648 3944 1785 4009 fecimus

590 4055 799 4118 mentionem.
834 4052 919 4117 Nam
950 4072 1039 4128 ecce,
1068 4054 1188 4117 iterum
1217 4052 1252 4115 in
1281 4051 1324 4115 iia
1354 4070 1435 4135 qnae
1459 4051 1570 4114 statim
1593 4049 1786 4135 posthabet

591 4158 745 4236 Ovidius,
776 4157 898 4242 Scepsii
929 4159 1102 4222 auctoritas
1134 4158 1196 4222 erit
1225 4154 1413 4231 invocanda.
1444 4153 1619 4220 Molestum
1643 4156 1730 4219 enim
1753 4160 1787 4220 et

589 4266 758 4330 obscuram
785 4266 1004 4349 quaestionem
1028 4265 1138 4347 paucis
1161 4261 1330 4338 dirimens,
1354 4261 1406 4326 hic
1427 4259 1531 4325 denuo
1555 4259 1692 4325 Ovidius
1715 4280 1788 4325 con·

589 4373 681 4437 venit
692 4392 767 4435 cum
779 4369 924 4435 Troianis
936 4369 1153 4455 scriptoribus.
1175 4368 1343 4434 Undenam
1356 4404 1399 4415 —
1412 4368 1458 4431 ita
1469 4366 1663 4451 quaerebant
1673 4372 1797 4452 poetae

590 4480 661 4543 eius
684 4479 798 4541 aetatis
822 4476 941 4542 eruditi
965 4513 1005 4526 -
1025 4475 1186 4541 undenam
1210 4472 1362 4550 Curetes,
1386 4472 1471 4538 unde
1494 4468 1714 4559 Corybantes?
1742 4469 1785 4535 hit

589 4586 657 4648 iam
692 4582 837 4667 plerique
870 4603 907 4648 eo
940 4583 1137 4667 acquievisse
1171 4580 1325 4645 videntur
1357 4585 1395 4644 ut
1430 4575 1563 4646 Garates
1598 4599 1636 4643 ex
1673 4576 1785 4656 Orata,

625 4840 652 4898 l)
680 4840 713 4888 De
734 4837 875 4888 Callimachi
898 4835 1018 4887 „nanus
1040 4835 1088 4885 dlxi
1106 4832 1215 4900 pluribus
1230 4833 1256 4883 iu
1273 4831 1369 4884 Studiis
1387 4832 1552 4883 (2anch
1567 4831 1594 4882 11
1609 4833 1645 4896 (ῐι.
1665 4833 1693 4885 Β.
1713 4834 1788 4897 1898)

591 4939 615 4987 p.
636 4921 741 4969 18-20.
806 4983 808 4986 v
