5125 6150
1041 839 1084 886 nn
1106 838 1314 886 nuseuuonrs
1335 837 1522 887 nunnoorue.
1827 814 1870 879 49

730 1002 860 1068 Bellum
896 1004 1032 1089 denique
1067 1027 1141 1070 cum
1176 1005 1295 1092 Brygia
1328 1004 1413 1068 haud
1448 1003 1543 1067 dubie
1575 1023 1593 1066 a
1624 1001 1750 1066 Musaei
1780 1020 1872 1085 opere

682 1108 827 1174 alienum
869 1116 946 1175 erat.
990 1110 1052 1176 Sed
1092 1118 1260 1196 postquam
1299 1110 1372 1175 Orci
1411 1130 1548 1196 regnum
1586 1107 1676 1172 velut
1711 1107 1749 1172 ad
1782 1126 1873 1170 auras

682 1215 826 1280 ascendit
859 1222 893 1280 et
922 1222 1045 1281 certum
1075 1215 1183 1281 locum
1213 1216 1465 1302 geographieum
1500 1216 1685 1298 occupavit,
1721 1213 1874 1277 recentior

684 1327 796 1385 auctor
826 1321 1051 1408 Eugammon,
1076 1344 1150 1388 cum
1174 1344 1283 1387 veram
1307 1325 1376 1387 vim
1401 1321 1525 1386 Musaei
1550 1323 1698 1386 carminis
1723 1341 1784 1383 non
1807 1339 1874 1403 per-

684 1429 841 1512 spiceret,
879 1427 970 1493 facile
1003 1428 1116 1494 adduci
1150 1432 1256 1514 potuit
1291 1434 1329 1492 ut
1363 1428 1402 1492 de
1432 1430 1594 1512 perpetuis
1625 1425 1873 1511 Thesprotorum

685 1553 760 1597 cum
779 1531 960 1599 Thracibus
977 1535 1205 1599 certaminibus
1224 1535 1346 1620 aliquid
1364 1537 1611 1611 intermisceret;
1632 1535 1666 1597 in
1684 1533 1736 1596 his
1751 1551 1874 1617 quoque

685 1637 870 1703 Homerum
893 1642 1059 1717 imitatus,
1083 1644 1138 1726 qui
1158 1650 1188 1705 N
1202 1640 1267 1706 302
1287 1641 1436 1706 describit
1455 1639 1595 1705 Martem
1615 1661 1689 1703 cum
1700 1637 1874 1702 Thracibus

686 1743 833 1831 llphyrie
867 1745 991 1810 bellum
1024 1747 1221 1812 inferentem.
1259 1747 1384 1834 Brygos
1414 1753 1541 1823 autem,
1574 1748 1630 1831 qui
1661 1746 1765 1810 Marte
1796 1745 1875 1808 duce

686 1856 854 1937 pugnant,
889 1852 987 1918 fuisse
1021 1851 1189 1918 Thraciam
1224 1863 1355 1940 gentem
1391 1875 1508 1940 magna
1543 1873 1616 1917 cum
1652 1850 1875 1938 probabilitate

686 1958 826 2022 coniecit
851 1956 1062 2023 Wilamowitz
1076 1956 1112 2037 1).

734 2062 786 2128 Ad
810 2084 989 2139 summam,
1015 2065 1156 2129 vidimus
1178 2065 1450 2151 Eugammonem‚
1476 2071 1513 2129 ut
1535 2063 1639 2129 Ulixis
1658 2085 1756 2129 annos
1775 2070 1877 2148 poste·

687 2172 789 2236 riores
823 2171 918 2235 rebus
950 2174 1050 2258 gestis
1083 2171 1243 2256 expleret,
1278 2175 1313 2235 in
1344 2193 1440 2236 suum
1469 2193 1564 2235 usum
1596 2172 1728 2235 vertisse
1751 2169 1877 2234 Musaei

689 2274 874 2354 κατάβασιν
899 2277 941 2347 οἷς
963 2275 1078 2354 Ἃιδου,
1111 2297 1191 2363 quae
1215 2278 1254 2341 ob
1278 2298 1387 2342 causas
1411 2298 1506 2363 supra
1529 2279 1687 2362 expositas
1710 2274 1809 2361 vulgo
1833 2275 1877 2339 di-

689 2383 823 2448 cebatur
858 2389 1053 2468 (δεσποίναις
1091 2382 1291 2449 Clementem
1325 2388 1432 2448 autem
1469 2382 1718 2448 Alexandrinum
1754 2384 1876 2468 optimo

689 2492 760 2555 iure
779 2490 1039 2577 Eugammonem
1059 2490 1139 2556 furti
1157 2512 1334 2569 accusasse,
1358 2494 1421 2555 nisi
1441 2491 1523 2576 quod
1539 2508 1652 2555 uocem
1674 2488 1876 2568 ,,ὃλίιιληρον”

691 2595 810 2661 melius
837 2600 1008 2662 omisisset.
1031 2595 1242 2662 Transeamus
1265 2600 1368 2683 igitur
1390 2597 1429 2661 ad
1452 2604 1576 2682 partem
1598 2599 1725 2661 tertiam
1749 2595 1878 2682 Telego-

692 2706 780 2780 niae,
809 2703 863 2767 ubi
885 2702 991 2767 Ulixis
1014 2702 1085 2767 finis
1110 2708 1252 2790 tragicus
1275 2711 1431 2768 narratur.

734 2807 852 2873 Proclo
874 2814 956 2873 teste
979 2808 1089 2874 Ulixes
1112 2808 1254 2874 Ithacam
1278 2812 1459 2874 revertitur.
1483 2808 1606 2874 Interea
1624 2807 1803 2895 Telegonus
1825 2829 1877 2892 pa-

694 2921 775 2980 trem
807 2936 961 3000 quaerens
991 2918 1024 2979 in
1054 2914 1193 2980 insulam
1223 2915 1379 2993 escendit,
1411 2915 1467 2979 ubi
1497 2913 1625 2979 Ulixem
1648 2935 1739 3000 agros
1763 2935 1835 2978 suos
1859 2934 1877 2978 a

693 3020 862 3109 populanti
886 3020 1006 3087 advena
1029 3021 1193 3087 defendere
1224 3027 1375 3087 conatum
1404 3023 1522 3087 inscius
1550 3019 1711 3086 interficit.
1744 3018 1877 3086 Sceleris

695 3137 802 3194 autem
835 3128 947 3193 nefarii
978 3130 1120 3193 conscius
1143 3129 1246 3192 sactus
1269 3130 1367 3212 patris
1390 3127 1531 3204 cadaver,
1556 3126 1796 3203 Telemachum,
1821 3124 1877 3190 Pe·

697 3233 828 3319 nelopen
847 3255 955 3298 secum
975 3233 1014 3297 ad
1034 3240 1170 3298 matrem
1193 3234 1338 3310 abducit,
1364 3255 1443 3318 quae
1465 3231 1664 3298 immortales
1687 3253 1740 3296 eoe
1763 3231 1875 3296 reddit.

698 3338 815 3404 Deinde
841 3338 995 3424 Penelope
1018 3338 1178 3426 Telegono
1199 3340 1309 3416 nubit,
1334 3338 1423 3405 Circe
1447 3361 1520 3404 vero
1543 3338 1740 3403 Telemacho

737 3446 858 3511 Statim
890 3446 1038 3511 adiiciam
1061 3445 1220 3511 ascholio
1243 3445 1406 3510 Eustathii
1432 3445 1471 3509 ad
1494 3468 1517 3508 τ
1532 3444 1595 3508 118
1619 3445 1710 3509 hasce
1734 3443 1874 3508 observa·

700 3555 812 3618 tiones:
851 3552 893 3629 „l
925 3551 965 3618 δὲ
995 3553 1085 3625 τοὺς
1116 3552 1297 3624 Νόστους
1329 3553 1501 3626 τοιηοιις
1533 3545 1876 3630 Κολοφώνιοι(ί)“)

700 3656 890 3737 Τηλέμαχον
913 3657 970 3735 μέν
994 3666 1070 3738 φησι
1093 3661 1147 3733 την
1171 3658 1278 3737 Κίρκην
1300 3655 1419 3736 ὕστερον
1440 3665 1561 3734 γῆμαι,
1581 3655 1755 3733 Τηλέγονον
1776 3654 1807 3720 δὲ
1825 3654 1876 3718 τὸν

701 3763 730 3826 ἔκ
753 3767 862 3842 Κίρκης
887 3765 1062 3840 dactylum
1085 3763 1298 3841 Πηνελόπην”,
1327 3785 1344 3829 e
1367 3765 1482 3848 quibus
1505 3763 1636 3827 fortasse
1659 3761 1779 3827 efficere
1800 3760 1877 3826 licet

699 3871 844 3955 coniugia
874 3869 932 3935 illa
961 3891 1023 3935 non
1054 3892 1122 3936 esse
1153 3873 1334 3957 excogitata
1364 3870 1402 3934 ab
1432 3868 1671 3956 Eugammone,
1703 3868 1757 3932 sed
1780 3869 1877 3932 fuisse

697 3978 865 4041 inventum
882 3976 1000 4058 prioris
1019 3979 1147 4041 aetatis.
1172 3976 1308 4041 Deinde:
1336 3974 1370 4053 „i
1396 3975 1426 4040 ll
1446 3978 1500 4048 την
1519 3973 1727 4054 Τηλεγὸνιιοιν
1747 3974 1876 4052 γράψας

698 4090 859 4161 Κυρηναῖος
885 4082 919 4145 ἒιι
939 4082 995 4157 μὲν
1016 4086 1238 4161 Καλυψοῦς
1259 4081 1433 4159 Τηλέγονον
1452 4082 1511 4146 υἱὸν
1532 4082 1679 4172 Ὀδυαςεῑ
1697 4076 1876 4157 ἀναγράφει

696 4188 929 4266 ἢΤηλέδοιμον,
955 4188 989 4252 ix
1012 4186 1043 4251 δὲ
1066 4188 1243 4262 Πηνελδιιης
1269 4188 1462 4268 Τηλέμαχον
1485 4186 1536 4250 καὶ
1562 4181 1781 4266 Ἀριιεοίλοιον”
1797 4182 1831 4261 ³).

740 4294 887 4371 „Nomen
919 4292 1102 4370 Τηλέδᾶμοι
1136 4297 1224 4380 epico
1247 4314 1342 4358 versu
1365 4292 1428 4357 dici
1449 4295 1577 4378 nequit,
1601 4291 1666 4356 levi
1689 4309 1786 4354 manu
1810 4307 1878 4350 mu·

695 4406 784 4465 tatur
817 4403 853 4463 in
886 4399 1104 4477 Τηλέίοιτοι”,
1139 4403 1183 4465 sic
1215 4398 1428 4465 Wilamowitz
1459 4397 1505 4462 l.l.
1535 4420 1565 4482 p.
1599 4395 1674 4460 183.
1710 4393 1770 4459 sed
1802 4391 1878 4478 quid

727 4645 756 4789 {l
773 4644 812 4775 l(ll.
828 4643 959 4774 1l’rdcglllln·
978 4722 1135 4771 συνάπτεται
1153 4720 1180 4770 δὲ
1194 4719 1294 4778 τούτοις
1311 4722 1351 4769 τοι
1370 4726 1429 4768 τῶν
1446 4722 1578 4767 Νόστων
1596 4718 1714 4779 βιβλία
1731 4716 1749 4763 ε’
1769 4716 1879 4782 Ἀγίου

694 4806 898 4872 Τροιζηνίου.

725 4892 754 4949 8)
778 4887 898 4938 Διωοίίια
924 4903 1010 4937 nomen
1036 4887 1127 4936 eddidit
1154 4886 1300 4949 Eugrmmon
1323 4889 1350 4934 ut
1373 4886 1547 4947 Cyrenaeorum
1571 4897 1653 4944 rogum
1676 4896 1750 4944 genus
1766 4880 1881 4943 exquisite

691 4972 830 5020 honoraret.

1721 5061 1738 5106 4
