5125 6150
688 822 753 912 386
1218 844 1340 892 ursus.

685 1005 817 1083 φονερόν
841 999 916 1072 οἶνοι
940 1007 1014 1071 διότι
1039 1008 1180 1084 προσήκει
1205 1022 1274 1075 κτλ.
1300 1008 1392 1073 Addo
1413 985 1557 1074 eiusdem
1577 1009 1664 1076 Orat.
1686 1012 1750 1076 XII
1764 1015 1783 1097 ᾖ
1796 1014 1881 1091 249;

688 1109 767 1174 XIII
791 1111 841 1195 §2
865 1108 964 1192 (οἶμοι
989 1113 1051 1191 γὰρ
1075 1111 1193 1177 οἶτοσιν
1216 1110 1293 1178 eluar
1316 1117 1447 1196 φονερόν
1472 1112 1516 1180 ότι
1542 1124 1638 1197 κτλ).

734 1327 787 1394 Or.
811 1328 870 1393 VII
893 1332 911 1414 ᾖ
931 1329 991 1394 41:
1024 1332 1134 1411 ἐρήμου
1164 1338 1217 1398 τοῦ
1248 1330 1329 1398 οόιιου
1360 1332 1533 1411 γενομένου,
1557 1336 1670 1412 μητρὸς
1695 1336 1726 1400 δὲ
1753 1335 1879 1402 πάντων

687 1433 815 1504 ἐνδεοῦς.
845 1435 916 1499 Etsi
947 1435 1084 1502 libenter
1107 1436 1322 1503 Herwerdsno
1347 1438 1404 1514 do,
1429 1439 1592 1503 subaudiri
1615 1461 1707 1524 posse
1730 1462 1772 1506 ex
1797 1452 1880 1506 ants

687 1538 871 1604 cedentibus
900 1541 1083 1619 γενομένης,
1116 1549 1223 1608 tamen
1254 1549 1287 1608 st
1309 1550 1440 1630 propter
1464 1545 1684 1610 membrorum
1708 1546 1879 1631 aequabili·

688 1651 787 1709 tatem
818 1652 851 1710 et
876 1652 1006 1732 propter
1029 1648 1217 1713 facilitatem
1241 1649 1433 1715 emendandi
1457 1656 1529 1734 post
1550 1648 1812 1736 Frohbergerum
1836 1656 1878 1716 iu·

686 1750 854 1816 serendum
881 1752 962 1817 duco
985 1752 1149 1828 <οθσνς>.

1136 1904 1433 1983 (Οοιιόθιοιιοθυιιόιιν).

1139 2492 1182 2538 ΔΙ)
1205 2491 1429 2538 PuurAacuuu.

734 2653 811 2739 Lye.
844 2653 887 2719 27
919 2653 1039 2735 (siut).
1075 2655 1187 2719 διελὼν
1223 2654 1459 2729 δεισιδαιμονίαν
1495 2651 1625 2719 ότοσοον
1658 2655 1688 2717 ἐν
1717 2665 1758 2736 τῇ
1791 2655 1876 2720 πόλει

688 2757 816 2823 θθττειν
838 2757 908 2831 τοὺς
933 2759 1051 2839 νεκροὺς
1076 2760 1127 2824 κοδ
1152 2761 1280 2832 τλνσόον
1305 2758 1389 2838 ἔχειν
1408 2761 1450 2823 τοὶ
1471 2758 1624 2835 μνήμοτο
1643 2765 1702 2824 τῶν
1722 2761 1807 2838 ἱερῶν
1826 2764 1876 2826 οθιι

688 2866 831 2929 ἐκώλυσε.
856 2864 975 2929 Nullus
998 2866 1050 2930 hic
1073 2867 1168 2929 sacris
1189 2865 1297 2942 locus,
1322 2865 1394 2941 sed,
1419 2864 1692 2950 quemadmodum
1712 2886 1732 2930 a
1751 2887 1878 2951 sequeu-

685 2973 773 3036 tibus
808 2971 992 3052 συντρόφους
1025 2979 1115 3037 τοῖον
1146 2979 1216 3042 τοῖς
1248 2970 1407 3042 τοιούτοις
1440 2968 1529 3048 όφεσι
1562 2973 1613 3034 κοὶ
1646 2972 1784 3047 συνθθεις
1808 2973 1875 3045 τοὺς

686 3078 767 3148 νέους
792 3085 938 3165 apparet,
964 3081 1093 3151 τλνσόον
1116 3077 1200 3160 ἔχειν
1219 3078 1273 3143 οὐκ
1297 3078 1431 3141 ἐκώλυσε
1455 3077 1629 3163 significat:
1656 3082 1710 3154 „iu
1736 3100 1796 3144 sua
1816 3082 1877 3144 aui-

687 3206 748 3269 que
778 3187 897 3249 vicinia
928 3185 1064 3249 habere'’
1097 3192 1129 3249 et
1156 3184 1193 3249 da
1211 3183 1349 3267 privatis
1371 3184 1556 3265 privatorum
1579 3184 1733 3268 sepulcris
1757 3188 1875 3271 agitur.

686 3289 872 3374 legendum
907 3311 983 3376 ergo
1018 3291 1143 3367 ἠρίον.
1182 3288 1230 3356 Of.
1267 3289 1432 3377 ilaberum
1467 3289 1507 3353 ad
1543 3293 1645 3353 vitam
1680 3289 1799 3355 Thesei
1838 3290 1875 3356 17

686 3394 820 3474 (Mnem.
846 3394 889 3458 28
914 3418 943 3480 p.
971 3394 1059 3473 161).
1091 3433 1125 3445 -
1150 3398 1192 3460 τοὶ
1216 3398 1371 3471 μιθμοιτοι
1396 3401 1453 3457 τῶν
1479 3396 1562 3473 aleier
1586 3395 1714 3459 ubertas
1735 3403 1784 3460 est
1804 3396 1877 3460 Plu-

686 3500 795 3563 tarcho
818 3522 879 3565 non
903 3500 1045 3585 indigua.

732 3718 830 3783 Num.
858 3719 874 3782 l
900 3718 1019 3797 (Sint).
1050 3721 1076 3783 οό
1106 3719 1137 3782 δὲ
1162 3716 1345 3796 Πυθογόρον
1369 3717 1425 3792 μὶν
1448 3717 1506 3794 όψὲ
1529 3718 1672 3795 γενόσθοι
1778 3722 1877 3786 Πυθο-

684 3825 779 3901 γόρον
810 3824 840 3889 δὲ
871 3823 922 3888 τόν
953 3824 1153 3902 Στοιρτιοθτιςν
1186 3824 1248 3890 κτὲ.
1282 3861 1323 3870 -
1357 3822 1457 3888 Docet
1488 3824 1540 3889 his
1571 3823 1769 3889 Plutarchus
1798 3827 1876 3891 duos

682 3931 780 3995 luisse
812 3930 1029 4016 Pythagoras,
1061 3952 1199 4014 quorum
1231 3930 1321 4006 alter,
1354 3928 1545 4013 Spartanus,
1578 3929 1702 3995 Numae
1732 3937 1876 4017 tempore

683 4039 814 4114 vixerit,
840 4036 930 4113 alter,
956 4035 1165 4120 philosophus
1184 4035 1280 4099 Samo
1301 4034 1470 4111 oriundus,
1490 4034 1593 4099 multo
1614 4044 1695 4121 post.
1720 4036 1784 4103 Sed
1806 4043 1876 4125 quis

684 4147 728 4208 sic
761 4144 839 4207 duos
870 4144 1016 4206 homiues
1038 4144 1122 4205 inter
1145 4162 1177 4204 se
1201 4143 1335 4225 opponit
1360 4146 1397 4204 ut
1422 4140 1559 4205 alterum
1583 4142 1667 4206 nude
1692 4146 1877 4225 Ποθογόροιι

684 4248 837 4333 appellet,
862 4248 1001 4312 alterum
1022 4246 1205 4325 Πυθογόρον
1226 4249 1276 4312 τόν
1298 4246 1520 4324 Στορτιθτννθ
1543 4246 1629 4332 Ergo
1650 4254 1707 4312 aut
1727 4259 1803 4333 post
1822 4254 1877 4329 μὲν

683 4352 887 4419 inserendum
911 4360 959 4417 est
984 4353 1048 4417 τόν
1073 4354 1224 4427 Σοίμιον
1249 4352 1314 4430 (vel
1335 4352 1387 4414 τόν
1404 4352 1588 4433 Φιλόσοφον)
1607 4360 1664 4417 aui.
1683 4357 1730 4417 sic
1750 4361 1877 4442 scripsit

684 4460 890 4525 Plutarchus:
912 4462 937 4523 οἱ
960 4460 989 4524 δὲ
1010 4460 1075 4522 τόν
1099 4459 1171 4535 μὲν
1196 4458 1350 4535 Σθμιον
1375 4458 1440 4535 (vel
1455 4458 1640 4538 Φιλόσοφον)
1661 4460 1719 4539 tes
1733 4463 1875 4538 γενόσθοι

685 4576 717 4633 et
741 4569 992 4651 suprascriptum
1018 4587 1134 4629 nomen
1158 4566 1339 4643 Πυθαγόρου
1364 4564 1420 4629 has
1445 4564 1532 4629 dedit
1555 4566 1675 4630 turbas.

1649 4686 1678 4751 J.
1706 4687 1737 4753 J.
1764 4689 1808 4754 H.
