5125 6150
641 818 708 912 828
1079 835 1403 886 ossssvsrmscnnas

639 1004 811 1068 abhorrens
829 1004 965 1079 videtur,
984 1010 1152 1088 postquam
1166 1003 1405 1087 disputavimus
1417 1003 1500 1067 dein
1512 1024 1580 1067 rem
1592 1005 1733 1079 actione,
1747 1019 1845 1084 quae

639 1130 723 1186 rere,
744 1110 821 1194 quid
842 1112 885 1172 sit
903 1112 954 1172 ius
973 1112 1007 1172 in
1028 1129 1076 1184 re;
1097 1117 1207 1193 porro,
1225 1109 1303 1194 quid
1322 1112 1365 1173 sit
1380 1109 1568 1174 dominium.
1588 1105 1845 1172 Observandum

640 1217 744 1300 igitur
763 1221 812 1279 est
831 1213 980 1299 pleraque
999 1236 1034 1279 ao
1055 1216 1119 1278 fere
1139 1217 1246 1279 omnia
1264 1218 1335 1278 iura
1354 1217 1399 1278 sic
1417 1221 1614 1299 competere,
1635 1219 1675 1277 ut
1691 1210 1847 1297 obligent

640 1319 782 1405 aliquam
814 1340 981 1405 personam
1012 1319 1065 1384 vel
1095 1327 1214 1385 certam
1247 1319 1299 1386 vel
1329 1323 1501 1398 incertam,
1525 1318 1686 1406 quaedam
1711 1319 1780 1392 sic,
1807 1320 1846 1380 ut

639 1425 829 1510 simpliciter
851 1425 1014 1511 obligent,
1039 1447 1120 1510 quae
1144 1425 1237 1490 hodie
1256 1426 1469 1506 impersonalia
1481 1425 1507 1505 ¹)
1526 1425 1588 1489 dici
1608 1427 1791 1508 coeperunt
1805 1419 1845 1498 ²).

640 1531 768 1595 Horum
783 1530 809 1609 3)
829 1552 938 1595 rursus
958 1538 1033 1594 sunt
1053 1531 1225 1615 quaedam,
1246 1551 1326 1615 quac
1341 1531 1529 1609 einardus)
1542 1549 1690 1595 essenon
1702 1532 1847 1613 possunt

640 1638 693 1715 (cf.
715 1637 765 1720 §3
786 1637 863 1701 lust.
884 1636 916 1700 II
938 1638 988 1716 3);
1011 1636 1142 1721 proinde
1164 1643 1223 1715 (rc)
1243 1636 1390 1715 mblotffl)
1404 1636 1499 1717 ἱρείη)
1512 1657 1626 1720 quoque
1637 1633 1849 1697 tollineecree

638 1751 682 1805 est
695 1743 738 1822 4);
764 1743 841 1808 hacc
865 1746 897 1806 in
923 1763 956 1806 re
975 1745 1047 1806 iura
1067 1751 1151 1807 recte
1170 1742 1331 1818 dicuntur,
1352 1742 1446 1806 modo
1465 1748 1579 1806 natura
1596 1743 1648 1805 sui
1669 1758 1850 1824 superesse

637 1850 688 1912 ius
719 1855 855 1932 nequeat
886 1869 918 1912 re
950 1846 1076 1912 sublata
1082 1867 1090 1924 ;
1115 1846 1275 1931 alioquin,
1300 1851 1328 1911 si
1350 1869 1401 1912 res
1425 1854 1591 1932 tamquam
1615 1845 1769 1911 condicio
1795 1865 1850 1908 ex·

636 1955 792 2017 trinsecus
823 1952 967 2028 accedat,
999 1974 1061 2017 non
1085 1959 1254 2038 propterea
1275 1955 1327 2016 ius
1350 1956 1383 2016 in
1406 1974 1440 2016 re
1464 1955 1535 2017 erit.
1560 1950 1674 2017 Veluti
1698 1952 1850 2015 servitus

637 2061 713 2143 quia
743 2064 792 2122 est
821 2061 872 2122 ius
903 2059 1038 2123 faciendi
1069 2057 1121 2122 vel
1153 2058 1344 2143 prohibendi
1377 2059 1454 2143 quid
1467 2056 1495 2138 5)
1517 2061 1551 2121 in
1575 2055 1712 2142 praedio
1734 2055 1848 2120 alieno

636 2165 744 2226 insin
768 2184 801 2226 re
824 2170 889 2240 est;
918 2163 972 2227 sed
995 2162 1080 2226 nihil
1103 2163 1142 2227 ad
1168 2184 1235 2227 rem
1259 2164 1353 2240 facit,
1376 2163 1461 2248 quod
1485 2183 1553 2227 esse
1575 2161 1694 2227 debeat
1718 2159 1849 2224 fundus

637 2270 691 2332 cui
722 2271 890 2345 serviatur,
922 2289 996 2333 nam
1029 2269 1088 2332 hoc
1118 2272 1249 2334 accessit
1280 2271 1470 2334 auctoritate
1501 2269 1783 2333 constituentium
1816 2271 1850 2329 et

637 2378 742 2457 potest
770 2375 892 2437 remitti
906 2373 941 2451 ὗ).
975 2373 1086 2457 ltaque
1117 2376 1238 2437 ratione
1269 2373 1391 2458 praedii
1422 2375 1592 2439 servientis
1617 2374 1772 2437 servitus
1795 2374 1851 2435 ius

636 2480 670 2541 in
701 2498 734 2541 re
764 2484 830 2554 est,
863 2478 917 2542 sed
947 2485 1094 2562 respectu
1126 2477 1258 2542 alterius
1281 2478 1402 2563 praedii
1425 2481 1530 2564 magis
1554 2499 1594 2542 ex
1618 2498 1654 2542 re
1680 2498 1790 2562 quam
1815 2478 1850 2540 in

637 2604 687 2657 re,
719 2585 804 2646 siout
834 2604 851 2646 e
883 2583 1066 2668 syngrapho
1097 2585 1180 2647 actio
1210 2583 1294 2668 apud
1325 2604 1396 2660 eos,
1427 2584 1511 2668 apud
1542 2603 1623 2667 quos
1648 2582 1852 2668 syngraphc

638 2695 772 2752 tesserae
804 2690 907 2751 instar
936 2694 984 2752 est
999 2687 1033 2767 ἶ).
1066 2688 1187 2752 Eorum
1219 2693 1328 2752 autem
1357 2691 1497 2764 iurium,
1521 2708 1602 2772 quae
1626 2690 1775 2751 suntin
1800 2708 1851 2764 re,

637 2791 788 2877 pleraque
812 2791 954 2877 aliquam
975 2793 1223 2857 dominationem
1242 2794 1375 2871 habent,
1396 2797 1488 2858 cuius
1506 2796 1636 2879 generis
1657 2798 1711 2857 est
1731 2795 1853 2878 ipsum

637 2897 819 2961 dominium
827 2919 835 2975 ;
861 2900 968 2982 itaque
992 2900 1037 2962 sic
1061 2897 1172 2961 definit
1195 2896 1420 2984 Demburg⁸):
1444 2901 1678 2983 proprietatem
1699 2918 1778 2963 esse
1799 2901 1854 2962 ius

636 3001 821 3066 dominandi
852 3001 1000 3089 generale
1014 3001 1049 3083 ⁰),
1082 3002 1165 3087 quod
1194 3008 1301 3066 tamen
1333 3024 1431 3088 aeque
1462 3005 1614 3068 convenit
1635 3003 1853 3089 superficiei,

636 3108 857 3192 emphyteusi,
881 3108 1061 3172 usufructu.
1092 3108 1176 3171 Nam
1200 3108 1315 3172 horum
1339 3129 1464 3192 quoque
1489 3108 1651 3184 dominis,
1679 3112 1777 3173 sicut
1802 3110 1855 3173 do

637 3214 725 3276 minc
758 3214 979 3296 proprietatis,
1011 3211 1167 3296 quidquid
1198 3214 1231 3274 in
1256 3212 1414 3276 refecere
1439 3215 1654 3297 permittitur,
1682 3216 1754 3277 nisi
1780 3216 1857 3278 iure

636 3317 872 3402 prohibeantur.
902 3316 1009 3380 Veluti
1044 3318 1238 3380 fructuarius
1272 3316 1379 3381 locum
1414 3316 1604 3402 religiosum
1638 3318 1754 3384 facere
1790 3342 1857 3384 nou

636 3427 742 3506 potest
772 3424 876 3485 invito
908 3421 1054 3495 domino,
1087 3421 1141 3484 sed
1172 3442 1211 3485 ne
1236 3421 1364 3486 domino
1388 3422 1518 3505 quidem
1542 3422 1603 3486 hoc
1629 3420 1715 3488 licet
1741 3427 1857 3489 invito

635 3527 809 3590 fructuario
833 3527 895 3608 (ψ
919 3526 996 3590 Inst.
1022 3525 1052 3588 ΙΙ
1080 3526 1120 3604 1).
1147 3525 1213 3589 Alii
1238 3529 1281 3589 sic
1306 3526 1480 3591 definiunt:
1505 3530 1753 3611 proprietatem
1786 3553 1859 3596 esse

636 3633 688 3694 ius
719 3633 751 3692 in
784 3651 815 3693 re
847 3631 1047 3705 absolutum,
1081 3631 1176 3695 modo
1199 3630 1280 3694 nihil
1305 3635 1333 3695 ei
1357 3631 1544 3696 detrahatur
1562 3632 1612 3712 ¹⁰),
1641 3656 1705 3700 nec
1734 3636 1859 3701 dicunt

636 3734 794 3819 quomodo
824 3744 950 3799 maneat
981 3735 1164 3800 absolutum
1198 3742 1268 3819 post
1298 3739 1396 3820 partis
1427 3741 1478 3801 sui
1507 3736 1769 3808 detractionem.
1798 3744 1860 3808 Est

668 3948 693 4005 1)
711 3947 780 4009 Apud
797 3947 938 3994 Germanos:
963 3945 1083 3993 natrolutr
1101 3944 1214 3994 Reer'.

669 4030 697 4087 2)
716 4028 804 4085 Panre,
825 4026 1002 4075 Nederlandsck
1018 4027 1168 4087 procerrecht
1185 4029 1196 4076 1
1214 4027 1299 4089 (1879)
1316 4045 1338 4093 p.
1357 4029 1413 4077 208.

670 4112 696 4170 8)
715 4109 815 4157 illorum
839 4108 925 4164 etiem,
949 4106 1015 4155 velut
1037 4106 1151 4169 obligatio
1176 4112 1202 4155 ut
1219 4114 1284 4157 certa
1302 4126 1340 4159 res
1357 4111 1434 4159 detur.
1453 4112 1608 4174 Quamquam
1625 4113 1765 4165 diversum
1786 4123 1857 4182 putet

638 4189 778 4252 hereburg,
797 4190 934 4237 Passerem
952 4188 963 4235 1
981 4189 1065 4248 (1892)
1082 4190 1133 4247 §88
1150 4193 1199 4236 not.
1218 4191 1233 4238 8
1250 4190 1274 4251 (i.
1287 4190 1320 4250 l.).

669 4272 697 4332 t)
716 4286 752 4333 pr.
770 4269 829 4317 lust.
848 4268 914 4317 114.

668 4356 694 4411 5)
713 4352 768 4399 Non
791 4352 854 4398 iusta
877 4354 913 4396 est
936 4348 1058 4396 servitutis
1080 4349 1187 4396 delinitio
1210 4350 1224 4397 1,
1247 4352 1276 4399 15
1301 4353 1339 4411 §l
1366 4352 1397 4400 1).
1415 4352 1462 4400 sl
1480 4353 1654 4416 sepertinere
1674 4372 1751 4417 eam,
1772 4368 1803 4410 ut
1822 4363 1856 4422 (in

633 4449 674 4482 ruo
691 4433 753 4495 quir)
770 4430 864 4493 aliquid
877 4430 991 4490 patiatur
1007 4431 1044 4477 vel
1059 4444 1104 4477 uon
1116 4430 1210 4492 saciat.
1229 4430 1350 4493 Siquidem
1367 4432 1415 4479 tale
1433 4432 1470 4480 ius
1486 4448 1615 4496 personam
1636 4436 1779 4501 obligaret,
1841 4492 1843 4495 y

669 4513 900 4576 ffihlubh

667 4593 694 4656 7)
713 4593 785 4641 Aliud
803 4591 868 4640 dabit
885 4591 1018 4656 exemplum
1037 4591 1147 4649 Heueler,
1166 4592 1334 4641 Institutionen
1353 4593 1507 4657 1(1885)ρ.
1527 4596 1603 4645 843¹.

667 4675 694 4737 8)
715 4674 854 4721 Pandekten
872 4672 885 4720 I
903 4674 987 4732 (1882)
1005 4673 1073 4733 §tea
1091 4678 1121 4737 (p.
1141 4673 1207 4732 443).

667 4756 695 4816 9)
708 4755 799 4803 oRcckt
805 4756 936 4816 qenerctler
945 4753 1120 4815 Herrschast'&
1130 4753 1181 4800 Hoc
1190 4752 1274 4800 Latine
1282 4753 1373 4802 dicitur
1382 4754 1419 4803 ius
1427 4756 1512 4804 utendi
1514 4758 1625 4820 fruendi
1635 4760 1690 4826 (pr.
1702 4764 1773 4814 Inst.
1784 4766 1855 4827 11⁴).

666 4836 709 4897 10)
728 4836 764 4882 Cf.
784 4835 905 4883 Windsch.
929 4834 1011 4895 stet,
1035 4835 1147 4883 maxime:
1169 4836 1227 4883 ,das
1242 4834 1384 4898 Eiqentltsm
1403 4836 1436 4883 ist
1453 4840 1503 4885 atr
1520 4840 1652 4891 colchos
1670 4845 1855 4897 retrahentes

631 4915 686 4962 ader
703 4932 727 4963 es
745 4920 853 4979 sertrci'pt
869 4916 1090 4978 Bercdrainkusqcu.
