5125 6150
1076 811 1284 860 nnsornmns.
1732 795 1774 861 31

629 975 818 1040 Rectissime
842 973 1013 1059 Steupius:
1049 975 1180 1051 »τινὲς
1203 976 1334 1040 αὐτῶν
1357 975 1550 1041 bescbrdnkt
1573 975 1628 1042 das
1651 976 1778 1064 Haupt-

582 1080 712 1167 subjekt
742 1083 776 1144 in
808 1079 904 1144 Form
935 1077 991 1143 der
1021 1079 1202 1161 Apposition
1232 1079 1313 1166 (vgl.
1345 1100 1385 1145 au
1415 1079 1455 1157 Π,
1487 1080 1571 1162 4,2;
1602 1081 1642 1161 Π,
1670 1082 1775 1163 16,1;

650 1186 704 1263 54,
756 1186 786 1250 ”.

582 1186 783 1377 H'Ssqmllr
803 1293 1060 1356 coniunctionem
1080 1293 1146 1355 καὶ
1167 1297 1239 1376 post
1259 1288 1322 1368 ἥξοι
1342 1293 1454 1377 utique
1466 1292 1687 1378 expellendam
1699 1315 1777 1360 esse.

628 1472 672 1538 IV
696 1495 722 1539 c.
749 1473 823 1538 118.

627 1578 664 1644 In
687 1580 746 1644 hoo
769 1581 873 1665 capite
897 1578 948 1658 (de
973 1600 1035 1664 quo
1057 1579 1132 1643 vide
1155 1576 1285 1643 Ssauan
1305 1580 1399 1643 aaut.
1418 1580 1542 1645 Studien
1561 1580 1577 1646 I
1595 1604 1648 1667 pp.
1664 1582 1773 1648 1-28

580 1706 638 1749 neo
669 1706 732 1749 non
763 1683 888 1751 (domm.
921 1685 1055 1749 editioni
1086 1687 1155 1749 eius
1187 1704 1214 1748 a.
1249 1684 1337 1749 1900
1369 1685 1485 1751 adiecti
1515 1708 1546 1772 p.
1579 1685 1645 1754 227
1670 1710 1773 1775 seqq.:

581 1791 721 1877 Anhang
744 1813 774 1875 p.
797 1790 862 1855 306
883 1798 982 1875 seqq.)
1002 1797 1058 1854 aut
1079 1792 1311 1854 sententiarum
1331 1790 1474 1856 ordinem
1494 1792 1587 1858 valde
1607 1795 1775 1859 turbatum

580 1917 648 1960 esse
673 1897 837 1961 fatendum
861 1898 940 1972 erit,
965 1916 1045 1981 quae
1070 1899 1137 1959 erat
1160 1894 1322 1981 Kruegeri
1342 1899 1448 1981 opinio
1467 1900 1535 1962 iam
1553 1901 1665 1963 statim
1682 1902 1776 1965 initio

581 2002 625 2084 ἓξ
652 2000 669 2063 1
695 2010 727 2065 et
751 2001 771 2064 2
795 2003 934 2085 speciose
958 2002 1194 2085 transponentis
1217 2006 1273 2064 aut
1299 2002 1449 2086 —quod
1473 2003 1556 2067 mihi
1578 2004 1775 2090 cortolonga

580 2105 779 2190 probabilius
814 2126 881 2170 esse
916 2104 1064 2170 videtur:
1099 2126 1173 2169 nam
1209 2107 1255 2170 sic
1288 2105 1420 2171 demum
1451 2106 1775 2175 Lacedaemoniorum

581 2231 758 2296 eorumque
789 2213 946 2275 sociorum
977 2216 1026 2274 ter
1050 2217 1203 2296 quaterve
1226 2212 1260 2274 in
1283 2211 1389 2276 media
1411 2211 1614 2279 induciarum
1637 2215 1776 2281 formula

581 2320 719 2402 repetita
742 2319 864 2381 mentio
887 2318 944 2401 (ξς
968 2314 999 2393 2,
1024 2317 1044 2380 4
1068 2323 1101 2381 et
1123 2315 1159 2391 8)
1183 2316 1391 2382 commodum
1410 2317 1608 2404 explicatum
1626 2321 1774 2386 habebit:

582 2444 698 2488 verum
721 2422 806 2488 vidit
828 2421 992 2487 Dobraeus
1014 2428 1103 2487 ratus
1126 2422 1255 2509 singula
1277 2425 1363 2509 pacti
1387 2426 1493 2508 capita
1516 2426 1658 2510 primum
1678 2427 1777 2491 Athe·

582 2532 633 2593 nis
663 2530 841 2612 conscripta
872 2527 1000 2604 deinde,
1036 2527 1202 2592 nonnullis
1232 2527 1364 2593 adiectis
1388 2534 1421 2593 et
1444 2532 1597 2607 mutatis,
1621 2530 1774 2596 ordines

581 2634 841 2700 Lacedaemoniis
872 2633 1076 2718 comprobata
1099 2654 1184 2711 esse;
1209 2639 1282 2718 post
1305 2654 1342 2699 ea
1365 2636 1456 2718 sequi
1480 2633 1651 2700 formulam
1676 2634 1775 2713 ἔδοξεν

583 2742 625 2819 τῷ
656 2741 741 2818 tipo
772 2739 836 2803 κτὲ.
868 2758 931 2823 qua
955 2739 1100 2803 inducias
1124 2744 1209 2803 ratas
1231 2739 1392 2803 habebant
1415 2738 1642 2817 Athenienses,
1665 2742 1775 2825 itaque

580 2851 683 2911 totam
704 2845 785 2910 hanc
805 2846 977 2924 ἐκεχειρίαν
995 2847 1080 2908 inter
1099 2844 1308 2908 Athenienses
1328 2849 1361 2908 et
1380 2843 1646 2910 Lacedaemonios
1664 2844 1776 2910 distin-

580 2951 742 3039 guendam
766 2970 844 3014 esse.
874 2949 1075 3034 Quamquam
1100 2950 1214 3014 bacin
1237 2970 1287 3026 re,
1311 2956 1349 3013 ut
1373 2956 1405 3013 et
1428 2951 1462 3011 in
1485 2948 1557 3013 aliis
1581 2951 1774 3034 quibusdam

580 3059 714 3122 minoris
736 3057 910 3131 momenti,
934 3053 1058 3120 fallitur
1081 3053 1244 3119 Dobraeus
1268 3053 1352 3139 quod
1375 3055 1393 3138 ξ
1412 3053 1433 3118 4
1453 3076 1507 3120 vv.
1527 3056 1577 3120 ἐπί
1598 3065 1655 3132 τῆς
1674 3059 1775 3124 αὐτῶν

579 3163 681 3237 μένειν
705 3161 862 3238 ἑκατέρους
888 3159 963 3236 xri„
988 3180 1024 3224 ea
1046 3164 1129 3223 certe
1152 3160 1255 3223 forma
1277 3179 1341 3244 qua
1364 3160 1448 3244 apud
1473 3159 1531 3225 Th.
1556 3164 1591 3226 in
1615 3171 1707 3250 pacto
1727 3167 1775 3229 in·

580 3275 663 3333 serta
686 3269 900 3352 reperiuntur,
924 3286 987 3329 non
1011 3263 1269 3329 Lacedaemoniis
1292 3264 1347 3330 sed
1371 3267 1621 3334 Atheniensibus
1645 3270 1772 3334 tribuit.

581 3374 739 3459 Equidem
763 3376 808 3438 sic
832 3372 1030 3458 distinguere
1054 3368 1185 3435 malim:

629 3479 855 3543 Athenienses:
889 3478 954 3554 περί
986 3477 1044 3551 μὲν
1074 3481 1127 3539 τοῦ
1150 3478 1228 3553 ἱεροῦ
1253 3476 1305 3540 καί
1331 3481 1384 3541 τοῦ
1409 3478 1554 3552 μαντείου
1578 3483 1631 3543 τοῦ
1656 3480 1773 3546 Ἀπόλ-

583 3597 675 3653 λοινος
706 3588 760 3647 τοῦ
791 3583 901 3648 Πυίίου
931 3581 1015 3645 δοκεῖ
1043 3582 1116 3656 ἡμῖν
1139 3582 1271 3660 χρῆοίαι
1297 3582 1348 3645 τὸν
1371 3580 1557 3660 βουλόμενον
1580 3584 1697 3657 ιίδίλοις
1720 3585 1774 3651 καί

583 3688 677 3758 οὶδειῖις
703 3691 788 3752 κατὰ
812 3689 881 3759 τοὺς
906 3688 1051 3767 πατρίους
1075 3686 1191 3763 νίμους.

628 3793 888 3859 Lacedaemonii:
923 3801 987 3866 τοῖς
1023 3793 1080 3868 μὲν
1110 3792 1367 3869 Λακεδαιμονίοις
1402 3794 1578 3859 ναυτίαν)
1612 3795 1694 3862 δοκεῖ
1722 3798 1773 3863 καί

581 3909 644 3970 τοῖς
677 3899 859 3978 ξυμμάχοις
889 3908 953 3969 τοῖς
985 3903 1150 3975 παροῦσιν·
1184 3898 1329 3971 Βοιωτοὺς
1361 3899 1393 3964 dl
1423 3898 1476 3964 καί
1509 3900 1634 3973 Φυκίας
1658 3902 1774 3968 πείσειν

582 4005 682 4086 Φατίν
707 4007 735 4077 ἐς
761 4006 889 4081 δύναμιν
913 4002 1230 4085 προοκκρνκευίμενοι.

628 4112 722 4177 Atha
755 4112 822 4191 περί
855 4113 886 4176 δὲ
918 4118 976 4175 τῶν
1008 4111 1178 4192 χρημάτων
1208 4116 1268 4175 τῶν
1299 4115 1353 4176 τοῦ
1378 4112 1443 4176 θεοῦ
1467 4111 1671 4189 ε’πιμὲλεοίαι
1694 4111 1774 4188 ὅπως

581 4218 652 4289 τοὺς
685 4217 866 4290 ἀδικοῦντας
900 4216 1107 4297 ἐξευρήσομεν,
1140 4218 1226 4297 δρίῶς
1257 4217 1311 4282 καί
1335 4216 1456 4287 δικαίως
1480 4224 1542 4289 τοῖς
1568 4220 1706 4297 πατρίοις
1731 4220 1776 4285 νί-

582 4347 650 4401 μοις
683 4324 832 4403 χρώμενοι
864 4322 916 4386 καί
951 4321 1038 4398 ὑμεῖς
1063 4323 1114 4386 καί
1140 4325 1228 4398 ἡμεῖς
1253 4314 1309 4387 καί
1333 4329 1391 4386 τῶν
1411 4315 1518 4388 ’ἄλλων
1542 4323 1568 4387 οί
1592 4323 1775 4401 βουλόμενοι

582 4435 646 4494 τοῖς
672 4430 808 4508 πατρίοις
834 4427 932 4504 νίμοις
956 4427 1118 4507 χρώμενοι.

629 4533 721 4599 Lac:
745 4533 813 4611 περί
838 4534 894 4609 μὲν
918 4530 966 4598 οὖν
989 4532 1103 4598 τούτοιν
1123 4530 1204 4610 ἔδοξε
1225 4531 1481 4610 Λακεδαιμονίοις
1501 4533 1552 4597 καί
1572 4542 1637 4606 τοῖς
1651 4533 1679 4598 b)
1698 4532 1775 4614 ξυμ-

582 4640 701 4717 μοίχοις
726 4640 811 4702 κατίι
834 4639 956 4703 ταῦτα·
971 4637 995 4700 o)

615 4760 641 4822 a)
659 4756 746 4806 ταύτὰ
764 4774 808 4807 ern.
827 4759 951 4822 Stropius:
969 4759 1055 4806 ταῦτα
1069 4757 1126 4806 libri
1142 4759 1228 4814 Mss.;
1249 4755 1275 4818 b)
1295 4759 1348 4814 τοῖς
1362 4755 1451 4814 ittam
1466 4760 1547 4816 G.M.;
1566 4760 1591 4823 o)
1606 4761 1674 4809 κατδι
1689 4759 1774 4809 ταῦτα

580 4841 632 4890 cod.
653 4842 680 4889 M
698 4840 763 4889 solos
780 4841 846 4888 addit
862 4842 904 4904 qui
922 4844 1044 4905 praetcrea
1062 4839 1145 4888 habat:
1170 4836 1232 4888 τάδε
1249 4837 1319 4903 ίδοξε
1335 4836 1540 4899 Λακεδαιμονίοις
1558 4839 1669 4899 καὶτοῖς
1686 4839 1777 4900 ἄλλοις

582 4920 740 4987 ξυμμάχοις.
