5125 6150
724 876 726 880 ,
793 809 859 874 166
1290 823 1464 875 rrorrrrmort

792 992 858 1056 Pro
890 989 988 1056 altere
1017 989 1152 1056 lectione
1185 993 1495 1069 μεταπαυσωλὴ
1530 997 1657 1060 strenue
1687 1001 1811 1081 pugnet
1841 997 1981 1062 verbum

793 1098 1029 1176 μεταταύεσθαι
1055 1096 1165 1164 Ρ373.

838 1303 932 1368 r23.
1584 1296 1612 1370 οἳ
1635 1303 1667 1369 δὲ
1690 1304 1725 1379 δή
1748 1303 1839 1370 ἄλλοι

928 1408 1058 1490 ἔρχεσθ’,
1083 1405 1165 1489 θφρα
1187 1410 1223 1488 χ’
1247 1403 1349 1482 ῖιιήσθε
1372 1410 1457 1486 μετᾶ
1480 1415 1587 1490 Τρῶας
1612 1411 1664 1475 ιιαῖ
1688 1410 1839 1491 Ἀχαιούς
1847 1461 1856 1492 ,

928 1514 1127 1596 ἀμφοτέροισι
1153 1513 1179 1578 δ’
1202 1515 1335 1594 ἄρήχεθ,
1360 1513 1418 1598 ἄτή
1440 1515 1501 1588 νθος
1527 1516 1590 1581 ἐστὶ
1616 1516 1772 1582 εειιᾶστου.

927 1622 953 1687 εῖ
980 1621 1043 1701 χᾶρ
1066 1619 1237 1702 Ἀχιλλεὺς
1262 1615 1342 1694 οῖος
1367 1622 1430 1686 ἐπὶ
1455 1622 1590 1701 Τρώεσσι
1614 1623 1780 1704 μᾶχήτοοι,

927 1726 995 1794 oete
1018 1725 1134 1804 μίνυνθ’
1158 1725 1256 1803 ἕξουσι
1280 1726 1418 1794 ποδώκεα
1442 1728 1611 1802 Πήλεῖοινα.

793 1836 911 1921 Aperte
932 1838 1089 1901 sententie
1108 1835 1184 1900 heeo
1203 1856 1271 1899 esee
1291 1835 1398 1901 debet:
1419 1835 1503 1901 Nem
1524 1839 1550 1900 si
1571 1835 1712 1902 Achilles
1729 1836 1879 1902 adversus
1897 1836 1983 1904 soloe

793 1945 827 2021 (i.
853 1963 880 2007 e.
913 1963 974 2030 norr
1005 1942 1130 2007 adiutos
1160 1941 1199 2006 eb
1223 1938 1308 2022 aliie)
1332 1940 1483 2007 Troianos
1506 1944 1677 2028 pugnabit,
1701 1943 1735 2008 hi
1758 1964 1797 2008 ne
1820 1951 1983 2028 punctum

793 2048 922 2133 quidem
945 2051 1099 2133 temporie
1122 2050 1191 2112 eius
1212 2049 1373 2132 impetum
1393 2048 1605 2113 sustinebunt.
1630 2049 1716 2137 Ergo
1735 2051 1982 2136 corrigendum:

928 2157 953 2221 εῖ
977 2156 1039 2235 yet
1064 2154 1234 2235 Ἀχιλλεὺς
1259 2152 1380 2220 οῖοισι
1416 2157 1551 2235 Τρώεσσι
1574 2155 1742 2237 μᾶχιιται,
1763 2157 1827 2222 ιιτὲ.

793 2259 842 2330 cf.
866 2283 929 2328 ves.
955 2260 1099 2326 41-53.

838 2480 953 2547 r246.

928 2585 993 2652 ἔστι
1017 2588 1080 2666 yet
1105 2586 1323 2668 ἀμφοτέροισιν
1346 2585 1459 2652 testera
1481 2585 1692 2662 μυθήσασθαι·

928 2693 1033 2758 τολλᾶ
1057 2693 1165 2770 μάλ’·
1191 2692 1257 2757 οὐδέ
1281 2717 1314 2756 κε
1340 2697 1409 2765 νήῖις
1434 2691 1635 2772 ἑκατθνζυνος
1660 2691 1757 2772 ἄχθος
1780 2691 1801 2757 ἄ
1810 2717 1930 2772 ροιτο.

792 2800 864 2867 Non
894 2808 1022 2865 tentum
1052 2820 1126 2864 cum
1157 2798 1332 2863 editoribus
1363 2799 1474 2863 haereo
1504 2801 1538 2862 in
1562 2798 1695 2864 mirifico
1719 2800 1778 2864 hoo
1802 2821 1864 2865 usu
1887 2804 1981 2868 verbi

792 2907 954 2987 ἄρνυσθαι,
977 2906 1031 2971 sed
1056 2909 1153 2970 etiem
1176 2907 1211 2968 in
1235 2902 1333 2986 ἄχθος
1356 2904 1440 2969 nude
1463 2904 1604 2969 adhibito
1627 2927 1683 2990 pro
1703 2911 1827 2972 τσσσῖιτο
1847 2915 1905 2986 (ee.
1920 2912 1981 2976 τῶν

791 3013 934 3096 θνειδέυν)
958 3012 1067 3096 ἄχθος.

837 3121 916 3189 coll.
948 3119 1005 3185 Od.
1038 3118 1141 3197 χ312
1166 3121 1318 3195 κτήματα
1340 3114 1473 3182 -ἄσοι
1498 3126 1585 3192 νήες
1612 3116 1735 3198 ἄχθος
1759 3118 1904 3200 ἄειραν
1929 3144 1981 3187 ex-

791 3235 972 3315 peotemus:

926 3333 1029 3409 τιθλλ’,
1054 3326 1086 3412 (ἄ
1091 3335 1161 3411 στ’)
1186 3331 1252 3396 οὐδέ
1277 3355 1310 3394 κε
1336 3334 1404 3403 νήῦς
1429 3328 1632 3409 ἑκατθνζυχος
1656 3330 1750 3410 ἄχθος
1776 3333 1921 3411 ἄεθροι.

839 3551 954 3620 Φ173.
979 3551 1128 3618 Hectoris
1150 3550 1246 3616 verba
1268 3557 1361 3615 sunt:

927 3658 1078 3738 Δήῖφοβ’,
1103 3652 1120 3730 ή
1144 3657 1201 3734 μέν
1224 3680 1274 3733 μοι
1298 3654 1332 3720 τθ
1356 3654 1451 3734 τᾶρος
1475 3656 1553 3721 πολὺ
1578 3656 1734 3735 φίλτατος
1757 3654 1835 3733 ήσθα

927 3771 1058 3842 ρνυτῶν,
1083 3759 1133 3835 οὓς
1155 3762 1282 3839 Ἑειιᾶβή
1308 3760 1357 3835 ήδὲ
1382 3760 1516 3840 Πρίαμος
1540 3760 1610 3825 τέκε
1635 3762 1768 3834 παῖδας·

926 3875 975 3935 νῦν
1001 3869 1026 3934 δ’
1051 3870 1096 3934 ἔτι
1121 3868 1172 3934 καὶ
1197 3872 1319 3946 μᾶλλον
1344 3867 1410 3931 νοέω
1434 3867 1524 3946 φρεσὶ
1550 3868 1820 3946 τιμήσασθαι,

927 3974 957 4047 te
983 3986 1059 4050 τλής
1083 3973 1170 4039 εἵνεκ’
1194 3975 1295 4052 ε’μεῖο,
1320 3973 1386 4037 ἐπεὶ
1410 3972 1484 4045 riter
1508 3975 1713 4052 ὀφθαλμοῖσι,

926 4083 1045 4161 τείχεος
1071 4080 1213 4157 ἐξελθεῖν,
1237 4080 1326 4144 ἄλλοι
1350 4079 1377 4143 δ’
1401 4077 1518 4143 ἔντοσθε
1542 4078 1690 4154 μένουσιν.

793 4188 936 4256 Dubium
960 4210 1022 4253 non
1045 4194 1093 4252 est
1116 4189 1193 4272 quin
1216 4189 1352 4251 eorietue
1375 4184 1581 4261 τιμήσασθαι,
1607 4206 1703 4269 quem
1725 4185 1847 4251 oodioee
1871 4208 1979 4256 eerra-

792 4301 882 4368 runt‚
903 4298 945 4359 eit
964 4297 1104 4379 genuine
1122 4292 1233 4369 lectio,
1254 4294 1329 4377 quie
1351 4298 1423 4355 νοεῖν
1442 4290 1495 4355 hio
1513 4290 1672 4377 signifieat
1690 4294 1724 4355 in
1742 4292 1840 4355 animo
1859 4295 1978 4376 habere,

793 4408 983 4487 quapropter
1013 4421 1074 4464 non
1106 4418 1253 4482 assequor
1282 4418 1338 4462 eur
1367 4396 1502 4461 editores
1525 4396 1692 4462 Leidensee
1715 4397 1864 4465 futurum
1888 4405 1978 4478 τιμή

793 4508 899 4574 σεσθαι
932 4526 970 4569 ex
1002 4504 1172 4569 Euetetirio
1202 4505 1341 4587 recipere
1372 4501 1560 4585 maluerint,
1594 4523 1667 4567 oum
1697 4508 1884 4589 praesertim
1915 4511 1979 4595 ipsi

792 4614 921 4678 efferent
946 4620 980 4675 Ω
995 4609 1078 4675 561:

1519 4712 1587 4777 νοθοι
1612 4713 1642 4777 δὲ
1667 4713 1719 4778 καὶ
1743 4714 1837 4788 αὖτθς

922 4820 1056 4898 Ἔκτυρᾶ
1081 4844 1126 4884 τοι
1151 4826 1262 4897 λῖισαι,

791 4931 882 4994 euius
904 4926 967 4993 looi
990 4947 1118 5012 prorsus
1141 4927 1252 4991 eedem
1273 4928 1354 4992 ratio
1377 4930 1436 4990 eet.
