5125 6150
1123 1409 1346 1499 DEORUM
1375 1409 1628 1499 CORONAE.

1316 1643 1440 1684 scurram

1239 1828 1271 1892 S.
1296 1829 1335 1891 A.
1359 1825 1512 1892 NABliR.

1319 2111 1432 2148 40⁴·-

826 2344 961 2431 Oollsga
991 2366 1082 2409 meus
1105 2347 1399 2409 aestumatissimus
1423 2345 1579 2411 Iohannes
1602 2345 1736 2424 virtius,
1761 2345 1858 2410 hnius
1880 2346 1971 2411 volu·

781 2454 879 2516 minis
912 2472 944 2535 p.
969 2449 1046 2527 207,
1081 2457 1253 2534 postquam
1286 2448 1370 2521 lecta
1404 2451 1627 2516 dissertatione
1661 2450 1850 2516 Academica
1886 2452 1972 2516 docti

778 2558 906 2621 iuvenis
937 2553 1043 2622 Caroli
1073 2554 1205 2619 Haurici
1236 2554 1379 2619 Eduardi
1409 2555 1447 2620 ds
1476 2555 1563 2641 Joug
1595 2556 1709 2620 incidit
1739 2559 1773 2619 iu
1804 2555 1971 2621 Heliodori

779 2661 903 2734 locum,
929 2681 1025 2745 quem
1048 2662 1160 2724 statim
1183 2659 1329 2738 afferam,
1353 2659 1488 2725 contulit
1511 2660 1796 2726 celebratissimum
1817 2660 1970 2726 Indorum

781 2764 925 2829 fabulam
956 2762 995 2828 de
1026 2765 1189 2829 amoribus
1220 2763 1296 2829 Nali
1326 2772 1359 2829 et
1388 2763 1642 2852 Damayantidis.
1667 2765 1791 2830 Notum
1814 2773 1863 2830 est
1886 2764 1971 2849 quod

780 2871 826 2935 ibi
857 2869 1005 2946 traditur,
1037 2889 1112 2933 nam
1142 2872 1241 2934 etiam
1272 2872 1297 2932 ii
1327 2872 1383 2954 qni
1414 2873 1567 2934 extremis
1597 2869 1696 2935 labris
1726 2892 1764 2934 ex
1793 2869 1852 2935 illo
1878 2869 1970 2956 largo

780 2975 1044 3040 Sanscriticarnm
1074 2973 1243 3039 literarum
1273 2975 1360 3040 fonte
1391 2974 1543 3059 pauculas
1565 2981 1677 3061 guttas
1700 2976 1892 3053 hauserunt,
1916 2996 1970 3060 ge

780 3102 927 3146 ueroeam
961 3082 1122 3166 virginem
1157 3080 1306 3144 admirati
1337 3082 1429 3156 eunt,
1462 3101 1543 3164 qnae
1573 3080 1714 3146 Helenae
1743 3087 1775 3146 et
1805 3082 1970 3167 Agaristes

779 3189 846 3250 ritu
876 3188 1032 3250 maritum
1060 3188 1185 3251 invenit
1208 3192 1241 3250 et
1264 3185 1354 3250 brevi
1373 3192 1445 3269 post
1468 3185 1641 3271 Penelopes
1666 3186 1849 3271 exemplum
1872 3185 1970 3271 longe

779 3292 921 3356 creditur
949 3311 1123 3375 superasse.
1148 3290 1210 3354 Sed
1232 3311 1334 3375 quum
1357 3296 1447 3375 pater
1470 3290 1554 3355 filiae
1576 3293 1732 3356 maritum
1756 3291 1830 3356 dare
1852 3290 1969 3368 vellet,

779 3399 966 3461 convocarit
986 3395 1209 3479 undecumque
1228 3393 1446 3459 adulescentes
1463 3397 1519 3478 qui
1538 3395 1751 3460 conditionem
1771 3397 1970 3480 expetebant.

782 3499 865 3568 Cum
889 3499 947 3564 alii
971 3506 1048 3564 tuuc
1066 3498 1271 3576 advolarunt,
1293 3505 1365 3563 tum
1384 3499 1486 3564 Nalus
1506 3503 1561 3584 qui
1580 3500 1769 3564 iamdudum
1792 3500 1971 3586 Damayau-

782 3605 858 3669 tidis
887 3625 996 3669 amore
1026 3610 1138 3689 captus
1169 3610 1255 3683 erat;
1289 3607 1358 3691 ipsa
1388 3612 1497 3669 autem
1530 3605 1741 3692 Damayautis
1764 3628 1826 3671 uon
1848 3605 1970 3670 leviore

780 3710 933 3774 urebatur
962 3730 1071 3774 amore
1102 3709 1177 3775 Nali
1207 3731 1304 3794 quem
1333 3712 1425 3774 miris
1455 3710 1559 3775 modis
1589 3730 1784 3795 quamquam
1807 3712 1969 3776 absentem

782 3819 984 3899 cognoverat.
1016 3813 1192 3899 Postquam
1224 3814 1291 3878 dies
1314 3814 1463 3893 advenit,
1487 3836 1562 3880 oum
1585 3814 1717 3899 reliquis
1739 3818 1842 3900 procis
1865 3815 1971 3879 stabat

781 3918 883 3985 Nalus
912 3922 946 3983 iu
977 3917 1068 3995 aula,
1100 3918 1154 3983 sed
1177 3924 1339 4002 praeterea
1362 3919 1493 3984 aderant
1516 3926 1652 4003 quatuor
1675 3920 1713 3985 ds
1736 3920 1825 3985 coelo
1849 3919 1969 4004 delapsi

780 4022 981 4089 immortales
1004 4023 1067 4100 dii,
1091 4027 1146 4107 qui
1166 4023 1340 4088 humanam
1361 4023 1436 4088 Nah'
1455 4025 1591 4089 sormam
1613 4025 1791 4090 induerant.
1815 4024 1878 4089 Hic
1896 4030 1969 4089 turn

780 4128 991 4214 Damayautis
1020 4128 1145 4214 trepida
1167 4132 1207 4192 et
1238 4149 1353 4213 auceps
1381 4130 1514 4194 haerens
1544 4151 1639 4213 quem
1672 4151 1710 4193 er
1741 4132 1881 4214 quinque
1903 4129 1971 4195 illis

780 4234 916 4320 eligeret
937 4270 978 4281 —
999 4233 1220 4318 suspicabatur
1238 4238 1348 4297 autem
1368 4239 1506 4318 quatuor
1525 4233 1633 4298 adesse
1657 4233 1730 4299 deos
1754 4238 1810 4318 qui
1833 4235 1891 4298 sub
1913 4233 1973 4301 illa

780 4340 884 4403 forma
906 4338 1131 4403 latitarent-
1152 4343 1279 4423 precata
1302 4343 1352 4403 est
1374 4348 1412 4403 nt
1434 4338 1585 4403 coelestes
1609 4360 1641 4403 se
1666 4338 1778 4404 darent
1801 4360 1971 4425 agnoscen-

779 4441 847 4507 dos.
867 4442 1009 4508 Tandem
1029 4441 1074 4507 dii
1093 4445 1185 4507 enixe
1204 4446 1328 4528 petenti
1346 4465 1470 4508 morem
1488 4449 1635 4529 gerentes
1653 4444 1860 4508 ostenderunt
1879 4448 1971 4530 sigua

780 4549 897 4633 quibus
923 4569 942 4612 a
973 4547 1163 4613 mortalibus
1193 4550 1366 4614 internosci
1396 4556 1523 4633 possent
1553 4555 1649 4634 atque
1676 4551 1722 4613 sic
1746 4552 1835 4635 regia
1858 4553 1970 4635 virgo,

780 4651 861 4718 Nalo
891 4655 1019 4739 agnito,
1051 4654 1145 4718 laetis
1174 4654 1334 4718 ominibus
1365 4656 1435 4719 voti
1464 4675 1591 4738 compos
1622 4654 1705 4719 facta
1736 4660 1793 4719 est.
1825 4653 1971 4719 Fuerunt

780 4765 889 4823 autem
922 4778 959 4822 ea
992 4760 1085 4843 sigua
1118 4758 1292 4824 secuudum
1325 4765 1467 4823 veterem
1498 4765 1627 4844 poetam
1657 4760 1787 4843 quinque
1817 4780 1968 4824 numero:

780 4861 805 4928 l.
829 4862 885 4928 Dii
907 4863 1034 4928 sudoris
1058 4869 1202 4948 expertes
1226 4869 1302 4929 suut
1325 4885 1380 4929 neo
1404 4867 1509 4930 vestes
1533 4864 1665 4948 pulvere
1685 4863 1968 4929 commaculantur.
