5125 6150
1116 878 1236 927 ursus.
1702 862 1766 928 415

582 1051 773 1134 antiquitus,
794 1047 850 1112 diu
870 1053 1040 1131 antequam
1059 1043 1224 1110 Palatinus
1244 1043 1326 1110 liber
1345 1053 1535 1124 exoraretur,
1556 1046 1687 1113 fortasse
1702 1050 1768 1113 iam

584 1178 659 1222 cum
691 1152 815 1241 sylloge
843 1152 1030 1217 conderetur
1060 1154 1150 1216 cuius
1172 1149 1323 1235 reliquias
1346 1153 1498 1229 terimus,
1523 1159 1630 1218 textus
1653 1154 1769 1241 Lysiae

583 1263 670 1329 male
700 1262 763 1326 luit
794 1261 939 1337 habitus,
971 1267 1002 1323 et
1030 1261 1074 1323 sic
1106 1265 1143 1322 ut
1166 1258 1247 1322 aliae
1270 1260 1426 1322 orationes
1449 1258 1520 1323 aliis
1543 1263 1769 1345 inquinatiores

583 1371 705 1435 inerint
728 1366 872 1432 traditae.
896 1366 933 1430 In
952 1366 1093 1430 fontibus
1112 1364 1195 1429 unde
1214 1364 1381 1429 Palatinus
1400 1367 1544 1431 manavit
1562 1369 1770 1454 integerrima

583 1477 683 1541 fuisse
715 1474 852 1551 videtur,
884 1494 1078 1557 quamquam
1106 1479 1138 1537 et
1168 1474 1237 1557 ipsa
1265 1474 1398 1536 minime
1423 1476 1575 1538 vitiorum
1596 1477 1769 1555 immunis,

586 1581 695 1646 Oratio
719 1580 868 1660 funebris,
892 1579 975 1664 quod
999 1584 1031 1644 et
1054 1600 1109 1663 per
1129 1599 1161 1641 se
1184 1582 1286 1663 patet,
1313 1584 1345 1642 et
1368 1583 1602 1664 comparatione
1621 1584 1771 1648 instituta

585 1709 660 1753 cum
693 1685 765 1751 aliis
787 1685 895 1760 libris,
920 1687 1035 1770 quibus
1058 1689 1090 1748 in
1114 1684 1172 1748 hac
1195 1704 1258 1748 una
1282 1687 1421 1750 oratione
1445 1690 1569 1753 utimur
1591 1710 1609 1753 a
1632 1689 1771 1755 Palatini

583 1797 745 1879 scriptura
776 1813 837 1857 non
870 1791 1089 1878 pendentibus.
1120 1791 1232 1875 Itaque
1262 1792 1290 1855 si
1317 1793 1386 1855 eius
1408 1791 1557 1858 lectiones
1581 1795 1771 1862 conferimus

583 1922 662 1966 cum
693 1901 734 1963 iis
764 1919 844 1984 quae
875 1904 1019 1964 enotatae
1046 1909 1120 1962 sunt
1143 1918 1159 1961 e
1180 1895 1373 1963 (loisliniano
1396 1897 1462 1963 249
1485 1898 1548 1981 (V),
1572 1905 1663 1967 ouius
1686 1912 1772 1969 aetas

582 2029 649 2072 non
688 2005 770 2070 clare
809 2004 956 2081 traditur,
983 2042 1020 2053 -
1049 2002 1194 2080 „saeculo
1227 2002 1358 2080 decimo,
1392 2026 1453 2090 quo
1482 2009 1636 2092 scriptum
1666 2013 1772 2074 existi-

583 2115 697 2179 mabat
735 2109 1020 2185 Montefaloonius,
1059 2109 1154 2196 longe
1183 2111 1410 2174 recentiorem'’
1444 2117 1663 2196 pronuntiavit
1693 2116 1771 2182 olim

586 2220 770 2301 Bekkerus,
803 2220 954 2302 repetivit
984 2216 1099 2281 iisdem
1129 2217 1232 2280 verbis
1260 2214 1427 2282 Thalheim
1451 2218 1568 2300 (Praei.
1592 2244 1623 2307 p.
1647 2225 1703 2309 vj),
1730 2260 1770 2271 -

586 2334 619 2392 et
658 2347 675 2391 e
715 2324 878 2389 Marciano
916 2322 981 2387 416
1005 2322 1074 2402 (F),
1108 2328 1263 2407 quantum
1294 2322 1333 2386 ad
1365 2322 1494 2410 Lysiam
1525 2329 1662 2411 pertinet
1692 2351 1771 2396 saec.

587 2432 687 2509 xllr,
713 2469 753 2478 -
777 2433 1026 2515 comparatione,
1049 2433 1190 2514 inquam,
1210 2431 1359 2494 instituta
1378 2432 1463 2496 inter
1482 2432 1597 2497 horum
1616 2432 1771 2501 librorum

584 2540 740 2605 lectiones
764 2543 796 2602 et
820 2536 974 2611 Palatini,
1000 2535 1050 2599 hic
1073 2535 1260 2620 plerumque
1280 2535 1376 2621 longe
1395 2539 1551 2623 integrior
1569 2540 1771 2610 iudicabitur.

586 2648 747 2730 Perquam
779 2646 841 2707 rari
871 2663 972 2727 neque
1002 2643 1111 2728 magni
1142 2644 1300 2705 momenti
1329 2639 1389 2706 looi
1421 2654 1495 2708 sunt
1526 2646 1581 2709 ubi
1611 2654 1719 2713 contra
1740 2650 1772 2714 X

588 2772 703 2818 verum
723 2771 761 2814 ex
779 2748 834 2812 iv
852 2750 1029 2834 repositum
1049 2751 1113 2823 est,
1133 2746 1211 2811 bene
1230 2749 1257 2811 si
1277 2752 1461 2825 numerari,
1482 2752 1587 2817 decem.
1609 2754 1652 2817 At
1664 2754 1772 2841 quales

589 2864 665 2923 sunt
696 2855 770 2920 illae
800 2855 951 2920 lectiones
982 2849 1140 2939 potiores?
1169 2852 1227 2916 Elst
1256 2855 1290 2916 in
1321 2852 1374 2917 FV
1404 2856 1421 2939 ξ
1448 2854 1505 2919 13:
1538 2857 1622 2932 μετὰ
1652 2867 1710 2925 τῶν
1734 2863 1771 2926 ἐν

591 2965 690 3043 ἐκείνῳ
722 2965 762 3042 τῷ
784 2960 878 3042 χρο’νιρ
903 2961 1128 3033 Πελοπόννησον
1152 2959 1294 3040 ἐχίντιιν,
1319 2963 1352 3024 in
1377 2961 1407 3024 X
1431 2962 1517 3027 deest
1542 2964 1581 3028 ἐν.
1609 2965 1645 3030 In
1669 2969 1687 3052 ξ
1712 2968 1770 3035 15:

591 3070 640 3137 ἐιά
666 3069 703 3134 δὲ
727 3071 780 3143 τήν
804 3073 857 3134 τσῦ
882 3069 998 3145 τατρίς
1019 3068 1126 3145 ἀρετήν
1148 3065 1273 3138 ἐκείνους
1294 3066 1456 3148 (Herculis
1476 3068 1570 3152 filios)
1590 3081 1652 3145 τοῖς
1673 3076 1773 3142 αὐτῶν

590 3176 732 3247 κινδύνοις
758 3174 986 3253 ἐστεφάνοσαν.
1010 3172 1059 3237 Ita
1082 3172 1124 3249 F;
1149 3176 1181 3237 in
1204 3172 1262 3235 VX
1287 3195 1451 3259 perperam
1476 3182 1540 3241 est:
1566 3178 1616 3244 διά
1640 3181 1694 3254 τήν
1718 3187 1771 3247 τοῦ

590 3310 625 3351 τ.
650 3284 759 3363 ἀρετήν
786 3282 914 3353 ἐκείνους
942 3280 978 3345 δὲ
1006 3288 1067 3350 τοῖς
1096 3280 1165 3344 αὐτ.
1193 3280 1265 3344 κινδ.
1296 3281 1524 3361 ἐστεφάνωσαν,
1552 3286 1635 3352 unde
1658 3288 1773 3356 efficias

587 3394 624 3455 in
655 3389 826 3473 archetypo
855 3409 873 3452 a
904 3409 965 3472 quo
988 3407 1097 3451 omnes
1119 3386 1234 3473 Lysiae
1258 3387 1377 3452 codices
1407 3388 1566 3456 fluxerunt
1594 3392 1624 3458 ti
1655 3397 1775 3462 incerta

588 3496 663 3562 sede
688 3494 845 3559 volitasse.
869 3494 1035 3559 Praeterea
1059 3495 1076 3578 ξ
1100 3491 1143 3556 30
1164 3494 1205 3563 είς
1226 3494 1285 3563 τὰς
1308 3498 1379 3564 ναῦς
1402 3495 1557 3573 ἐμβάντες
1576 3520 1659 3565 unus
1678 3502 1773 3569 habet

588 3602 626 3680 F,
647 3604 754 3666 minus
773 3610 896 3666 rectum
915 3603 948 3664 in
961 3601 1019 3665 hoo
1031 3601 1181 3683 scriptore
1194 3598 1356 3675 είσβάντεε
1370 3599 1438 3666 VX.
1460 3602 1560 3670 Iidem
1573 3608 1591 3691 ς
1604 3605 1664 3672 32:
1679 3610 1703 3674 εί
1716 3611 1773 3686 μὲν

590 3708 676 3773 κατὰ
693 3716 750 3785 γής
765 3715 827 3777 τοῖς
840 3706 1008 3785 βαρβάροις
1023 3707 1263 3788 ἀπαντήσονται,
1277 3705 1410 3772 ridicule
1419 3729 1426 3785 ;
1448 3708 1570 3778 Fracte
1583 3716 1666 3779 κατὰ
1687 3723 1773 3794 γῆν.

589 3814 675 3879 Tum
703 3816 720 3899 ᾗ
741 3813 784 3878 34
803 3815 1031 3878 necessarium:
1054 3812 1100 3881 τίς
1122 3813 1173 3875 οὐκ
1193 3810 1230 3876 ἀν
1249 3810 1315 3877 licis
1336 3813 1481 3894 ἐφοβήθη,
1503 3820 1547 3891 ὥς
1569 3820 1672 3898 μέγας
1691 3860 1767 3872 ..-

591 3920 759 3992 κίνδυνσς-
775 3921 961 3997 -ήνανίσέη
981 3921 1014 3981 in
1034 3939 1096 3983 uno
1115 3923 1163 3983 cst
1183 3917 1223 3995 F;
1245 3913 1278 3990 ής
1299 3917 1382 3984 male
1402 3920 1429 3983 V
1437 3943 1445 4001 ;
1468 3924 1501 3993 *ς
1525 3923 1580 4003 X¹,
1601 3933 1631 3991 et
1651 3947 1724 3992 arn.
1739 3928 1775 3993 2⁸

592 4023 652 4099 σίος
682 4032 789 4113 aperta
820 4029 1015 4103 coniectura;
1047 4025 1130 4090 unde
1160 4022 1344 4111 colligimus
1370 4030 1404 4092 in
1435 4035 1598 4097 communi
1629 4038 1775 4101 omnium

592 4134 766 4221 archetypo
785 4133 928 4198 vocalem
948 4133 1012 4198 fere
1032 4134 1210 4197 evanuisse.
1231 4131 1417 4219 Requiritur
1437 4137 1454 4220 ᾖ
1474 4137 1535 4201 43:
1556 4136 1633 4203 ὥστε
1653 4141 1775 4213 δικαίας

592 4242 649 4317 μὲν
681 4242 953 4318 ἀναμφισβήτητα
986 4241 1146 4315 τάριστεῖα
1178 4246 1231 4312 τής
1257 4241 1440 4320 ναυμαχίας
1465 4241 1588 4322 ἔλαβον,
1613 4253 1707 4333 atque
1730 4252 1776 4312 ita

591 4348 616 4413 F
624 4368 632 4422 ;
657 4368 755 4432 prava
777 4347 940 4432 parechesi
964 4344 1118 4410 dederunt
1141 4345 1434 4423 ἀναμφισβητήτως
1457 4348 1525 4414 VX.
1551 4349 1701 4437 Sequenti
1725 4373 1776 4437 pa

592 4455 750 4540 ragrapho
772 4452 798 4518 F
808 4474 814 4518 :
840 4462 879 4533 τῇ
903 4453 965 4535 ι’ἐίρι
988 4453 1079 4530 ἀρετή
1105 4454 1201 4524 κοινήν
1223 4452 1277 4521 τήν
1301 4453 1470 4530 ἐλευθερίαν
1493 4456 1559 4520 καί
1584 4467 1646 4529 τοῖς
1668 4458 1774 4533 ἀλλοις

591 4562 769 4642 ἐκτήσαντο,
790 4563 822 4624 in
842 4560 901 4623 VX
923 4560 973 4622 καί
996 4558 1091 4623 deest.
1117 4557 1239 4654 lbidem
1251 4559 1517 4648 διατειχιζόντων,
1531 4566 1613 4649 quod
1627 4567 1776 4651 praebent

590 4667 654 4749 lav,
687 4666 802 4732 collato
833 4667 971 4732 Isocrate
1001 4664 1043 4729 IV
1074 4663 1158 4749 §93
1189 4666 1399 4732 verisimilius
1430 4676 1477 4734 est
1509 4692 1605 4755 quem
1638 4672 1776 4757 simplex

590 4780 628 4838 ut
661 4775 764 4836 estin
786 4772 828 4846 X,
856 4772 1062 4859 probantibus
1085 4777 1191 4834 tamen
1215 4770 1361 4839 Scheibio
1385 4780 1417 4839 et
1439 4775 1661 4844 Herwerdeno.
1683 4777 1777 4844 Simi-

590 4879 666 4943 liter
688 4882 720 4943 et
743 4880 809 4962 ipse
832 4884 869 4942 ut
893 4877 1115 4943 Thalheimius
1138 4876 1345 4961 praetulerim
1367 4883 1385 4964 ᾖ
1410 4883 1451 4945 54
1475 4883 1543 4947 καθ’
1566 4881 1694 4949 ἕκαστον
1718 4887 1775 4962 μὲν

593 4981 658 5049 οὖν
689 4985 726 5047 οὗ
757 4983 854 5067 ρ’ρὶδιον
885 5005 924 5049 ex
954 4983 1017 5062 FV,
1048 4980 1097 5050 οὖν
1127 4985 1250 5048 omittit
1281 4985 1322 5062 X,
1351 5009 1446 5072 quem
1469 5011 1553 5056 nnnc
1577 5013 1702 5077 quoque
1724 5013 1784 5058 erc·
