5125 6150
1209 846 1353 894 rsorrus.
1810 831 1872 897 101

671 1036 806 1081 marum
837 1015 1173 1098 querimoniarumque
1197 1012 1274 1075 facit
1298 1013 1453 1075 iacturam
1465 1031 1474 1088 ;
1499 1010 1537 1075 de
1562 1008 1745 1077 Germanioi
1770 1017 1873 1077 matre

673 1121 739 1185 sibi
762 1141 829 1185 esse
854 1118 1026 1183 tacendum
1050 1138 1124 1181 cum
1148 1137 1267 1201 magno
1291 1118 1435 1202 agnoscit
1460 1115 1578 1181 dolore.

722 1227 828 1310 Atque
859 1225 935 1289 haec
967 1223 1097 1309 quidem
1129 1225 1213 1286 inter
1236 1243 1336 1287 novos
1361 1228 1547 1307 veteresque
1570 1222 1738 1286 historicos
1761 1221 1875 1287 discre-

673 1334 786 1417 pantia
809 1351 871 1394 non
892 1332 1003 1394 statim
1023 1330 1073 1392 his
1094 1330 1174 1393 vitio
1194 1327 1296 1391 danda
1318 1334 1383 1406 est;
1405 1335 1438 1391 at
1458 1330 1542 1411 parit
1562 1331 1642 1392 vitia
1663 1349 1761 1411 eaque
1780 1349 1873 1413 saepe

675 1436 853 1502 admodum
876 1438 1000 1520 gravia.
1025 1435 1087 1512 Qui
1110 1436 1196 1497 enim
1216 1454 1405 1517 quocunque
1430 1434 1524 1497 modo
1546 1432 1727 1520 legentium
1750 1436 1873 1498 animos

675 1562 880 1607 commorere
904 1539 1029 1614 studet,
1054 1541 1081 1602 is
1104 1559 1196 1623 saepe
1220 1559 1320 1623 aequo
1344 1541 1484 1623 paratior
1507 1545 1555 1603 est
1573 1538 1612 1604 ad
1631 1560 1699 1603 rem
1718 1538 1871 1624 aliquam,

675 1668 757 1733 quae
793 1648 868 1711 huic
905 1646 1068 1730 proposito
1099 1645 1272 1721 inserviat,
1309 1645 1532 1730 arripiendam.
1569 1646 1763 1711 Praesertim
1796 1666 1870 1709 cum

673 1752 797 1838 aliquid
821 1754 948 1816 invenit
971 1749 1056 1835 quod
1080 1750 1123 1812 sit
1145 1748 1269 1825 dirum,
1293 1749 1504 1823 horrendum,
1526 1750 1703 1826 nefarium,
1724 1750 1758 1813 id
1778 1771 1874 1835 quan·

676 1861 780 1924 tocius
799 1860 832 1922 in
853 1879 949 1921 usum
972 1876 1068 1920 sunm
1093 1858 1269 1932 convertit,
1294 1854 1379 1919 baud
1403 1857 1568 1941 inquirens
1592 1858 1674 1920 sitne
1697 1856 1873 1921 verisimile

676 1970 709 2030 et
741 1963 940 2026 traditnmne
972 1964 1016 2025 sit
1046 1981 1065 2024 a
1095 1961 1178 2024 bono
1211 1965 1349 2024 auctore.
1383 1959 1533 2025 Taciturn
1556 1967 1640 2025 certe
1663 1961 1748 2026 haud
1773 1961 1873 2026 semel

673 2071 795 2134 atrocia
818 2070 866 2133 ita
888 2073 1071 2131 narrantem
1097 2065 1364 2150 deprehendimus
1385 2072 1423 2131 ut
1447 2087 1510 2131 non
1535 2066 1662 2132 difficile
1685 2070 1727 2131 sit
1747 2067 1871 2132 demon·

673 2183 775 2239 strare
799 2195 855 2238 cur
877 2172 935 2238 illa
959 2171 1013 2237 rel
1038 2174 1168 2237 omnino
1191 2171 1260 2236 fieri
1283 2194 1346 2236 non
1372 2175 1533 2256 potuerint
1556 2172 1609 2238 rel
1632 2180 1717 2238 certe
1740 2195 1803 2238 non
1828 2175 1873 2237 sic

673 2286 712 2344 nt
736 2279 867 2343 tradidit
891 2279 1074 2342 historicus.
1099 2276 1172 2341 Non
1191 2284 1239 2342 est
1258 2277 1347 2343 eliud
1367 2277 1553 2362 exemplum
1574 2281 1753 2363 insignius,
1775 2299 1872 2363 qnam

676 2384 763 2470 quod
794 2386 877 2448 Ann.
909 2384 945 2447 L.
970 2382 1046 2447 XIV
1071 2405 1115 2448 cc.
1141 2382 1247 2468 3sqq.
1279 2385 1455 2461 invenitur,
1489 2384 1544 2448 uhi
1576 2383 1723 2460 Tacitus,
1755 2385 1871 2468 quibus

677 2489 783 2554 modis
806 2496 943 2554 matrem
967 2488 1106 2554 occidere
1129 2496 1261 2554 conatus
1284 2492 1326 2553 sit
1349 2490 1450 2566 Nero,
1475 2493 1592 2554 narrat.

723 2596 872 2659 Primum
895 2596 1047 2660 audimus
1071 2595 1109 2659 de
1131 2615 1211 2658 nave
1234 2597 1281 2659 ita
1305 2597 1481 2678 composita
1504 2601 1541 2659 nt
1565 2615 1639 2680 pars
1663 2598 1733 2659 eius
1756 2599 1869 2679 sponte

675 2700 760 2766 solvi
784 2708 907 2786 posset;
933 2703 980 2766 ita
1000 2703 1034 2763 in
1054 2720 1142 2764 mare
1163 2701 1342 2785 Agrippina
1362 2700 1530 2765 decideret.
1551 2701 1681 2765 Novum
1701 2699 1871 2766 consilium

675 2807 733 2872 sed
762 2809 896 2871 minime
927 2805 1129 2870 incredibile:
1159 2808 1292 2869 mentiri
1323 2806 1409 2869 enim
1441 2805 1525 2870 Nero
1550 2813 1676 2891 poterat
1699 2827 1814 2872 navem
1837 2810 1872 2871 in

676 2912 847 2997 scopulum
888 2911 1028 2997 aliquem
1062 2910 1216 2976 latentem
1251 2911 1401 2976 incidisse
1436 2918 1468 2976 et
1502 2914 1546 2976 sic
1581 2933 1720 2978 mersam
1753 2933 1820 2977 esse
1837 2911 1870 2991 ¹).

675 3019 846 3083 Praeterea
875 3017 915 3082 ad
942 3037 1014 3082 eam
1044 3037 1111 3081 rem
1142 3039 1201 3080 non
1224 3016 1300 3099 plue
1323 3039 1380 3080 ono
1405 3023 1472 3083 erat
1495 3039 1575 3103 opus
1598 3021 1732 3085 conscio.
1765 3018 1870 3083 Unam
1933 3014 1935 3019 ⁴

675 3129 805 3189 tantum
836 3125 914 3188 haec
945 3126 1084 3187 narratio
1118 3121 1300 3188 molestiam
1332 3124 1444 3201 habet,
1478 3125 1531 3189 sed
1556 3125 1636 3191 hanc
1659 3146 1735 3211 prae
1757 3128 1871 3190 ceteris

673 3229 780 3294 multo
799 3231 1003 3315 gravioribus
1022 3249 1101 3313 quas
1120 3230 1272 3315 praebent
1292 3232 1457 3314 sequentia
1468 3231 1633 3318 negligere
1644 3231 1734 3310 licet,
1755 3252 1870 3317 nempe

674 3335 760 3420 quod
792 3334 875 3399 Nero
907 3334 1000 3419 plane
1031 3332 1150 3399 oblitus
1180 3334 1315 3421 tingitur
1345 3357 1443 3422 quam
1474 3337 1572 3402 fuerit
1603 3337 1734 3402 natandi
1763 3340 1868 3424 perita

675 3448 790 3505 mater.

722 3549 766 3610 At
798 3546 917 3610 accedit
947 3546 1023 3610 huic
1055 3547 1220 3612 machinae
1243 3568 1369 3612 camera
1392 3547 1502 3613 eodem
1525 3553 1647 3613 structa
1670 3548 1782 3626 modo,
1807 3569 1869 3634 quo

673 3654 891 3716 instrumenta
913 3653 1030 3735 quibus
1054 3674 1138 3717 nunc
1161 3653 1199 3717 ad
1223 3651 1326 3739 talpas
1349 3654 1516 3738 capiendas
1538 3658 1677 3718 utuntur
1699 3654 1868 3740 agricolae.

722 3756 785 3821 Ubi
812 3764 924 3821 neuter
948 3756 1040 3821 dolus
1065 3758 1223 3835 succedit,
1246 3762 1386 3844 remiges
1411 3758 1574 3835 „inlatus
1597 3759 1750 3825 inclinare
1773 3766 1868 3845 atque

673 3866 721 3928 ita
743 3883 858 3927 navem
883 3864 1112 3950 submergere''
1138 3872 1303 3930 conantur.
1335 3864 1474 3943 Quaeso,
1498 3866 1551 3930 hic
1574 3871 1705 3931 conatus
1727 3870 1754 3931 si
1777 3888 1870 3932 eren·

675 3978 747 4032 tum
771 3967 954 4045 habuisset,
979 3968 1057 4054 qnid
1080 3971 1158 4054 ipsis
1178 3976 1261 4035 esset
1278 3969 1401 4034 factum
1421 3967 1621 4055 remigibus?
1639 3970 1700 4036 sed
1719 3971 1786 4036 illis
1805 3994 1868 4037 non

674 4079 724 4139 est
748 4076 803 4149 „in
825 4094 896 4137 rem
919 4074 1062 4138 subitam
1085 4074 1278 4140 consensus''
1304 4081 1336 4139 et
1360 4074 1459 4152 „alii”
1483 4078 1627 4162 (quinam
1651 4081 1727 4139 sunt
1743 4075 1794 4140 illi
1813 4078 1870 4161 qni

672 4200 758 4243 nnnc
793 4180 972 4265 remigibus
1007 4177 1233 4262 opponantur-l)
1269 4184 1379 4246 contra
1414 4181 1559 4246 tendunt.
1599 4179 1653 4246 sie
1687 4181 1866 4266 Agrippina

672 4287 908 4369 Acerroniaque
942 4284 1058 4350 leniori
1093 4307 1167 4351 casu
1202 4288 1235 4350 in
1271 4307 1359 4351 mare
1389 4285 1550 4352 decidunt.
1585 4286 1690 4364 Haec,
1722 4307 1803 4369 quae
1834 4307 1868 4351 se

674 4392 889 4475 Agrippinam
920 4411 988 4455 esse
1019 4390 1167 4470 simulat,
1200 4393 1368 4471 omnibus,
1399 4412 1482 4477 quae
1505 4392 1569 4456 sors
1593 4389 1768 4468 obtulerat,
1793 4390 1867 4456 telis

674 4493 852 4559 conficitur.
887 4495 975 4581 Ergo
1006 4497 1117 4559 conscii
1148 4504 1217 4560 eunt
1232 4498 1310 4582 scre
1333 4519 1443 4573 omncs,
1469 4517 1548 4583 quos
1571 4498 1662 4561 navis
1685 4495 1742 4561 illa
1766 4496 1865 4561 vehit.

673 4600 758 4678 Quid
790 4620 865 4665 vero
889 4604 916 4664 si
938 4604 1043 4686 ipsam
1067 4604 1280 4688 Agrippinam
1304 4605 1350 4667 sic
1373 4607 1489 4668 nautae
1511 4602 1759 4678 interfecissent,
1784 4622 1864 4679 non,

679 4767 877 4776 ...·-—-——-

708 4875 736 4936 1)
760 4872 829 4930 Hoc,
851 4872 924 4920 etiam
946 4872 966 4920 si
990 4887 1055 4920 mare
1078 4872 1160 4921 tuimet
1174 4871 1360 4936 placidissimam
1378 4874 1472 4936 poterat
1491 4871 1561 4936 dagh
1578 4873 1641 4936 qnod
1659 4888 1703 4923 cur
1718 4876 1789 4939 neget
1806 4873 1866 4923 Fur·

673 4969 750 5003 neanx
769 4954 953 5017 haudquaquam
970 4953 1089 5018 intelligo.
