5125 6150
1133 777 1299 827 cucrnvus.
1761 754 1801 821 ll

666 944 684 1027 §
704 942 766 1007 25:
791 943 853 1019 tre
876 943 933 1019 μέν
957 942 990 1006 ού
1012 941 1173 1019 παριίμιρν·
1199 941 1374 1020 έτύγχανον
1395 940 1457 1018 γὰρ
1477 940 1507 1004 έν
1527 940 1569 1019 τῷ
1592 937 1805 1017 συμποσίῳ

617 1048 817 1126 κοιμώμενος.
842 1045 902 1112 vix
925 1046 1130 1133 intelligitur,
1155 1047 1251 1112 verba
1270 1045 1408 1112 Mehleri
1427 1051 1517 1123 sunt,
1539 1048 1594 1130 qui
1613 1044 1681 1110 fieri
1700 1048 1809 1130 potue·

617 1156 679 1229 rit,
712 1159 750 1218 ut
772 1156 805 1218 in
830 1155 993 1218 conatione
1016 1152 1244 1217 obdormiverit
1268 1157 1300 1216 et
1322 1159 1360 1215 ut
1383 1150 1595 1217 dormientem
1619 1153 1653 1214 in
1676 1171 1711 1215 ee
1735 1147 1808 1214 reli-

616 1261 748 1343 querint
770 1261 938 1324 convivae:
963 1279 1026 1323 nox
1050 1264 1117 1322 erat
1140 1264 1172 1322 et
1194 1257 1269 1322 fecit
1289 1256 1372 1341 quod
1392 1256 1508 1341 reliqui
1528 1277 1653 1332 omnes,
1674 1256 1807 1321 dormie-

615 1364 675 1428 bat
696 1367 731 1428 in
755 1385 813 1429 suo
836 1363 918 1429 lecto
943 1366 1116 1439 nimirum,
1142 1368 1178 1425 ut
1202 1361 1368 1428 Menelaus
1393 1365 1448 1447 qui
1469 1362 1534 1442 περί
1555 1361 1589 1425 τδ
1611 1348 1806 1437 μεσονύκτιον

615 1469 777 1549 ἀνέγρετο.
808 1469 893 1534 Fieri
924 1475 1028 1555 potest
1058 1477 1095 1532 ut
1125 1474 1209 1532 reete
1231 1454 1396 1532 Mellerus
1420 1468 1537 1533 viderit
1561 1470 1686 1552 sintque
1711 1466 1806 1531 verba

614 1576 648 1639 ἐν
681 1579 724 1656 τῷ
755 1574 914 1654 συμποσίῳ
946 1595 1111 1661 perperam
1142 1577 1277 1658 repetita
1300 1595 1337 1638 ex
1361 1577 1504 1659 proxime
1527 1572 1802 1659 praecedentibue;

614 1683 702 1746 mihi
732 1688 839 1748 tamen
870 1688 946 1747 tunc
973 1680 1093 1767 placuit
1116 1685 1148 1744 et
1171 1702 1255 1745 nunc
1279 1701 1404 1765 quoque
1427 1679 1548 1765 placet:
1572 1681 1602 1744 έν
1627 1680 1668 1757 τῷ
1694 1701 1805 1754 σκιμ-

615 1788 751 1867 ποδίιρ.
775 1785 823 1854 Of.
842 1787 1045 1873 Philopseud.
1070 1785 1126 1849 ll:
1147 1787 1197 1850 τδν
1216 1786 1321 1850 Μίδαν
1340 1787 1474 1864 έυρῶμεν
1493 1785 1586 1851 αύτδν
1605 1786 1655 1850 έπί
1676 1783 1806 1859 σκίμπο-

615 1894 667 1964 δος
688 1893 747 1958 ὑπὸ
768 1900 826 1957 τῶν
846 1893 1014 1969 ὁμοδούλων
1034 1888 1316 1972 προσκομιζόμενον.
1341 1891 1448 1956 Etiam
1470 1889 1605 1968 Gellius,
1626 1892 1717 1956 Noct.
1738 1892 1806 1955 Ao.

617 1999 711 2064 XIX.
746 1998 798 2075 10,
834 1999 962 2064 offendit
996 1997 1165 2083 aliquando
1200 1998 1391 2062 Frontonem
1427 2019 1536 2063 meum
1571 1998 1740 2061 cubantem
1770 1999 1804 2059 in

615 2103 795 2190 scimpodio
815 2102 1008 2170 Graeciensi.
1029 2103 1117 2168 ldem
1138 2106 1258 2168 vitium
1277 2106 1412 2168 recurrit
1431 2103 1513 2168 Dial.
1535 2103 1664 2167 Meretr.
1684 2101 1752 2166 XV.
1770 2102 1804 2166 1:

614 2210 671 2274 πδν
703 2211 815 2287 Γόργον
846 2209 908 2273 ιίπδ
940 2211 992 2274 τοῦ
1024 2211 1253 2286 συμποσίου
1285 2209 1499 2279 saracenicae
1524 2214 1580 2272 τῶν
1603 2213 1724 2287 τριχῶν,
1749 2207 1805 2270 ubi

615 2317 750 2380 omuino
766 2314 954 2400 legendum:
972 2314 1034 2378 οίπδ
1052 2319 1105 2378 τοῦ
1124 2315 1377 2391 σκιμποδίου.
1396 2313 1443 2382 Of.
1458 2314 1540 2379 Dial.
1553 2314 1684 2379 Meretr.
1697 2312 1753 2377 Ill.
1769 2312 1804 2376 1:

615 2420 670 2485 έπί
696 2424 750 2485 τοῦ
774 2421 903 2494 πλησίον
926 2419 1092 2495 σκίμποδος
1116 2419 1275 2485 κατέκεισο
1301 2420 1417 2503 ᾅδουσα
1441 2421 1493 2485 καί
1518 2424 1658 2484 λυποῦσα
1683 2419 1802 2482 ἐκεῖνον.

616 2526 712 2591 Ebrii
731 2532 857 2591 tantum
878 2527 908 2590 έν
926 2529 968 2607 τῷ
988 2526 1146 2606 συμποσίῳ
1168 2529 1350 2612 quiescunt,
1371 2527 1409 2592 cf.
1432 2526 1523 2592 Deor.
1544 2524 1627 2590 Dial.
1648 2523 1803 2589 xxiiia

617 2639 653 2697 et
676 2632 795 2718 Navig.
823 2631 874 2696 13.
1056 2634 1058 2638 '

1045 2816 1191 2879 δοοααοιιιιι
1213 2839 1237 2878 ο.
1266 2815 1339 2877 Gall
1375 2865 1381 2879 .

664 2966 734 3050 §L
767 2964 880 3031 Gallus
908 2965 1103 3052 gallinaceus
1127 2967 1184 3042 ἐφ’
1209 2966 1337 3044 ἑσπέρας
1364 2966 1450 3038 εύύύς
1474 2964 1551 3046 ᾖδεν.
1582 2966 1804 3031 Necessarium

616 3071 719 3138 duco:
751 3073 818 3151 ἀφ’
841 3073 982 3151 ἑσπέρας.
1019 3072 1143 3138 Pariter
1167 3067 1250 3158 apud
1274 3073 1522 3159 Aristophanem
1545 3072 1637 3158 Vesp.
1665 3072 1746 3138 100:
1772 3066 1802 3145 δι

616 3175 664 3258 ᾖδ’
697 3178 757 3258 ἐφ’
789 3178 937 3257 έσπέραι,
970 3178 1179 3245 Leeuveuius
1210 3182 1333 3266 primus
1358 3178 1519 3245 intellexit
1542 3201 1656 3245 verum
1678 3179 1710 3243 id
1735 3201 1802 3245 esse

615 3283 703 3370 quod
726 3287 761 3347 in
785 3282 862 3351 Ood.
886 3285 966 3350 Rev.
991 3293 1022 3349 et
1042 3286 1117 3350 Ven.
1139 3289 1315 3351 invenitur:
1338 3288 1403 3365 eo·
1425 3287 1571 3365 έσπέρας,
1593 3287 1624 3349 h.
1645 3308 1671 3351 e.
1692 3289 1803 3351 statim

614 3398 691 3477 post
714 3390 789 3456 solis
812 3412 966 3457 occasum.

664 3595 740 3681 §l:
776 3599 827 3659 νῦν
857 3595 920 3674 χιίρ
949 3616 1001 3670 μοι
1033 3571 1211 3674 προίγματα
1245 3595 1387 3677 παρέξεις
1422 3597 1667 3673 μεταπηδῶν
1699 3598 1729 3659 ἐν
1760 3600 1801 3675 τῷ

615 3702 729 3781 σκίτιρ.
767 3701 844 3766 Uter
873 3700 1100 3767 verosimiliter
1130 3702 1405 3780 μεταπηδέσεται,
1436 3703 1542 3789 gallus
1572 3725 1608 3767 en
1639 3702 1803 3790 Micylusl

616 3808 653 3873 Si
676 3806 805 3893 gellus,
829 3814 912 3873 reete
937 3828 969 3871 se
994 3807 1088 3872 hebet
1111 3808 1307 3886 μεταπηδῶν,
1333 3812 1511 3874 sinautem
1536 3809 1694 3897 Micylus,
1720 3811 1804 3896 quod

616 3913 768 3999 equidem
796 3911 898 3989 melo,
930 3917 1140 3977 necessarium
1173 3918 1233 3979 erit
1256 3916 1426 3979 rescribere
1449 3915 1702 3991 μεταπηδᾶν.
1735 3916 1805 3995 Quo

616 4041 715 4085 sensu
746 4018 927 4097 πριίγμοιτα
959 4018 1109 4099 παρέχειν
1141 4041 1214 4084 cum
1246 4020 1405 4086 infinitivo
1429 4027 1639 4098 construetur,
1666 4020 1806 4088 Oobetus

616 4122 760 4191 ostendit
784 4124 894 4188 dinem.
923 4122 1010 4190 1857
1034 4147 1065 4210 p.
1087 4123 1162 4190 300.
1187 4125 1222 4189 ln
1245 4125 1356 4211 Vespis
1382 4126 1446 4192 312
1471 4137 1534 4193 est:
1559 4127 1594 4192 ίν’
1616 4129 1680 4202 έμοί
1707 4125 1807 4204 προέγ-

614 4255 711 4309 μυτα
732 4228 855 4307 βόσκειν
878 4229 1033 4310 παρέχρε,
1051 4252 1147 4316 quern
1170 4230 1277 4296 locum
1301 4231 1483 4299 felicissime
1506 4233 1669 4319 expedivit
1690 4238 1726 4295 ut
1746 4231 1809 4297 sibi

613 4342 687 4423 ipse
712 4335 895 4422 plauderet,
920 4339 1017 4401 sicuti
1041 4344 1170 4422 apparet
1195 4338 1301 4424 l'roef.
1326 4339 1404 4402 Noc.
1429 4341 1509 4403 dect.
1535 4362 1564 4424 p.
1591 4356 1657 4402 xm.
1684 4337 1806 4403 Eodem

616 4442 716 4509 modo
745 4449 794 4507 est
816 4445 850 4506 in
873 4442 954 4507 Xen.
981 4441 1098 4530 Cyrop.
1124 4443 1176 4508 IV.
1202 4444 1232 4507 4.
1247 4444 1307 4509 46:
1336 4443 1515 4524 πράγματα
1540 4442 1717 4524 παρέξουσιν
1743 4446 1807 4510 έπι-

614 4551 787 4628 μέλεσθαι,
812 4548 912 4614 Aneb.
937 4547 995 4613 lll.
1017 4548 1047 4613 2.
1063 4548 1123 4615 27:
1144 4549 1237 4630 ὄχλον
1257 4550 1442 4631 παρέχουσιν
1462 4551 1563 4628 οίγειν,
1582 4550 1664 4616 Plat.
1685 4551 1802 4616 Phaed.

535 4729 539 4742 Ι
614 4681 647 4745 p.
676 4656 799 4722 lton:
824 4655 1006 4735 πράγματα
1029 4664 1098 4727 ταῖς
1124 4655 1246 4732 γυναιξί
1271 4658 1420 4738 παρέχειν
1444 4657 1541 4736 νεκρδν
1564 4660 1672 4734 λούειν,
1702 4678 1803 4742 neque

613 4766 669 4830 hic
694 4783 773 4827 usus
795 4762 889 4827 hodie
913 4762 1065 4828 obscurus
1090 4769 1146 4827 est.
1172 4764 1368 4838 Μεταπιιδῖιν
1393 4771 1500 4829 eutem
1525 4769 1714 4849 usurpatum
1739 4770 1804 4839 est,

615 4868 892 4958 quemadmodum
911 4868 1127 4948 μετατρέχειν,
1147 4869 1305 4946 μετιέναι,
1326 4871 1586 4949 μεταπέμπεσθαι
1608 4874 1640 4934 et
1657 4873 1690 4933 in
1708 4873 1807 4935 omni-
