5125 6150
1011 821 1186 877 ΝΑΡΔΟΣ
1212 820 1399 877 ΠΙΣΤῙΚΗ.

654 1008 754 1078 Δημ.
788 996 885 1077 σοφθς
908 998 941 1074 γ’
966 996 980 1060 θ
1006 993 1128 1072 Φαίαξ,
1153 993 1254 1072 δεξιῶς
1279 997 1309 1058 τ’
1332 997 1385 1060 οὐκ
1409 995 1571 1060 οξπθθανεν.

787 1104 1018 1182 ξυνερτικὸς
1044 1101 1108 1180 γάρ
1132 1103 1176 1169 ἔτι
1202 1101 1252 1165 καὶ
1278 1102 1522 1179 περαντικθς

789 1212 840 1274 καὶ
867 1208 1180 1287 γνωμοτυπικὸς
1206 1207 1256 1272 καὶ
1282 1210 1388 1285 σαφὴς
1415 1208 1466 1271 καὶ
1490 1207 1699 1288 κρουςικθς

788 1315 1103 1387 καταληπτικός
1128 1320 1157 1378 τ’
1181 1312 1272 1395 apsa
1299 1319 1352 1379 τοῦ
1377 1313 1655 1391 θορυβητικοῦ.
1724 1346 1727 1351 ·

651 1427 757 1488 Ἀλλ.
783 1422 887 1487 οὔκουν
911 1418 1276 1490 καταδακτυλικὸς
1301 1419 1339 1484 σὺ
1363 1424 1416 1484 τοῦ
1442 1425 1688 1500 λαλητικοῦ;

606 1538 806 1593 nlcrlrfflc
838 1549 878 1592 an
910 1534 1138 1591 nrrcrrrfflc
1172 1527 1339 1604 scribatur,
1374 1528 1408 1590 in
1438 1532 1545 1591 vetere
1576 1526 1681 1592 codice
1715 1525 1797 1591 nihil

604 1638 738 1700 interest
771 1637 881 1719 itaque
917 1632 1101 1719 corrigendo
1134 1640 1387 1697 cssEICTIKHc
1417 1632 1502 1695 nihil
1533 1631 1642 1696 addidi
1672 1638 1798 1718 praeter

605 1739 812 1805 dimidiatum
838 1738 1005 1804 circulum.
1031 1737 1246 1802 Vetussimam
1271 1735 1485 1822 corruptelam
1509 1758 1577 1802 esse
1601 1737 1691 1803 vides
1715 1759 1795 1823 quae

604 1866 644 1910 ex
668 1844 768 1909 altero
792 1843 970 1929 Evangelio
994 1842 1089 1906 fluxit
1111 1846 1144 1907 in
1169 1841 1319 1907 alterum.

651 2011 757 2095 Atque
787 2012 833 2073 sic
862 2010 1128 2094 quinquagesimo
1150 2007 1381 2094 Mnemosyncs
1404 2029 1485 2073 anuo
1508 2007 1645 2074 feliciter
1668 2015 1796 2087 exacto,

606 2122 758 2195 προσκυνῶ
784 2114 924 2179 Matrem
948 2135 1022 2178 cum
1043 2135 1161 2180 novem
1184 2112 1322 2177 filiabus.

758 2370 955 2417 susumus
978 2367 1184 2415 musrorsms
1207 2350 1273 2430 περὶ
1301 2349 1462 2430 ἑρμηνείας
1486 2368 1513 2415 o.
1538 2368 1561 2415 x
1584 2350 1645 2435 §b

655 2490 765 2575 Nuper
788 2494 866 2567 (Aet.
891 2491 985 2552 Αοοιθ.
1011 2490 1084 2568 Ιθας.
1110 2487 1253 2567 ,Belpicoe
1272 2508 1300 2552 a.
1322 2486 1407 2551 1901
1428 2508 1459 2572 p.
1482 2486 1546 2551 349
1559 2496 1658 2573 seqq.)
1678 2489 1798 2553 Larssrr-

608 2597 682 2645 ruus
713 2578 908 2657 Canonicus,
940 2582 991 2643 vir
1023 2578 1225 2663 pereruditus
1254 2584 1288 2643 et
1317 2576 1498 2642 luculenter
1524 2575 1643 2643 Graece
1675 2582 1795 2655 sciens,

607 2669 756 2735 libellum
789 2672 826 2733 de
856 2669 1117 2751 Ircterpretota'one,
1149 2689 1262 2733 verum
1294 2669 1460 2746 κειμήλιον,
1492 2670 1519 2731 si
1549 2668 1664 2733 harum
1688 2690 1798 2734 rerum

606 2761 729 2826 iudices
760 2760 868 2836 audis,
901 2760 956 2824 sed
986 2767 1024 2824 ut
1047 2766 1151 2823 cetera
1173 2757 1358 2823 Aristotelis
1381 2779 1475 2843 opera
1498 2761 1709 2824 acroamatica
1731 2766 1799 2825 tan-

607 2860 680 2915 tum
710 2872 772 2916 nen
805 2852 912 2914 omnia
935 2888 976 2899 —
1000 2854 1034 2914 in
1065 2849 1198 2933 quibus,
1223 2854 1259 2913 ut
1282 2848 1397 2913 festive
1421 2852 1466 2913 ait
1489 2848 1695 2934 Simplicius,
1720 2851 1799 2915 οὶσιὶ-

608 2951 702 3024 Φειαν
732 2942 915 3015 ἐπετήδευσε
939 2941 990 3005 δια
1013 2941 1132 3012 ταύτης
1155 2941 1226 3010 τοὺς
1249 2940 1466 3019 ῥαθυμοτέςονς
1491 2940 1729 3016 οὶποκςουθμενος
1753 2979 1797 2990 -

606 3032 739 3118 reliquis
756 3029 946 3098 mortalibus
965 3029 1131 3097 intellectu
1152 3028 1379 3107 difficiliorem,
1398 3029 1521 3097 adiecto
1533 3031 1798 3098 commentariolo

607 3127 717 3190 critico
747 3131 779 3189 et
809 3126 989 3209 exegetico,
1020 3121 1185 3207 eleganter
1215 3123 1314 3185 vertit
1345 3118 1479 3186 Gallice.
1510 3121 1601 3187 Idem
1627 3145 1716 3189 more
1739 3145 1796 3190 suo

606 3218 684 3281 satis
715 3215 902 3279 festinanter
932 3212 1010 3278 olim
1041 3213 1159 3277 fecerat
1188 3211 1412 3276 Bsarsisuuur
1435 3211 1689 3278 Saus-Hmsmr
1712 3237 1744 3280 v.
1769 3237 1796 3280 c.

605 3305 742 3381 Graece,
764 3312 802 3369 ut
821 3304 929 3369 videre
949 3310 1014 3381 est,
1035 3302 1239 3367 mediocriter
1259 3308 1387 3367 tantum
1408 3303 1529 3368 doctus.
1550 3303 1609 3368 Est
1622 3311 1730 3369 tamen
1742 3306 1799 3370 ubi

606 3394 814 3481 Barthtlemy
833 3397 974 3480 ingenio,
995 3414 1058 3478 quo
1074 3393 1202 3460 valebat
1214 3392 1404 3478 plurimum,
1418 3395 1618 3459 obscuratam
1631 3401 1798 3481 corruptae

606 3489 759 3553 orationis
783 3489 975 3550 sententiam
998 3486 1181 3549 acutissime
1206 3486 1412 3569 perspexerit.
1436 3484 1517 3549 Ecce
1539 3485 1744 3571 exemplum:

656 3599 682 3641 o.
707 3576 738 3640 X
767 3575 817 3660 §5
849 3577 909 3642 af.
934 3575 1035 3662 vulgo
1059 3574 1182 3640 editur:
1215 3575 1324 3649 θμοθοις
1350 3575 1380 3639 δὲ
1404 3572 1482 3652 ἕξει,
1507 3575 1565 3640 κᾶν
1590 3578 1719 3642 καθόλου
1742 3582 1795 3642 τοῦ

611 3665 798 3748 θνθματοςῖη
821 3669 837 3742 η
858 3667 1059 3748 κατάφασις·
1081 3660 1154 3743 oica·
1170 3668 1250 3736 ποῖς
1272 3665 1381 3730 ε’στιν
1401 3663 1600 3744 θνθουπος
1622 3667 1798 3739 tinctor·

612 3756 776 3836 οἱπθφασις
808 3758 934 3835 τούτου,
965 3759 1007 3822 οὐ
1039 3759 1117 3828 ποῖς
1147 3757 1258 3820 ε’στιν
1290 3754 1491 3834 ἄνθρωπος
1516 3756 1694 3831 δθκαιος·
1719 3763 1799 3831 τοῖς

612 3851 726 3915 ἐστιν
751 3847 953 3928 θνθρυπος
978 3850 1017 3912 οὐ
1041 3846 1217 3917 δίκαιος·
1241 3847 1280 3910 οὐ
1302 3849 1378 3916 πῖος
1399 3847 1511 3912 ἐστιν
1532 3845 1736 3927 ἅνθρωπος
1757 3853 1798 3916 οὐ

611 3940 780 4011 δθκαιος.
802 3942 882 4015 πλην
903 3939 963 4019 οὐχ
987 3938 1096 4014 θμοθυς
1118 3937 1177 4008 τὰς
1200 3937 1288 4000 κατὰ
1306 3936 1467 4018 διάμετρον
1487 3937 1647 4018 ἐνδέχεται
1667 3955 1800 4016 συναλη-

611 4030 723 4096 θεθειν·
746 4029 905 4108 ἐνδέχεται
926 4029 958 4094 δὲ
970 4028 1056 4093 ποτέ.
1078 4023 1324 4102 adveterreto
1344 4026 1409 4093 δύο
1429 4027 1615 4096 θντθκεινται
1629 4032 1798 4105 οὶλληλαις.

657 4119 934 4199 „Baar111iuaur’',
958 4122 1064 4206 inquit
1087 4117 1294 4196 Lamianius,
1319 4119 1456 4185 traduit:
1478 4117 1560 4196 „Ges
1580 4121 1799 4188 enonciations

611 4219 683 4277 sont
712 4212 862 4297 opposdes
893 4229 978 4276 brux
1010 4233 1032 4275 s
1061 4210 1181 4288 uuux'’,
1211 4233 1242 4273 ce
1263 4210 1317 4296 qai
1338 4210 1473 4274 οοουθοιιθ
1496 4210 1556 4275 trba
1578 4211 1645 4275 dien
1667 4237 1708 4277 αιι
1731 4236 1798 4277 con-

608 4310 704 4376 tecto,
736 4305 818 4367 mais
847 4322 887 4366 ne
911 4301 988 4366 rend
1011 4323 1068 4386 pas
1091 4307 1291 4366 exactement
1312 4300 1342 4366 le
1366 4308 1453 4366 texte
1474 4300 1658 4379 lui-meme;
1684 4302 1735 4369 δύο
1759 4325 1798 4369 ne

608 4391 773 4480 signifiant
796 4413 852 4477 pas
876 4395 955 4456 deuo
977 4391 996 4453 ἲο
1020 4394 1107 4456 dece.
1132 4391 1221 4456 Nous
1243 4392 1405 4477 prdferona
1428 4391 1507 4456 donc
1530 4391 1561 4456 la
1585 4391 1675 4478 lacon
1702 4389 1797 4456 αὗται

607 4487 665 4561 μὲν
685 4478 734 4547 οὖν
758 4484 825 4547 οὐκ
849 4485 1037 4548 αντικεινται
1059 4481 1237 4555 οὶλληλαις”
1252 4502 1388 4567 —quae
1408 4488 1515 4547 tamen
1536 4482 1631 4548 lectio
1651 4481 1796 4549 aOarolo

608 4575 748 4652 Weisio,
772 4575 835 4638 nisi
857 4572 962 4650 fallor,
986 4574 1166 4659 excogitata
1188 4571 1277 4637 nulla
1300 4574 1417 4637 nititur
1439 4576 1629 4637 auctoritate
1651 4572 1774 4638 idonea.

653 4665 697 4729 Et
717 4670 800 4729 recte
818 4664 951 4749 quidem
970 4663 1169 4740 Lamiuniua,
1190 4684 1247 4728 neo
1265 4668 1374 4726 tamen
1386 4660 1487 4728 falsus
1498 4669 1566 4728 erat
1577 4663 1795 4751 Barthblemy.

609 4756 660 4822 Tu
683 4776 811 4820 mecum
834 4777 892 4841 pro
918 4763 1004 4818 orN
1030 4755 1153 4836 corrige
1177 4761 1278 4818 crN:

655 4843 751 4912 αὗται
764 4848 820 4922 μὲν
834 4844 983 4912 ΟΤΝδνο
1004 4843 1161 4925 (σύνδυο
1180 4843 1279 4923 dinae)
1301 4843 1558 4908 ιθντθκεινται
1579 4846 1797 4920 ἀλλήλαις.

1605 4933 1630 5001 Ι.
1655 4933 1689 5003 G.
1714 4935 1752 5003 V.
