5125 6150
1095 805 1277 854 numanus.
1714 784 1778 851 113

589 989 704 1034 omues
734 968 911 1034 invocanda
941 968 989 1034 III
1013 967 1089 1047 437,
1113 969 1189 1035 VIII
1213 969 1265 1036 60.
1294 971 1415 1036 Neutro
1439 971 1507 1037 loco
1530 976 1637 1037 tamen
1660 971 1782 1036 dictum

589 1080 658 1140 erat
684 1096 777 1139 suem
801 1074 916 1140 Iunoni
939 1097 1006 1142 esse
1025 1076 1235 1143 mactandam.
1259 1076 1331 1143 Hoc
1350 1083 1478 1143 tantum
1496 1079 1621 1143 monuit
1640 1077 1783 1143 Helenus

589 1181 638 1247 111
664 1179 733 1247 437
744 1202 752 1245 :

731 1286 884 1364 „Iunonis
908 1309 1043 1375 magnae
1068 1292 1211 1374 primum
1234 1309 1326 1374 prece
1349 1310 1467 1354 numen
1491 1290 1595 1366 adora,

730 1393 846 1460 Iunoni
868 1416 944 1460 cane
967 1401 1043 1460 vota
1064 1394 1167 1460 libens
1191 1395 1418 1481 dominamque
1441 1402 1604 1484 potentem

731 1500 929 1587 supplicibus
952 1522 1067 1587 supera
1091 1501 1213 1566 donis’'.
1505 1550 1509 1559 .

635 1605 760 1670 lIsdem
783 1606 848 1672 fere
872 1609 978 1672 verbis
998 1610 1127 1672 monuit
1149 1606 1289 1696 Thybris
1313 1607 1398 1685 VIII,
1424 1607 1476 1674 60.
1559 1624 1565 1633 ·

635 1713 761 1777 Parum
789 1719 874 1778 recte
906 1716 1010 1800 igItur
1031 1717 1221 1800 interpretas
1244 1718 1336 1780 aiunt
1358 1737 1450 1781 suem
1474 1715 1587 1781 lunoni
1612 1716 1719 1782 deberi
1742 1738 1782 1780 er

589 1826 763 1906 praecepto
797 1819 924 1885 Heleni.
960 1820 1071 1905 Neque
1105 1827 1233 1906 poetam
1267 1822 1326 1886 hoc
1361 1825 1393 1886 in
1429 1828 1535 1888 mente
1566 1823 1714 1889 habuisse
1745 1844 1783 1888 en

590 1930 698 2013 ipsius
721 1927 828 1992 verbis
851 1933 982 2013 apparet
1005 1925 1080 1992 VIII
1104 1926 1165 1992 82:

734 2031 897 2110 „Candida
919 2054 976 2119 per
999 2031 1116 2097 silvam
1139 2053 1214 2098 cnm
1237 2033 1305 2098 fetu
1329 2032 1475 2099 concolor
1497 2033 1569 2100 albo

732 2139 902 2225 procubuit
925 2137 1084 2223 viridique
1107 2138 1258 2204 inlitora
1282 2141 1475 2226 conspicitur
1497 2160 1561 2204 sue.

733 2244 836 2324 Quam
858 2247 931 2332 piue
954 2246 1076 2310 Aeneas
1097 2246 1171 2324 (tibi
1194 2248 1299 2323 enlm,
1324 2246 1402 2323 tibi,
1427 2248 1568 2311 maxima
1591 2245 1684 2327 Iuno)

733 2358 852 2416 mactat
876 2371 963 2415 sacra
985 2349 1111 2415 ferens”

593 2458 628 2523 id
661 2461 726 2522 eet:
758 2457 837 2522 hanc
867 2461 976 2521 autem
1008 2458 1129 2522 Aeneas
1159 2462 1297 2533 mactat;
1328 2461 1456 2543 sponte,
1480 2456 1592 2522 lubens
1616 2458 1675 2523 hoc
1698 2458 1783 2524 facit.

593 2564 668 2629 Non
701 2569 769 2628 erat
798 2565 905 2627 iussus
931 2563 1053 2628 Aeneas
1083 2584 1173 2628 suem
1206 2568 1345 2628 mactare
1374 2562 1500 2639 lunoni,
1533 2562 1587 2628 sed
1607 2585 1680 2628 cum
1704 2562 1783 2629 Iuno

595 2671 691 2735 donis
713 2675 796 2735 esset
819 2668 981 2755 placanda,
1002 2690 1092 2734 suem
1112 2672 1142 2734 ei
1161 2670 1330 2746 mactabat,
1351 2672 1468 2756 quippe
1488 2672 1540 2735 cui
1559 2690 1631 2735 sues
1650 2673 1784 2736 mactari

595 2775 737 2842 solerent
760 2774 865 2857 (Ovio.
890 2776 963 2839 Am.
986 2774 1034 2839 111
1059 2774 1111 2853 13,
1135 2775 1186 2852 16,
1210 2776 1351 2841 Macrob.
1373 2774 1462 2853 115,
1484 2775 1549 2857 19).
1578 2777 1679 2843 Verba
1704 2798 1784 2863 quae

595 2888 673 2947 sunt
703 2881 759 2944 tibi
790 2881 883 2957 enim,
916 2881 988 2958 titi,
1019 2882 1147 2944 mammo
1178 2882 1255 2945 Iuno
1285 2902 1341 2968 per
1363 2883 1564 2968 parenthesin
1588 2883 1696 2948 addita
1718 2903 1785 2948 esse

594 2994 677 3074 puto
710 2992 743 3051 et
776 2985 993 3052 subaudienda
1027 2995 1092 3050 erat
1126 2989 1322 3051 mactandam.
1362 2987 1515 3053 Attendas
1549 2989 1646 3055 velim
1688 3011 1785 3077 quam

595 3096 709 3181 paucis
739 3094 844 3158 verbis
875 3100 967 3179 poeta
994 3093 1116 3158 factum
1143 3115 1210 3159 esse
1233 3101 1341 3159 narret
1364 3100 1425 3171 (vs.
1451 3093 1504 3173 84,
1530 3094 1587 3176 85)
1610 3097 1694 3182 quod
1717 3104 1784 3162 tam

597 3200 712 3266 multis
736 3205 803 3264 erat
826 3199 1041 3286 praedictum
1065 3200 1139 3266 inde
1162 3202 1303 3266 brevitas
1327 3208 1359 3266 et
1382 3202 1558 3267 obscuritas
1582 3209 1784 3269 excusantur.

645 3305 784 3371 Facilius
805 3308 997 3392 perspicitur
1019 3308 1069 3372 vis
1092 3305 1227 3372 causalis
1250 3306 1425 3393 particulae
1456 3329 1536 3392 quae
1567 3316 1615 3374 est
1644 3309 1719 3373 caim
1750 3331 1786 3376 eo

596 3414 666 3479 loco
680 3412 705 3494 ¹)
730 3416 785 3498 qui
808 3412 930 3500 legItur
954 3410 1071 3499 Georg.
1095 3412 1129 3478 ΙΙ
1153 3412 1240 3479 509:

814 3521 899 3585 hunc
922 3518 1054 3606 plausus
1077 3520 1221 3586 hiantem

738 3646 794 3711 per
815 3647 930 3691 cuneos
953 3629 1151 3713 (geminatus
1174 3628 1261 3691 enim
1285 3626 1450 3713 plebisque
1472 3635 1676 3714 patrumque)

739 3734 903 3818 corripuit.

648 3838 745 3904 Recte
775 3837 853 3903 Luc.
885 3837 1026 3903 Mueller
1054 3841 1089 3902 iu
1119 3838 1224 3904 Nonio
1256 3840 1295 3903 ab
1326 3841 1395 3925 ipso
1426 3840 1511 3906 edito
1534 3847 1577 3926 (ρ.
1604 3840 1669 3907 318
1693 3842 1738 3906 Μ.
1764 3841 1787 3907 l.

606 3943 660 4009 33.
685 3942 741 4023 34)
770 3943 866 4008 verba
893 3944 1062 4025 pectinatur
1093 3944 1169 4007 caim
1199 3946 1290 4008 uncis
1311 3944 1452 4020 inclusit,
1477 3952 1514 4011 ut
1536 3947 1730 4034 elgnificaret
1752 3969 1789 4013 ea

601 4072 660 4137 per
683 4049 884 4135 parenthesin
908 4069 975 4115 esse
999 4048 1144 4136 legenda.
1170 4049 1339 4129 Quaeritur
1362 4057 1489 4115 tantum
1510 4073 1548 4117 an
1569 4054 1666 4118 verba
1679 4054 1791 4135 plebic-

601 4180 658 4243 qae
669 4164 848 4241 patrataque
867 4177 941 4220 cum
957 4157 1124 4237 pemieatcc
1146 4156 1222 4220 caim
1242 4159 1308 4221 sint
1327 4159 1426 4222 artius
1450 4159 1679 4244 coniungenda,
1705 4156 1790 4243 quod

603 4262 756 4349 equidem
779 4282 901 4327 censeo.

651 4369 728 4433 Aen.
750 4366 793 4431 VI
817 4366 900 4434 317:
926 4367 1047 4432 Aeneas
1069 4370 1218 4439 (miratus
1241 4371 1327 4433 enirn
1350 4374 1520 4454 motusque
1543 4367 1700 4449 tumultu)

742 4473 834 4552 „dic”
859 4476 923 4549 ait,
950 4495 989 4551 „o
1014 4476 1126 4561 virgo,
1150 4475 1226 4561 quid
1251 4474 1318 4540 volt
1342 4496 1510 4541 concursus
1534 4473 1573 4539 ed
1596 4472 1745 4539 amnem?

600 4583 735 4649 Servius
767 4583 1014 4666 interpretatur:
1051 4582 1148 4658 „ordo
1179 4588 1244 4647 est:
1277 4582 1398 4647 Aeneas
1429 4585 1491 4659 ait,
1523 4580 1590 4660 dic,
1624 4603 1641 4647 ο
1677 4584 1787 4668 virgo:

605 4750 801 4760 —-————

640 4846 667 4906 l)
686 4841 739 4890 Vol.
758 4841 848 4890 xxvn
866 4857 888 4904 p.
909 4845 948 4898 34,
965 4841 1007 4889 obi
1024 4842 1053 4888 de
1071 4845 1147 4888 metro
1164 4839 1275 4902 egebam,
1293 4856 1340 4888 non
1357 4839 1452 4901 egebam
1468 4841 1496 4887 de
1510 4839 1793 4903 significatione,vulgari

604 4926 804 4990 interpretatione
820 4925 918 4984 dumus,
935 4924 995 4973 falso
1012 4924 1061 4971 dini
1078 4923 1273 4986 significationem
1291 4937 1340 4970 esse
1357 4926 1536 4971 asseverantem.
