5125 6150
812 1539 883 1627 AD
916 1541 1308 1632 ARISTOPHANIS
1338 1544 1572 1634 PLUTUM.

1130 1778 1254 1819 sostrsrr

912 1960 940 2026 J.
974 1959 1079 2024 VAN
1110 1960 1368 2027 LEEUWEN
1400 1962 1470 2027 dr.

952 2127 1192 2204 (Continuautur
1215 2151 1231 2189 e
1248 2150 1321 2208 paq.
1348 2127 1436 2207 360).

1113 2427 1271 2470 —0-0-0-

1161 2686 1217 2751 111.

642 2909 735 2973 Nune
763 2907 849 2972 locos
873 2904 994 2990 aliquot
1013 2905 1176 2983 indicabo,
1198 2906 1314 2991 quibus
1337 2910 1517 2973 coniectura
1533 2908 1679 2993 prodesse
1698 2930 1789 2994 posse

596 3037 651 3081 me
674 3036 775 3101 spero.

641 3121 693 3187 Vs.
722 3119 785 3184 115
799 3141 844 3204 sq.
878 3117 987 3181 Videor
1009 3118 1083 3181 mihi
1107 3156 1147 3166 -
1175 3116 1369 3205 Chremylus
1392 3118 1430 3184 ad
1454 3119 1587 3184 Plutum
1612 3123 1658 3185 sit
1682 3159 1723 3169 -

776 3228 898 3298 ταύτης
920 3222 1122 3302 ἀπαλλάξειν
1145 3248 1180 3288 σε
1203 3230 1259 3297 πῆς
1283 3225 1464 3304 ὀφθαλμίας

776 3330 901 3408 βλέψαι
925 3331 1074 3407 ποιήσας,

592 3460 674 3526 quae
709 3459 812 3523 nsque
848 3436 926 3501 olim
962 3435 1134 3500 lectoribus
1169 3434 1376 3521 placuerunt,
1404 3473 1445 3484 -
1469 3439 1503 3500 in
1537 3436 1668 3502 scholiis
1701 3442 1787 3504 enim

592 3546 754 3631 profertur
778 3542 872 3608 lectio
897 3540 1014 3618 altera,
1039 3541 1077 3606 de
1102 3563 1165 3627 qus
1187 3543 1320 3627 posthae
1342 3541 1435 3606 nobis
1458 3545 1519 3607 erit
1542 3543 1786 3628 disputandum,

591 3673 677 3716 nuuc
707 3671 811 3714 uuum
844 3648 931 3723 dieo,
963 3646 1068 3711 multo
1099 3669 1166 3712 esse
1197 3648 1386 3712 deteriorem
1412 3669 1507 3732 quam
1532 3647 1717 3737 vulgatam,
1744 3689 1785 3699 -

591 3777 694 3842 neque
715 3758 793 3820 setis
815 3754 962 3840 placuere
981 3753 1156 3819 Meinelrio.
1178 3753 1240 3818 Hie
1260 3756 1346 3819 euim
1367 3754 1465 3819 verbs
1478 3756 1620 3835 ,βλέψαι
1634 3758 1785 3829 neutra?

590 3862 682 3927 Pluti
706 3862 782 3926 fecit
806 3868 838 3925 et
861 3859 1080 3945 interrogandi
1103 3864 1196 3946 signo
1220 3860 1345 3926 elausit.
1371 3862 1414 3925 At
1433 3865 1479 3926 sie
1499 3864 1612 3927 misere
1632 3862 1787 3948 languent

592 3989 674 4052 quae
698 3973 891 4052 sequuntur:

1136 4072 1290 4147 μηδαμῶς
1314 4077 1398 4137 τοῦτ’
1423 4072 1549 4154 cleysieu.

773 4180 806 4244 οὐ
831 4178 987 4255 βούλομαι
1011 4179 1073 4254 γάρ
1098 4178 1194 4244 πάλιν
1219 4178 1415 4259 ἀναβλέψαι.
1686 4253 1688 4258 ,

590 4287 645 4351 Bis
671 4288 758 4351 euim
779 4285 864 4349 idem
883 4287 949 4349 ism
972 4283 1049 4348 dicit
1069 4284 1156 4350 deus.
1183 4284 1332 4351 Comicus
1353 4284 1474 4350 dedisse
1494 4287 1575 4350 mihi
1596 4287 1739 4352 videtur:

773 4386 887 4470 (οἶμαι)
911 4390 1028 4465 ταύτης
1054 4390 1268 4466 ἀπαλλάξας
1291 4415 1327 4454 σε
1351 4400 1405 4464 πῆς
1430 4391 1612 4471 ἀφέαλμέας

774 4496 898 4576 βλέψαι
922 4498 1088 4571 ποιήσειν.

592 4603 662 4669 Nou
697 4606 804 4669 visum
842 4603 937 4667 Pluto
969 4603 1127 4669 reddendo
1159 4604 1307 4668 morbum
1341 4603 1506 4668 oculorum
1538 4611 1706 4669 sanaturus
1737 4611 1786 4671 est

591 4708 804 4795 Chremylus,
830 4710 885 4774 sed
910 4709 1022 4774 morbo
1046 4716 1155 4774 sanato
1179 4712 1329 4774 restituet
1352 4711 1382 4773 ei
1406 4709 1536 4775 videndi
1559 4710 1753 4777 facultatem.

643 4927 726 5008 Quid
758 4927 867 4990 istud?
897 4928 969 4992 dein
999 4926 1156 4993 exclamat
1179 4926 1373 5014 Ghremylus
1398 4930 1528 4993 auribus
1552 4932 1618 4994 suis
1641 4931 1697 4994 vix
1720 4953 1784 4996 ere·
