<?xml version="1.0" encoding="UTF-8"?>
<!DOCTYPE html PUBLIC "-//W3C//DTD XHTML 1.0 Transitional//EN"
    "http://www.w3.org/TR/xhtml1/DTD/xhtml1-transitional.dtd">
<html xmlns="http://www.w3.org/1999/xhtml" xml:lang="en" lang="en">
 <head>
  <title>
</title>
<meta http-equiv="Content-Type" content="text/html;charset=utf-8" />
  <meta name='ocr-system' content='tesseract 3.04.00' />
  <meta name='ocr-capabilities' content='ocr_page ocr_carea ocr_par ocr_line ocrx_word'/>
</head>
<body>
  <div class='ocr_page' id='page_1' title='image "./mnemosyne04verdgoog_0349.png"; bbox 0 0 5125 6150; ppageno 0'>
   <div class='ocr_carea' id='block_1_1' title="bbox 798 823 1469 891">
    <p class='ocr_par' dir='ltr' id='par_1_1' title="bbox 798 823 1469 891">
     <span class='ocr_line' id='line_1_1' title="bbox 798 823 1469 891; baseline 0.001 -4"><span class='ocrx_word' id='word_1_1' title='bbox 798 823 863 888; x_wconf 82' lang='lat'>350</span> <span class='ocrx_word' id='word_1_2' title='bbox 1316 843 1469 891; x_wconf 71' lang='lat' dir='ltr'>cucuron.</span> 
     </span>
    </p>
   </div>
   <div class='ocr_carea' id='block_1_2' title="bbox 729 1005 1990 4993">
    <p class='ocr_par' dir='ltr' id='par_1_2' title="bbox 795 1005 1988 1405">
     <span class='ocr_line' id='line_1_2' title="bbox 796 1005 1988 1090; baseline 0.004 -22"><span class='ocrx_word' id='word_1_3' title='bbox 796 1005 875 1069; x_wconf 93' lang='lat' dir='ltr'>dum</span> <span class='ocrx_word' id='word_1_4' title='bbox 898 1006 1055 1071; x_wconf 78' lang='lat' dir='ltr'><strong>exclamat</strong></span> <span class='ocrx_word' id='word_1_5' title='bbox 1077 1008 1109 1068; x_wconf 89' lang='lat' dir='ltr'>in</span> <span class='ocrx_word' id='word_1_6' title='bbox 1133 1005 1194 1071; x_wconf 90' lang='lat' dir='ltr'>fine</span> <span class='ocrx_word' id='word_1_7' title='bbox 1217 1008 1330 1090; x_wconf 88' lang='lat' dir='ltr'>eapitis</span> <span class='ocrx_word' id='word_1_8' title='bbox 1355 1007 1464 1083; x_wconf 66' lang='lat' dir='ltr'>„alatri</span> <span class='ocrx_word' id='word_1_9' title='bbox 1487 1008 1628 1084; x_wconf 78' lang='grc' dir='ltr'><strong><em>πιούομοι</em></strong></span> <span class='ocrx_word' id='word_1_10' title='bbox 1652 1009 1697 1085; x_wconf 70' lang='grc' dir='ltr'>μή</span> <span class='ocrx_word' id='word_1_11' title='bbox 1721 1032 1795 1074; x_wconf 86' lang='grc' dir='ltr'><strong><em>ποτε</em></strong></span> <span class='ocrx_word' id='word_1_12' title='bbox 1820 1010 1908 1087; x_wconf 74' lang='grc' dir='ltr'><strong><em>παρὰ</em></strong></span> <span class='ocrx_word' id='word_1_13' title='bbox 1931 1011 1988 1082; x_wconf 75' lang='grc' dir='ltr'><strong><em>τὶιν</em></strong></span> 
     </span>
     <span class='ocr_line' id='line_1_3' title="bbox 796 1111 1988 1192; baseline 0.003 -16"><span class='ocrx_word' id='word_1_14' title='bbox 796 1112 965 1190; x_wconf 77' lang='grc' dir='ltr'><strong><em>ὑπόσχεσιν</em></strong></span> <span class='ocrx_word' id='word_1_15' title='bbox 988 1111 1111 1188; x_wconf 64' lang='lat' dir='ltr'>unxive</span> <span class='ocrx_word' id='word_1_16' title='bbox 1142 1113 1193 1175; x_wconf 77' lang='grc' dir='ltr'><strong><em>ιιιιὶ</em></strong></span> <span class='ocrx_word' id='word_1_17' title='bbox 1227 1112 1332 1192; x_wconf 78' lang='grc' dir='ltr'><strong><em>ἑτέρων</em></strong></span> <span class='ocrx_word' id='word_1_18' title='bbox 1362 1112 1640 1190; x_wconf 75' lang='grc' dir='ltr'><strong><em>μιμνησκόμενος”,</em></strong></span> <span class='ocrx_word' id='word_1_19' title='bbox 1672 1117 1726 1179; x_wconf 80' lang='lat' dir='ltr'>vir</span> <span class='ocrx_word' id='word_1_20' title='bbox 1758 1115 1821 1180; x_wconf 83' lang='lat' dir='ltr'>sibi</span> <span class='ocrx_word' id='word_1_21' title='bbox 1849 1122 1988 1192; x_wconf 85' lang='lat' dir='ltr'>constat,</span> 
     </span>
     <span class='ocr_line' id='line_1_4' title="bbox 795 1218 1987 1304; baseline 0.003 -22"><span class='ocrx_word' id='word_1_22' title='bbox 795 1238 870 1282; x_wconf 91' lang='lat' dir='ltr'>nam</span> <span class='ocrx_word' id='word_1_23' title='bbox 908 1226 1004 1303; x_wconf 90' lang='lat' dir='ltr'>caput</span> <span class='ocrx_word' id='word_1_24' title='bbox 1042 1236 1176 1301; x_wconf 90' lang='lat' dir='ltr'>sequens</span> <span class='ocrx_word' id='word_1_25' title='bbox 1213 1221 1324 1282; x_wconf 89' lang='lat' dir='ltr'>statim</span> <span class='ocrx_word' id='word_1_26' title='bbox 1356 1218 1480 1283; x_wconf 86' lang='lat' dir='ltr'>orditur</span> <span class='ocrx_word' id='word_1_27' title='bbox 1509 1240 1607 1283; x_wconf 89' lang='lat' dir='ltr'>noves</span> <span class='ocrx_word' id='word_1_28' title='bbox 1638 1218 1782 1304; x_wconf 80' lang='lat' dir='ltr'>querelas</span> <span class='ocrx_word' id='word_1_29' title='bbox 1811 1221 1987 1286; x_wconf 89' lang='lat' dir='ltr'>afferendo:</span> 
     </span>
     <span class='ocr_line' id='line_1_5' title="bbox 795 1323 1880 1405; baseline 0.001 -17"><span class='ocrx_word' id='word_1_30' title='bbox 795 1326 906 1402; x_wconf 71' lang='lat' dir='ltr'>„roias</span> <span class='ocrx_word' id='word_1_31' title='bbox 931 1324 962 1388; x_wconf 78' lang='grc' dir='ltr'>δέ</span> <span class='ocrx_word' id='word_1_32' title='bbox 985 1347 1030 1395; x_wconf 81' lang='grc' dir='ltr'>τις</span> <span class='ocrx_word' id='word_1_33' title='bbox 1057 1324 1197 1399; x_wconf 69' lang='grc' dir='ltr'>ἑλόμενος</span> <span class='ocrx_word' id='word_1_34' title='bbox 1222 1323 1414 1397; x_wconf 73' lang='grc' dir='ltr'>ἐπιτήδευσιν</span> <span class='ocrx_word' id='word_1_35' title='bbox 1438 1326 1454 1399; x_wconf 70' lang='grc' dir='ltr'><em>ἢ</em></span> <span class='ocrx_word' id='word_1_36' title='bbox 1480 1324 1593 1405; x_wconf 73' lang='grc' dir='ltr'><strong><em>τέχνην</em></strong></span> <span class='ocrx_word' id='word_1_37' title='bbox 1617 1326 1650 1389; x_wconf 80' lang='grc' dir='ltr'>οὐ</span> <span class='ocrx_word' id='word_1_38' title='bbox 1673 1324 1880 1405; x_wconf 78' lang='grc' dir='ltr'><strong><em>μέμφετοι”;</em></strong></span> 
     </span>
    </p>

    <p class='ocr_par' dir='ltr' id='par_1_3' title="bbox 792 1428 1990 2440">
     <span class='ocr_line' id='line_1_6' title="bbox 839 1428 1989 1515; baseline 0.003 -22"><span class='ocrx_word' id='word_1_39' title='bbox 839 1428 889 1493; x_wconf 84' lang='lat' dir='ltr'>Ad</span> <span class='ocrx_word' id='word_1_40' title='bbox 920 1429 1012 1493; x_wconf 84' lang='lat' dir='ltr'>hasce</span> <span class='ocrx_word' id='word_1_41' title='bbox 1044 1428 1188 1513; x_wconf 80' lang='lat' dir='ltr'>querelas</span> <span class='ocrx_word' id='word_1_42' title='bbox 1218 1434 1328 1494; x_wconf 88' lang='lat' dir='ltr'>autem</span> <span class='ocrx_word' id='word_1_43' title='bbox 1360 1432 1387 1493; x_wconf 90' lang='lat' dir='ltr'>si</span> <span class='ocrx_word' id='word_1_44' title='bbox 1418 1432 1549 1515; x_wconf 91' lang='lat' dir='ltr'>propius</span> <span class='ocrx_word' id='word_1_45' title='bbox 1573 1429 1793 1507; x_wconf 87' lang='lat' dir='ltr'>attendamus,</span> <span class='ocrx_word' id='word_1_46' title='bbox 1817 1430 1989 1496; x_wconf 84' lang='lat' dir='ltr'>videamus</span> 
     </span>
     <span class='ocr_line' id='line_1_7' title="bbox 793 1534 1990 1620; baseline 0.002 -22"><span class='ocrx_word' id='word_1_47' title='bbox 793 1555 917 1598; x_wconf 90' lang='lat' dir='ltr'>necesse</span> <span class='ocrx_word' id='word_1_48' title='bbox 941 1539 1002 1611; x_wconf 86' lang='lat' dir='ltr'>est,</span> <span class='ocrx_word' id='word_1_49' title='bbox 1027 1555 1141 1619; x_wconf 91' lang='lat' dir='ltr'>parum</span> <span class='ocrx_word' id='word_1_50' title='bbox 1166 1534 1242 1598; x_wconf 89' lang='lat' dir='ltr'>haec</span> <span class='ocrx_word' id='word_1_51' title='bbox 1265 1537 1373 1599; x_wconf 91' lang='lat' dir='ltr'>omuia</span> <span class='ocrx_word' id='word_1_52' title='bbox 1396 1538 1554 1619; x_wconf 84' lang='lat' dir='ltr'>pertinere</span> <span class='ocrx_word' id='word_1_53' title='bbox 1578 1535 1617 1598; x_wconf 89' lang='lat' dir='ltr'>ad</span> <span class='ocrx_word' id='word_1_54' title='bbox 1639 1555 1676 1599; x_wconf 91' lang='lat' dir='ltr'>ea</span> <span class='ocrx_word' id='word_1_55' title='bbox 1698 1556 1779 1620; x_wconf 91' lang='lat' dir='ltr'>quae</span> <span class='ocrx_word' id='word_1_56' title='bbox 1802 1534 1887 1600; x_wconf 89' lang='lat' dir='ltr'>dicta</span> <span class='ocrx_word' id='word_1_57' title='bbox 1910 1543 1990 1601; x_wconf 85' lang='lat' dir='ltr'>sunt</span> 
     </span>
     <span class='ocr_line' id='line_1_8' title="bbox 792 1637 1990 1724; baseline 0.002 -22"><span class='ocrx_word' id='word_1_58' title='bbox 792 1641 895 1724; x_wconf 88' lang='lat' dir='ltr'>eapite</span> <span class='ocrx_word' id='word_1_59' title='bbox 919 1637 972 1712; x_wconf 84' lang='lat' dir='ltr'>VI,</span> <span class='ocrx_word' id='word_1_60' title='bbox 997 1638 1051 1703; x_wconf 89' lang='lat' dir='ltr'>sed</span> <span class='ocrx_word' id='word_1_61' title='bbox 1075 1644 1142 1702; x_wconf 91' lang='lat' dir='ltr'>tam</span> <span class='ocrx_word' id='word_1_62' title='bbox 1167 1639 1260 1703; x_wconf 89' lang='lat' dir='ltr'>rebus</span> <span class='ocrx_word' id='word_1_63' title='bbox 1280 1660 1377 1723; x_wconf 89' lang='lat' dir='ltr'>quam</span> <span class='ocrx_word' id='word_1_64' title='bbox 1397 1638 1534 1703; x_wconf 90' lang='lat' dir='ltr'>dictione</span> <span class='ocrx_word' id='word_1_65' title='bbox 1553 1642 1733 1704; x_wconf 88' lang='lat' dir='ltr'>continuari</span> <span class='ocrx_word' id='word_1_66' title='bbox 1751 1642 1990 1724; x_wconf 78' lang='lat' dir='ltr'>expositionem</span> 
     </span>
     <span class='ocr_line' id='line_1_9' title="bbox 793 1744 1989 1829; baseline 0.003 -22"><span class='ocrx_word' id='word_1_67' title='bbox 793 1764 874 1829; x_wconf 90' lang='lat' dir='ltr'>quae</span> <span class='ocrx_word' id='word_1_68' title='bbox 908 1746 1011 1827; x_wconf 88' lang='lat' dir='ltr'>capite</span> <span class='ocrx_word' id='word_1_69' title='bbox 1046 1745 1158 1828; x_wconf 92' lang='lat' dir='ltr'>quinto</span> <span class='ocrx_word' id='word_1_70' title='bbox 1192 1744 1341 1808; x_wconf 87' lang='lat' dir='ltr'>incohata</span> <span class='ocrx_word' id='word_1_71' title='bbox 1375 1754 1450 1809; x_wconf 87' lang='lat' dir='ltr'>erat.</span> <span class='ocrx_word' id='word_1_72' title='bbox 1484 1745 1629 1809; x_wconf 85' lang='lat' dir='ltr'>Liberior</span> <span class='ocrx_word' id='word_1_73' title='bbox 1660 1766 1781 1822; x_wconf 88' lang='lat' dir='ltr'>sermo,</span> <span class='ocrx_word' id='word_1_74' title='bbox 1812 1747 1989 1810; x_wconf 85' lang='lat' dir='ltr'>verborum</span> 
     </span>
     <span class='ocr_line' id='line_1_10' title="bbox 793 1848 1989 1935; baseline 0.002 -22"><span class='ocrx_word' id='word_1_75' title='bbox 793 1851 886 1933; x_wconf 89' lang='lat' dir='ltr'>copia</span> <span class='ocrx_word' id='word_1_76' title='bbox 908 1849 973 1914; x_wconf 83' lang='lat' dir='ltr'>fere</span> <span class='ocrx_word' id='word_1_77' title='bbox 996 1848 1156 1935; x_wconf 81' lang='lat' dir='ltr'>vulgaris,</span> <span class='ocrx_word' id='word_1_78' title='bbox 1181 1852 1228 1913; x_wconf 88' lang='lat' dir='ltr'>ita</span> <span class='ocrx_word' id='word_1_79' title='bbox 1251 1857 1288 1913; x_wconf 87' lang='lat' dir='ltr'>ut</span> <span class='ocrx_word' id='word_1_80' title='bbox 1311 1850 1405 1914; x_wconf 92' lang='lat' dir='ltr'>modo</span> <span class='ocrx_word' id='word_1_81' title='bbox 1428 1851 1625 1926; x_wconf 82' lang='lat' dir='ltr'>Luciannm,</span> <span class='ocrx_word' id='word_1_82' title='bbox 1649 1849 1745 1914; x_wconf 94' lang='lat' dir='ltr'>modo</span> <span class='ocrx_word' id='word_1_83' title='bbox 1769 1851 1989 1916; x_wconf 82' lang='lat' dir='ltr'>Menandrum</span> 
     </span>
     <span class='ocr_line' id='line_1_11' title="bbox 793 1953 1988 2040; baseline 0.003 -22"><span class='ocrx_word' id='word_1_84' title='bbox 793 1953 901 2040; x_wconf 78' lang='lat' dir='ltr'>legere</span> <span class='ocrx_word' id='word_1_85' title='bbox 937 1954 995 2018; x_wconf 88' lang='lat' dir='ltr'>tibi</span> <span class='ocrx_word' id='word_1_86' title='bbox 1033 1955 1187 2038; x_wconf 83' lang='lat' dir='ltr'>videaris3</span> <span class='ocrx_word' id='word_1_87' title='bbox 1220 1958 1298 2039; x_wconf 90' lang='lat' dir='ltr'>quin</span> <span class='ocrx_word' id='word_1_88' title='bbox 1328 1976 1385 2019; x_wconf 86' lang='lat' dir='ltr'>sua</span> <span class='ocrx_word' id='word_1_89' title='bbox 1416 1962 1527 2039; x_wconf 89' lang='lat' dir='ltr'>sponte</span> <span class='ocrx_word' id='word_1_90' title='bbox 1560 1955 1598 2019; x_wconf 89' lang='lat' dir='ltr'>ad</span> <span class='ocrx_word' id='word_1_91' title='bbox 1630 1955 1810 2021; x_wconf 87' lang='lat' dir='ltr'>comoediae</span> <span class='ocrx_word' id='word_1_92' title='bbox 1833 1977 1988 2022; x_wconf 89' lang='lat' dir='ltr'>numeros</span> 
     </span>
     <span class='ocr_line' id='line_1_12' title="bbox 793 2057 1987 2144; baseline 0.003 -21"><span class='ocrx_word' id='word_1_93' title='bbox 793 2080 918 2144; x_wconf 90' lang='lat' dir='ltr'>quoque</span> <span class='ocrx_word' id='word_1_94' title='bbox 948 2062 1049 2124; x_wconf 90' lang='lat' dir='ltr'>oratio</span> <span class='ocrx_word' id='word_1_95' title='bbox 1081 2059 1173 2123; x_wconf 90' lang='lat' dir='ltr'>redit.</span> <span class='ocrx_word' id='word_1_96' title='bbox 1205 2057 1289 2124; x_wconf 79' lang='lat' dir='ltr'>Cum</span> <span class='ocrx_word' id='word_1_97' title='bbox 1318 2062 1403 2124; x_wconf 89' lang='lat' dir='ltr'>enim</span> <span class='ocrx_word' id='word_1_98' title='bbox 1427 2063 1473 2125; x_wconf 91' lang='lat' dir='ltr'>ita</span> <span class='ocrx_word' id='word_1_99' title='bbox 1495 2059 1640 2144; x_wconf 90' lang='lat' dir='ltr'>loquitur</span> <span class='ocrx_word' id='word_1_100' title='bbox 1662 2062 1842 2125; x_wconf 78' lang='lat' dir='ltr'>Arioelrus:</span> <span class='ocrx_word' id='word_1_101' title='bbox 1867 2061 1987 2138; x_wconf 64' lang='lat' dir='ltr'>„ditm</span> 
     </span>
     <span class='ocr_line' id='line_1_13' title="bbox 794 2161 1988 2245; baseline 0.002 -16"><span class='ocrx_word' id='word_1_102' title='bbox 794 2165 856 2245; x_wconf 74' lang='grc' dir='ltr'>γὰρ</span> <span class='ocrx_word' id='word_1_103' title='bbox 880 2161 900 2227; x_wconf 79' lang='grc' dir='ltr'><strong><em>ὦ</em></strong></span> <span class='ocrx_word' id='word_1_104' title='bbox 925 2165 1001 2243; x_wconf 78' lang='grc' dir='ltr'><em>Φίλε</em></span> <span class='ocrx_word' id='word_1_105' title='bbox 1026 2165 1206 2243; x_wconf 71' lang='grc' dir='ltr'><strong><em>Σώκρατες,</em></strong></span> <span class='ocrx_word' id='word_1_106' title='bbox 1239 2166 1410 2245; x_wconf 72' lang='grc' dir='ltr'><strong><em>ἀχάριστον</em></strong></span> <span class='ocrx_word' id='word_1_107' title='bbox 1434 2165 1578 2245; x_wconf 69' lang='grc' dir='ltr'>ἁψίκορον</span> <span class='ocrx_word' id='word_1_108' title='bbox 1602 2165 1682 2240; x_wconf 75' lang='grc' dir='ltr'><strong><em>ὠμὸν</em></strong></span> <span class='ocrx_word' id='word_1_109' title='bbox 1705 2164 1864 2242; x_wconf 78' lang='grc' dir='ltr'><strong><em>βοὶσιιοινον</em></strong></span> <span class='ocrx_word' id='word_1_110' title='bbox 1887 2169 1988 2232; x_wconf 72' lang='grc' dir='ltr'><strong><em>ἀποοί-</em></strong></span> 
     </span>
     <span class='ocr_line' id='line_1_14' title="bbox 792 2268 1989 2356; baseline 0.003 -22"><span class='ocrx_word' id='word_1_111' title='bbox 792 2269 906 2347; x_wconf 84' lang='grc' dir='ltr'><strong><em>δευτον,</em></strong></span> <span class='ocrx_word' id='word_1_112' title='bbox 925 2272 964 2340; x_wconf 77' lang='grc' dir='ltr'>ὡς</span> <span class='ocrx_word' id='word_1_113' title='bbox 986 2268 1024 2335; x_wconf 79' lang='lat' dir='ltr'>civ</span> <span class='ocrx_word' id='word_1_114' title='bbox 1047 2272 1296 2348; x_wconf 75' lang='grc' dir='ltr'><strong><em>συννρονισμὲνον</em></strong></span> <span class='ocrx_word' id='word_1_115' title='bbox 1316 2272 1349 2335; x_wconf 83' lang='grc' dir='ltr'>εἰι</span> <span class='ocrx_word' id='word_1_116' title='bbox 1369 2271 1541 2347; x_wconf 57' lang='lat' dir='ltr'>elysaeus</span> <span class='ocrx_word' id='word_1_117' title='bbox 1561 2269 1691 2348; x_wconf 66' lang='grc' dir='ltr'>ἔκλιν’,</span> <span class='ocrx_word' id='word_1_118' title='bbox 1715 2273 1787 2356; x_wconf 91' lang='lat' dir='ltr'>quis</span> <span class='ocrx_word' id='word_1_119' title='bbox 1810 2293 1872 2336; x_wconf 93' lang='lat' dir='ltr'>non</span> <span class='ocrx_word' id='word_1_120' title='bbox 1895 2272 1989 2337; x_wconf 88' lang='lat' dir='ltr'>audit</span> 
     </span>
     <span class='ocr_line' id='line_1_15' title="bbox 793 2374 1125 2440; baseline -0.006 0"><span class='ocrx_word' id='word_1_121' title='bbox 793 2374 920 2440; x_wconf 81' lang='lat' dir='ltr'>fabulae</span> <span class='ocrx_word' id='word_1_122' title='bbox 945 2378 1125 2439; x_wconf 88' lang='lat' dir='ltr'>trimetros:</span> 
     </span>
    </p>

    <p class='ocr_par' dir='ltr' id='par_1_4' title="bbox 1018 2479 1733 2562">
     <span class='ocr_line' id='line_1_16' title="bbox 1018 2479 1733 2562; baseline 0.001 -17"><span class='ocrx_word' id='word_1_123' title='bbox 1018 2479 1188 2560; x_wconf 67' lang='grc' dir='ltr'><strong><em>ἀχάριστον</em></strong></span> <span class='ocrx_word' id='word_1_124' title='bbox 1214 2483 1292 2555; x_wconf 76' lang='grc' dir='ltr'>ὠμὸν</span> <span class='ocrx_word' id='word_1_125' title='bbox 1317 2482 1460 2562; x_wconf 70' lang='grc' dir='ltr'><strong><em>ιὶψίιιορον</em></strong></span> <span class='ocrx_word' id='word_1_126' title='bbox 1484 2482 1536 2546; x_wconf 74' lang='lat' dir='ltr'>nal</span> <span class='ocrx_word' id='word_1_127' title='bbox 1562 2480 1733 2559; x_wconf 72' lang='grc' dir='ltr'><strong><em>βάσκανον.</em></strong></span> 
     </span>
    </p>

    <p class='ocr_par' dir='ltr' id='par_1_5' title="bbox 794 2584 1988 2779">
     <span class='ocr_line' id='line_1_17' title="bbox 1020 2584 1661 2666; baseline 0.003 -17"><span class='ocrx_word' id='word_1_128' title='bbox 1020 2587 1053 2650; x_wconf 86' lang='grc' dir='ltr'>εἰι</span> <span class='ocrx_word' id='word_1_129' title='bbox 1077 2585 1257 2662; x_wconf 70' lang='grc' dir='ltr'><strong><em>συγκλύδων</em></strong></span> <span class='ocrx_word' id='word_1_130' title='bbox 1281 2584 1374 2666; x_wconf 76' lang='grc' dir='ltr'><strong><em>ὄχλοι</em></strong></span> <span class='ocrx_word' id='word_1_131' title='bbox 1400 2586 1661 2665; x_wconf 76' lang='grc' dir='ltr'><strong><em>συννρσνισμένσι.</em></strong></span> 
     </span>
     <span class='ocr_line' id='line_1_18' title="bbox 794 2691 1988 2779; baseline -0.001 -21"><span class='ocrx_word' id='word_1_132' title='bbox 794 2694 914 2759; x_wconf 91' lang='lat' dir='ltr'>Parum</span> <span class='ocrx_word' id='word_1_133' title='bbox 946 2699 1125 2757; x_wconf 76' lang='lat' dir='ltr'>accuratam</span> <span class='ocrx_word' id='word_1_134' title='bbox 1157 2694 1215 2757; x_wconf 88' lang='lat' dir='ltr'>hoe</span> <span class='ocrx_word' id='word_1_135' title='bbox 1246 2691 1358 2758; x_wconf 88' lang='lat' dir='ltr'>eodem</span> <span class='ocrx_word' id='word_1_136' title='bbox 1382 2696 1485 2779; x_wconf 89' lang='lat' dir='ltr'>eapite</span> <span class='ocrx_word' id='word_1_137' title='bbox 1508 2715 1538 2778; x_wconf 94' lang='lat' dir='ltr'>p.</span> <span class='ocrx_word' id='word_1_138' title='bbox 1565 2691 1670 2757; x_wconf 84' lang='grc' dir='ltr'>368Ε</span> <span class='ocrx_word' id='word_1_139' title='bbox 1696 2698 1881 2777; x_wconf 89' lang='lat' dir='ltr'>temporum</span> <span class='ocrx_word' id='word_1_140' title='bbox 1906 2697 1988 2757; x_wconf 85' lang='lat' dir='ltr'>noti·</span> 
     </span>
    </p>

    <p class='ocr_par' dir='ltr' id='par_1_6' title="bbox 792 2798 1988 2883">
     <span class='ocr_line' id='line_1_19' title="bbox 792 2798 1988 2883; baseline -0.001 -20"><span class='ocrx_word' id='word_1_141' title='bbox 792 2803 870 2864; x_wconf 87' lang='lat' dir='ltr'>tiam</span> <span class='ocrx_word' id='word_1_142' title='bbox 892 2799 1000 2883; x_wconf 85' lang='lat' dir='ltr'>prodit</span> <span class='ocrx_word' id='word_1_143' title='bbox 1018 2802 1154 2883; x_wconf 90' lang='lat' dir='ltr'>scriptor</span> <span class='ocrx_word' id='word_1_144' title='bbox 1172 2801 1227 2882; x_wconf 93' lang='lat' dir='ltr'>qui</span> <span class='ocrx_word' id='word_1_145' title='bbox 1247 2798 1446 2874; x_wconf 82' lang='lat' dir='ltr'>Arioehum,</span> <span class='ocrx_word' id='word_1_146' title='bbox 1467 2804 1595 2883; x_wconf 87' lang='lat' dir='ltr'>propter</span> <span class='ocrx_word' id='word_1_147' title='bbox 1614 2800 1734 2862; x_wconf 87' lang='lat' dir='ltr'>crimen</span> <span class='ocrx_word' id='word_1_148' title='bbox 1754 2800 1988 2883; x_wconf 82' lang='lat' dir='ltr'>mysteriorum</span> 
     </span>
    </p>

    <p class='ocr_par' dir='ltr' id='par_1_7' title="bbox 729 2890 1987 3832">
     <span class='ocr_line' id='line_1_20' title="bbox 729 2890 1987 2992; baseline 0.001 -24"><span class='ocrx_word' id='word_1_149' title='bbox 729 2890 731 2895; x_wconf 36' lang='lat'><strong><em>¹</em></strong></span> <span class='ocrx_word' id='word_1_150' title='bbox 793 2905 1029 2992; x_wconf 85' lang='lat' dir='ltr'>profanatorum</span> <span class='ocrx_word' id='word_1_151' title='bbox 1043 2942 1086 2950; x_wconf 93' lang='lat'><em>-</em></span> <span class='ocrx_word' id='word_1_152' title='bbox 1097 2906 1147 2967; x_wconf 91' lang='lat' dir='ltr'>uti</span> <span class='ocrx_word' id='word_1_153' title='bbox 1159 2911 1271 2968; x_wconf 90' lang='lat' dir='ltr'>notum</span> <span class='ocrx_word' id='word_1_154' title='bbox 1284 2910 1333 2968; x_wconf 90' lang='lat' dir='ltr'>est</span> <span class='ocrx_word' id='word_1_155' title='bbox 1345 2941 1387 2952; x_wconf 93' lang='lat'>—</span> <span class='ocrx_word' id='word_1_156' title='bbox 1400 2902 1537 2980; x_wconf 83' lang='lat' dir='ltr'>exulem,</span> <span class='ocrx_word' id='word_1_157' title='bbox 1552 2903 1653 2988; x_wconf 82' lang='lat' dir='ltr'>fingat</span> <span class='ocrx_word' id='word_1_158' title='bbox 1664 2924 1739 2967; x_wconf 89' lang='lat' dir='ltr'>oum</span> <span class='ocrx_word' id='word_1_159' title='bbox 1751 2902 1987 2989; x_wconf 84' lang='lat' dir='ltr'>Euryptolemo</span> 
     </span>
     <span class='ocr_line' id='line_1_21' title="bbox 794 3008 1985 3098; baseline -0.003 -22"><span class='ocrx_word' id='word_1_160' title='bbox 794 3019 865 3098; x_wconf 90' lang='lat' dir='ltr'>post</span> <span class='ocrx_word' id='word_1_161' title='bbox 895 3030 1040 3097; x_wconf 82' lang='lat' dir='ltr'>pugnam</span> <span class='ocrx_word' id='word_1_162' title='bbox 1071 3009 1110 3073; x_wconf 91' lang='lat' dir='ltr'>ed</span> <span class='ocrx_word' id='word_1_163' title='bbox 1140 3008 1321 3096; x_wconf 82' lang='lat' dir='ltr'>Arginusas</span> <span class='ocrx_word' id='word_1_164' title='bbox 1351 3009 1467 3074; x_wconf 87' lang='lat' dir='ltr'>factam</span> <span class='ocrx_word' id='word_1_165' title='bbox 1491 3010 1589 3073; x_wconf 85' lang='lat' dir='ltr'>fuisse</span> <span class='ocrx_word' id='word_1_166' title='bbox 1613 3012 1647 3072; x_wconf 92' lang='lat' dir='ltr'>in</span> <span class='ocrx_word' id='word_1_167' title='bbox 1670 3029 1802 3073; x_wconf 91' lang='lat' dir='ltr'>numero</span> <span class='ocrx_word' id='word_1_168' title='bbox 1827 3014 1885 3072; x_wconf 80' lang='grc' dir='ltr'>τῶν</span> <span class='ocrx_word' id='word_1_169' title='bbox 1909 3009 1985 3072; x_wconf 73' lang='grc' dir='ltr'>δέκα</span> 
     </span>
     <span class='ocr_line' id='line_1_22' title="bbox 794 3115 1985 3199; baseline -0.002 -17"><span class='ocrx_word' id='word_1_170' title='bbox 794 3119 986 3196; x_wconf 71' lang='grc' dir='ltr'><strong><em>στρατηγῶν.</em></strong></span> <span class='ocrx_word' id='word_1_171' title='bbox 1010 3115 1072 3180; x_wconf 81' lang='lat' dir='ltr'>Sed</span> <span class='ocrx_word' id='word_1_172' title='bbox 1092 3116 1151 3180; x_wconf 90' lang='lat' dir='ltr'>hoc</span> <span class='ocrx_word' id='word_1_173' title='bbox 1170 3137 1231 3179; x_wconf 91' lang='lat' dir='ltr'>non</span> <span class='ocrx_word' id='word_1_174' title='bbox 1251 3118 1314 3178; x_wconf 88' lang='lat' dir='ltr'>uisi</span> <span class='ocrx_word' id='word_1_175' title='bbox 1333 3116 1435 3180; x_wconf 90' lang='lat' dir='ltr'>obiter</span> <span class='ocrx_word' id='word_1_176' title='bbox 1453 3136 1576 3191; x_wconf 90' lang='lat' dir='ltr'>moneo,</span> <span class='ocrx_word' id='word_1_177' title='bbox 1596 3136 1670 3180; x_wconf 87' lang='lat' dir='ltr'>nam</span> <span class='ocrx_word' id='word_1_178' title='bbox 1683 3118 1832 3199; x_wconf 78' lang='lat' dir='ltr'>graviora</span> <span class='ocrx_word' id='word_1_179' title='bbox 1843 3122 1985 3180; x_wconf 90' lang='lat' dir='ltr'>manent.</span> 
     </span>
     <span class='ocr_line' id='line_1_23' title="bbox 793 3220 1987 3305; baseline -0.005 -14"><span class='ocrx_word' id='word_1_180' title='bbox 793 3223 1078 3291; x_wconf 85' lang='lat' dir='ltr'>Oontaminationis</span> <span class='ocrx_word' id='word_1_181' title='bbox 1097 3224 1183 3285; x_wconf 90' lang='lat' dir='ltr'>enim</span> <span class='ocrx_word' id='word_1_182' title='bbox 1202 3220 1320 3285; x_wconf 90' lang='lat' dir='ltr'>indicia</span> <span class='ocrx_word' id='word_1_183' title='bbox 1340 3242 1498 3305; x_wconf 87' lang='lat' dir='ltr'>nusquam</span> <span class='ocrx_word' id='word_1_184' title='bbox 1517 3223 1650 3285; x_wconf 89' lang='lat' dir='ltr'>certiora</span> <span class='ocrx_word' id='word_1_185' title='bbox 1662 3242 1759 3305; x_wconf 92' lang='lat' dir='ltr'>quam</span> <span class='ocrx_word' id='word_1_186' title='bbox 1778 3223 1812 3284; x_wconf 95' lang='lat' dir='ltr'>in</span> <span class='ocrx_word' id='word_1_187' title='bbox 1824 3224 1987 3305; x_wconf 84' lang='lat' dir='ltr'>sequentis</span> 
     </span>
     <span class='ocr_line' id='line_1_24' title="bbox 792 3324 1986 3416; baseline -0.005 -21"><span class='ocrx_word' id='word_1_188' title='bbox 792 3334 927 3416; x_wconf 81' lang='lat' dir='ltr'>paginae</span> <span class='ocrx_word' id='word_1_189' title='bbox 958 3328 1206 3393; x_wconf 89' lang='lat' dir='ltr'>conturbatione.</span> <span class='ocrx_word' id='word_1_190' title='bbox 1239 3327 1317 3411; x_wconf 77' lang='lat' dir='ltr'>Peg.</span> <span class='ocrx_word' id='word_1_191' title='bbox 1344 3325 1449 3391; x_wconf 80' lang='lat' dir='ltr'><strong>369ss</strong></span> <span class='ocrx_word' id='word_1_192' title='bbox 1477 3330 1524 3391; x_wconf 85' lang='lat' dir='ltr'>ita</span> <span class='ocrx_word' id='word_1_193' title='bbox 1547 3330 1654 3412; x_wconf 79' lang='lat' dir='ltr'>pergit</span> <span class='ocrx_word' id='word_1_194' title='bbox 1676 3324 1836 3391; x_wconf 82' lang='lat' dir='ltr'>Socrates:</span> <span class='ocrx_word' id='word_1_195' title='bbox 1871 3325 1986 3403; x_wconf 65' lang='lat' dir='ltr'>„intra</span> 
     </span>
     <span class='ocr_line' id='line_1_25' title="bbox 794 3431 1986 3512; baseline -0.004 -12"><span class='ocrx_word' id='word_1_196' title='bbox 794 3433 852 3512; x_wconf 85' lang='grc' dir='ltr'><strong><em>οὖν,</em></strong></span> <span class='ocrx_word' id='word_1_197' title='bbox 881 3431 901 3497; x_wconf 84' lang='grc' dir='ltr'><em>ὦ</em></span> <span class='ocrx_word' id='word_1_198' title='bbox 926 3432 1072 3512; x_wconf 78' lang='grc' dir='ltr'>’Λξιόχε,</span> <span class='ocrx_word' id='word_1_199' title='bbox 1097 3435 1151 3507; x_wconf 68' lang='grc' dir='ltr'>τὴν</span> <span class='ocrx_word' id='word_1_200' title='bbox 1175 3433 1430 3511; x_wconf 63' lang='lat' dir='ltr'>suecessoribus</span> <span class='ocrx_word' id='word_1_201' title='bbox 1453 3432 1627 3510; x_wconf 75' lang='grc' dir='ltr'><strong><em>ἐπιστήμην</em></strong></span> <span class='ocrx_word' id='word_1_202' title='bbox 1651 3431 1767 3496; x_wconf 78' lang='grc' dir='ltr'><strong><em>τιθὲσοιι</em></strong></span> <span class='ocrx_word' id='word_1_203' title='bbox 1791 3438 1849 3494; x_wconf 79' lang='grc' dir='ltr'>τῶν</span> <span class='ocrx_word' id='word_1_204' title='bbox 1871 3439 1986 3496; x_wconf 79' lang='grc' dir='ltr'><strong><em>λοιπῶν</em></strong></span> 
     </span>
     <span class='ocr_line' id='line_1_26' title="bbox 795 3536 1983 3616; baseline -0.004 -11"><span class='ocrx_word' id='word_1_205' title='bbox 795 3539 1077 3616; x_wconf 76' lang='grc' dir='ltr'><strong><em>οέπευιιτοιιοτοὲτνν,</em></strong></span> <span class='ocrx_word' id='word_1_206' title='bbox 1097 3539 1129 3602; x_wconf 72' lang='grc' dir='ltr'>τί</span> <span class='ocrx_word' id='word_1_207' title='bbox 1148 3539 1205 3610; x_wconf 62' lang='lat' dir='ltr'>rte</span> <span class='ocrx_word' id='word_1_208' title='bbox 1228 3540 1341 3611; x_wconf 78' lang='grc' dir='ltr'><strong><em>λοιπιὶι</em></strong></span> <span class='ocrx_word' id='word_1_209' title='bbox 1356 3538 1561 3612; x_wconf 73' lang='grc' dir='ltr'><strong><em>ἐπιτηδεύσεις</em></strong></span> <span class='ocrx_word' id='word_1_210' title='bbox 1576 3538 1750 3614; x_wconf 76' lang='grc' dir='ltr'><strong><em>ἕννοήσομευ</em></strong></span> <span class='ocrx_word' id='word_1_211' title='bbox 1758 3558 1766 3615; x_wconf 87' lang='grc'><strong>;</strong></span> <span class='ocrx_word' id='word_1_212' title='bbox 1781 3538 1813 3601; x_wconf 84' lang='grc' dir='ltr'>οὖ</span> <span class='ocrx_word' id='word_1_213' title='bbox 1825 3536 1967 3615; x_wconf 75' lang='grc' dir='ltr'><strong><em>Φευιιτοὶς</em></strong></span> <span class='ocrx_word' id='word_1_214' title='bbox 1975 3558 1983 3614; x_wconf 87' lang='lat'>;</span> 
     </span>
     <span class='ocr_line' id='line_1_27' title="bbox 796 3641 1982 3725; baseline -0.004 -15"><span class='ocrx_word' id='word_1_215' title='bbox 796 3647 911 3722; x_wconf 75' lang='grc' dir='ltr'><strong><em>ἥκουσιν</em></strong></span> <span class='ocrx_word' id='word_1_216' title='bbox 936 3645 968 3710; x_wconf 74' lang='grc' dir='ltr'><strong><em>δέ</em></strong></span> <span class='ocrx_word' id='word_1_217' title='bbox 993 3668 1067 3708; x_wconf 77' lang='grc' dir='ltr'><strong><em>ποτε</em></strong></span> <span class='ocrx_word' id='word_1_218' title='bbox 1091 3643 1142 3709; x_wconf 73' lang='lat' dir='ltr'>nal</span> <span class='ocrx_word' id='word_1_219' title='bbox 1167 3649 1220 3709; x_wconf 79' lang='grc' dir='ltr'>τοῦ</span> <span class='ocrx_word' id='word_1_220' title='bbox 1245 3645 1388 3725; x_wconf 81' lang='grc' dir='ltr'><strong><em>Προδίκου</em></strong></span> <span class='ocrx_word' id='word_1_221' title='bbox 1411 3645 1554 3720; x_wconf 71' lang='grc' dir='ltr'><strong><em>λὲγοντος</em></strong></span> <span class='ocrx_word' id='word_1_222' title='bbox 1579 3641 1625 3707; x_wconf 75' lang='grc' dir='ltr'>ὅτι</span> <span class='ocrx_word' id='word_1_223' title='bbox 1645 3644 1659 3707; x_wconf 76' lang='grc' dir='ltr'><em>ὃ</em></span> <span class='ocrx_word' id='word_1_224' title='bbox 1679 3643 1808 3715; x_wconf 73' lang='lat' dir='ltr'>deicerer</span> <span class='ocrx_word' id='word_1_225' title='bbox 1827 3643 1897 3707; x_wconf 79' lang='grc' dir='ltr'><strong><em>οὔτε</em></strong></span> <span class='ocrx_word' id='word_1_226' title='bbox 1917 3643 1982 3723; x_wconf 77' lang='grc' dir='ltr'><strong><em>περὶ</em></strong></span> 
     </span>
     <span class='ocr_line' id='line_1_28' title="bbox 794 3748 1633 3832; baseline -0.007 -15"><span class='ocrx_word' id='word_1_227' title='bbox 794 3753 864 3822; x_wconf 76' lang='grc' dir='ltr'><strong><em>τοὺς</em></strong></span> <span class='ocrx_word' id='word_1_228' title='bbox 890 3750 1005 3832; x_wconf 69' lang='grc' dir='ltr'><strong><em>ζῶντάς</em></strong></span> <span class='ocrx_word' id='word_1_229' title='bbox 1030 3751 1112 3813; x_wconf 74' lang='grc' dir='ltr'><strong><em>ἔστιν</em></strong></span> <span class='ocrx_word' id='word_1_230' title='bbox 1136 3750 1205 3815; x_wconf 80' lang='grc' dir='ltr'><strong><em>οὔτε</em></strong></span> <span class='ocrx_word' id='word_1_231' title='bbox 1231 3750 1296 3829; x_wconf 76' lang='grc' dir='ltr'><strong><em>περὶ</em></strong></span> <span class='ocrx_word' id='word_1_232' title='bbox 1321 3752 1392 3821; x_wconf 81' lang='grc' dir='ltr'><strong><em>τοὺς</em></strong></span> <span class='ocrx_word' id='word_1_233' title='bbox 1416 3748 1633 3822; x_wconf 76' lang='grc' dir='ltr'><strong><em>πεθνιιιιότσις”.</em></strong></span> 
     </span>
    </p>

    <p class='ocr_par' dir='ltr' id='par_1_8' title="bbox 795 3853 1985 4993">
     <span class='ocr_line' id='line_1_29' title="bbox 840 3853 1983 3939; baseline -0.003 -18"><span class='ocrx_word' id='word_1_234' title='bbox 840 3857 919 3921; x_wconf 79' lang='lat' dir='ltr'>Ecce</span> <span class='ocrx_word' id='word_1_235' title='bbox 941 3859 1061 3920; x_wconf 89' lang='lat' dir='ltr'>iterum</span> <span class='ocrx_word' id='word_1_236' title='bbox 1084 3855 1252 3931; x_wconf 89' lang='lat' dir='ltr'>Prodicus,</span> <span class='ocrx_word' id='word_1_237' title='bbox 1278 3861 1310 3919; x_wconf 88' lang='lat' dir='ltr'>et</span> <span class='ocrx_word' id='word_1_238' title='bbox 1333 3876 1417 3919; x_wconf 90' lang='lat' dir='ltr'>nunc</span> <span class='ocrx_word' id='word_1_239' title='bbox 1440 3855 1570 3938; x_wconf 89' lang='lat' dir='ltr'>quidem</span> <span class='ocrx_word' id='word_1_240' title='bbox 1594 3854 1781 3939; x_wconf 79' lang='lat' dir='ltr'>Epicureus.</span> <span class='ocrx_word' id='word_1_241' title='bbox 1805 3853 1874 3918; x_wconf 90' lang='lat' dir='ltr'>Iam</span> <span class='ocrx_word' id='word_1_242' title='bbox 1898 3858 1983 3919; x_wconf 92' lang='lat' dir='ltr'>enim</span> 
     </span>
     <span class='ocr_line' id='line_1_30' title="bbox 795 3958 1981 4046; baseline -0.003 -19"><span class='ocrx_word' id='word_1_243' title='bbox 795 3965 939 4046; x_wconf 88' lang='lat' dir='ltr'>sequitur</span> <span class='ocrx_word' id='word_1_244' title='bbox 968 3959 1078 4025; x_wconf 89' lang='lat' dir='ltr'>eadem</span> <span class='ocrx_word' id='word_1_245' title='bbox 1110 3959 1365 4024; x_wconf 86' lang='lat' dir='ltr'>immortalitatis</span> <span class='ocrx_word' id='word_1_246' title='bbox 1396 3961 1592 4045; x_wconf 82' lang='lat' dir='ltr'>oppugnatio</span> <span class='ocrx_word' id='word_1_247' title='bbox 1615 3958 1789 4044; x_wconf 81' lang='lat' dir='ltr'>Epicurea,</span> <span class='ocrx_word' id='word_1_248' title='bbox 1816 3981 1914 4043; x_wconf 91' lang='lat' dir='ltr'>quam</span> <span class='ocrx_word' id='word_1_249' title='bbox 1937 3980 1981 4025; x_wconf 89' lang='lat' dir='ltr'>ca·</span> 
     </span>
     <span class='ocr_line' id='line_1_31' title="bbox 795 4063 1983 4153; baseline -0.002 -22"><span class='ocrx_word' id='word_1_250' title='bbox 795 4070 861 4153; x_wconf 90' lang='lat' dir='ltr'>pite</span> <span class='ocrx_word' id='word_1_251' title='bbox 880 4064 927 4130; x_wconf 95' lang='lat' dir='ltr'>Ill</span> <span class='ocrx_word' id='word_1_252' title='bbox 947 4065 1148 4142; x_wconf 83' lang='lat' dir='ltr'>audivimus,</span> <span class='ocrx_word' id='word_1_253' title='bbox 1169 4065 1223 4128; x_wconf 89' lang='lat' dir='ltr'>sed</span> <span class='ocrx_word' id='word_1_254' title='bbox 1242 4063 1346 4129; x_wconf 88' lang='lat' dir='ltr'>multo</span> <span class='ocrx_word' id='word_1_255' title='bbox 1366 4068 1545 4129; x_wconf 85' lang='lat' dir='ltr'>accuratius</span> <span class='ocrx_word' id='word_1_256' title='bbox 1565 4067 1707 4149; x_wconf 81' lang='lat' dir='ltr'>exposita</span> <span class='ocrx_word' id='word_1_257' title='bbox 1726 4075 1757 4129; x_wconf 89' lang='lat' dir='ltr'>et</span> <span class='ocrx_word' id='word_1_258' title='bbox 1769 4064 1983 4131; x_wconf 88' lang='lat' dir='ltr'>abundantius</span> 
     </span>
     <span class='ocr_line' id='line_1_32' title="bbox 795 4170 1983 4255; baseline -0.003 -17"><span class='ocrx_word' id='word_1_259' title='bbox 795 4179 948 4239; x_wconf 85' lang='lat' dir='ltr'>enarrata.</span> <span class='ocrx_word' id='word_1_260' title='bbox 973 4171 1076 4235; x_wconf 89' lang='lat' dir='ltr'>Unius</span> <span class='ocrx_word' id='word_1_261' title='bbox 1099 4178 1194 4254; x_wconf 89' lang='lat' dir='ltr'>atque</span> <span class='ocrx_word' id='word_1_262' title='bbox 1218 4170 1360 4235; x_wconf 89' lang='lat' dir='ltr'>eiusdem</span> <span class='ocrx_word' id='word_1_263' title='bbox 1387 4170 1523 4255; x_wconf 81' lang='lat' dir='ltr'>exempli</span> <span class='ocrx_word' id='word_1_264' title='bbox 1547 4176 1683 4253; x_wconf 89' lang='lat' dir='ltr'>utroque</span> <span class='ocrx_word' id='word_1_265' title='bbox 1703 4173 1805 4255; x_wconf 89' lang='lat' dir='ltr'>capite</span> <span class='ocrx_word' id='word_1_266' title='bbox 1825 4170 1894 4235; x_wconf 89' lang='lat' dir='ltr'>dari</span> <span class='ocrx_word' id='word_1_267' title='bbox 1913 4174 1983 4235; x_wconf 90' lang='lat' dir='ltr'>imi-</span> 
     </span>
     <span class='ocr_line' id='line_1_33' title="bbox 795 4275 1984 4361; baseline -0.003 -17"><span class='ocrx_word' id='word_1_268' title='bbox 795 4280 948 4344; x_wconf 89' lang='lat' dir='ltr'>tationem</span> <span class='ocrx_word' id='word_1_269' title='bbox 980 4298 1073 4340; x_wconf 90' lang='lat' dir='ltr'>nemo</span> <span class='ocrx_word' id='word_1_270' title='bbox 1104 4279 1245 4340; x_wconf 87' lang='lat' dir='ltr'>monitus</span> <span class='ocrx_word' id='word_1_271' title='bbox 1277 4276 1425 4360; x_wconf 84' lang='lat' dir='ltr'>negabit,</span> <span class='ocrx_word' id='word_1_272' title='bbox 1457 4277 1541 4361; x_wconf 92' lang='lat' dir='ltr'>quod</span> <span class='ocrx_word' id='word_1_273' title='bbox 1565 4275 1751 4361; x_wconf 85' lang='lat' dir='ltr'>exemplum</span> <span class='ocrx_word' id='word_1_274' title='bbox 1777 4314 1818 4325; x_wconf 92' lang='lat'>—</span> <span class='ocrx_word' id='word_1_275' title='bbox 1844 4283 1882 4341; x_wconf 92' lang='lat' dir='ltr'>ut</span> <span class='ocrx_word' id='word_1_276' title='bbox 1906 4277 1984 4342; x_wconf 91' lang='lat' dir='ltr'>allos</span> 
     </span>
     <span class='ocr_line' id='line_1_34' title="bbox 796 4379 1985 4468; baseline 0.001 -22"><span class='ocrx_word' id='word_1_277' title='bbox 796 4391 917 4448; x_wconf 86' lang='lat' dir='ltr'>taceam</span> <span class='ocrx_word' id='word_1_278' title='bbox 941 4420 983 4431; x_wconf 93' lang='lat'><em>-</em></span> <span class='ocrx_word' id='word_1_279' title='bbox 1009 4379 1119 4447; x_wconf 77' lang='lat' dir='ltr'>Cicero</span> <span class='ocrx_word' id='word_1_280' title='bbox 1143 4403 1267 4465; x_wconf 92' lang='lat' dir='ltr'>quoque</span> <span class='ocrx_word' id='word_1_281' title='bbox 1292 4380 1384 4445; x_wconf 78' lang='lat' dir='ltr'>Tusa.</span> <span class='ocrx_word' id='word_1_282' title='bbox 1409 4381 1434 4445; x_wconf 92' lang='lat' dir='ltr'>l.</span> <span class='ocrx_word' id='word_1_283' title='bbox 1453 4380 1588 4447; x_wconf 76' lang='lat'>87—90</span> <span class='ocrx_word' id='word_1_284' title='bbox 1613 4388 1741 4446; x_wconf 88' lang='lat' dir='ltr'>secutus</span> <span class='ocrx_word' id='word_1_285' title='bbox 1762 4388 1810 4446; x_wconf 88' lang='lat' dir='ltr'>est</span> <span class='ocrx_word' id='word_1_286' title='bbox 1834 4383 1886 4460; x_wconf 87' lang='lat' dir='ltr'>(cf.</span> <span class='ocrx_word' id='word_1_287' title='bbox 1912 4404 1985 4468; x_wconf 90' lang='lat' dir='ltr'>quo-</span> 
     </span>
     <span class='ocr_line' id='line_1_35' title="bbox 796 4485 1984 4574; baseline -0.001 -22"><span class='ocrx_word' id='word_1_288' title='bbox 796 4510 856 4574; x_wconf 94' lang='lat' dir='ltr'>que</span> <span class='ocrx_word' id='word_1_289' title='bbox 888 4511 963 4553; x_wconf 91' lang='lat' dir='ltr'>cum</span> <span class='ocrx_word' id='word_1_290' title='bbox 993 4488 1128 4553; x_wconf 78' lang='lat' dir='ltr'>Aniochi</span> <span class='ocrx_word' id='word_1_291' title='bbox 1159 4508 1305 4572; x_wconf 89' lang='lat' dir='ltr'>responso</span> <span class='ocrx_word' id='word_1_292' title='bbox 1337 4485 1402 4553; x_wconf 87' lang='lat' dir='ltr'>Oic.</span> <span class='ocrx_word' id='word_1_293' title='bbox 1434 4488 1527 4553; x_wconf 79' lang='lat' dir='ltr'>Tusa.</span> <span class='ocrx_word' id='word_1_294' title='bbox 1560 4488 1583 4552; x_wconf 91' lang='grc' dir='ltr'>Ι.</span> <span class='ocrx_word' id='word_1_295' title='bbox 1610 4487 1652 4552; x_wconf 87' lang='grc'>83</span> <span class='ocrx_word' id='word_1_296' title='bbox 1685 4495 1717 4552; x_wconf 89' lang='lat' dir='ltr'>et</span> <span class='ocrx_word' id='word_1_297' title='bbox 1748 4510 1822 4552; x_wconf 90' lang='lat' dir='ltr'>cum</span> <span class='ocrx_word' id='word_1_298' title='bbox 1845 4487 1984 4556; x_wconf 82' lang='lat' dir='ltr'>Socratis</span> 
     </span>
     <span class='ocr_line' id='line_1_36' title="bbox 795 4592 1984 4679; baseline 0 -22"><span class='ocrx_word' id='word_1_299' title='bbox 795 4596 896 4679; x_wconf 88' lang='lat' dir='ltr'>ipsius</span> <span class='ocrx_word' id='word_1_300' title='bbox 928 4594 1032 4658; x_wconf 87' lang='lat' dir='ltr'>verbis</span> <span class='ocrx_word' id='word_1_301' title='bbox 1063 4593 1189 4657; x_wconf 86' lang='lat' dir='ltr'>Lueret.</span> <span class='ocrx_word' id='word_1_302' title='bbox 1217 4592 1272 4656; x_wconf 92' lang='lat' dir='ltr'>Ill.</span> <span class='ocrx_word' id='word_1_303' title='bbox 1299 4592 1398 4672; x_wconf 78' lang='lat'>870);</span> <span class='ocrx_word' id='word_1_304' title='bbox 1430 4593 1548 4658; x_wconf 91' lang='lat' dir='ltr'>melius</span> <span class='ocrx_word' id='word_1_305' title='bbox 1579 4600 1688 4657; x_wconf 86' lang='lat' dir='ltr'>autem</span> <span class='ocrx_word' id='word_1_306' title='bbox 1720 4614 1816 4677; x_wconf 91' lang='lat' dir='ltr'>quam</span> <span class='ocrx_word' id='word_1_307' title='bbox 1849 4595 1984 4659; x_wconf 76' lang='lat' dir='ltr'>Aniochi</span> 
     </span>
     <span class='ocr_line' id='line_1_37' title="bbox 796 4696 1982 4783; baseline -0.001 -20"><span class='ocrx_word' id='word_1_308' title='bbox 796 4701 939 4783; x_wconf 85' lang='lat' dir='ltr'>scriptor,</span> <span class='ocrx_word' id='word_1_309' title='bbox 963 4696 1073 4763; x_wconf 82' lang='lat' dir='ltr'>Cicero</span> <span class='ocrx_word' id='word_1_310' title='bbox 1093 4698 1235 4762; x_wconf 85' lang='lat' dir='ltr'>ordinem</span> <span class='ocrx_word' id='word_1_311' title='bbox 1256 4704 1371 4763; x_wconf 82' lang='lat' dir='ltr'>servat.</span> <span class='ocrx_word' id='word_1_312' title='bbox 1404 4699 1490 4763; x_wconf 85' lang='lat' dir='ltr'>Luce</span> <span class='ocrx_word' id='word_1_313' title='bbox 1510 4699 1644 4774; x_wconf 89' lang='lat' dir='ltr'>clarius,</span> <span class='ocrx_word' id='word_1_314' title='bbox 1666 4698 1818 4775; x_wconf 83' lang='lat' dir='ltr'>dixerim,</span> <span class='ocrx_word' id='word_1_315' title='bbox 1839 4700 1899 4764; x_wconf 91' lang='lat' dir='ltr'>hoe</span> <span class='ocrx_word' id='word_1_316' title='bbox 1920 4705 1982 4775; x_wconf 87' lang='lat' dir='ltr'>est,</span> 
     </span>
     <span class='ocr_line' id='line_1_38' title="bbox 795 4803 1981 4890; baseline 0.001 -23"><span class='ocrx_word' id='word_1_317' title='bbox 795 4826 856 4868; x_wconf 92' lang='lat' dir='ltr'>non</span> <span class='ocrx_word' id='word_1_318' title='bbox 889 4806 946 4867; x_wconf 91' lang='lat' dir='ltr'>uui</span> <span class='ocrx_word' id='word_1_319' title='bbox 976 4810 1071 4888; x_wconf 88' lang='lat' dir='ltr'>atque</span> <span class='ocrx_word' id='word_1_320' title='bbox 1102 4803 1205 4868; x_wconf 90' lang='lat' dir='ltr'>eidem</span> <span class='ocrx_word' id='word_1_321' title='bbox 1237 4806 1385 4889; x_wconf 89' lang='lat' dir='ltr'>scriptori</span> <span class='ocrx_word' id='word_1_322' title='bbox 1408 4805 1543 4868; x_wconf 90' lang='lat' dir='ltr'>adscribi</span> <span class='ocrx_word' id='word_1_323' title='bbox 1566 4826 1657 4889; x_wconf 90' lang='lat' dir='ltr'>posse</span> <span class='ocrx_word' id='word_1_324' title='bbox 1680 4811 1854 4889; x_wconf 92' lang='lat' dir='ltr'>utrumque</span> <span class='ocrx_word' id='word_1_325' title='bbox 1877 4811 1981 4890; x_wconf 89' lang='lat' dir='ltr'>caput.</span> 
     </span>
     <span class='ocr_line' id='line_1_39' title="bbox 797 4905 1982 4993; baseline 0.006 -24"><span class='ocrx_word' id='word_1_326' title='bbox 797 4905 879 4970; x_wconf 89' lang='lat' dir='ltr'>Nam</span> <span class='ocrx_word' id='word_1_327' title='bbox 910 4912 957 4972; x_wconf 89' lang='lat' dir='ltr'>ita</span> <span class='ocrx_word' id='word_1_328' title='bbox 987 4911 1156 4974; x_wconf 86' lang='lat' dir='ltr'>convenire</span> <span class='ocrx_word' id='word_1_329' title='bbox 1187 4930 1224 4973; x_wconf 91' lang='lat' dir='ltr'>ea</span> <span class='ocrx_word' id='word_1_330' title='bbox 1256 4910 1395 4986; x_wconf 88' lang='lat' dir='ltr'>videbis,</span> <span class='ocrx_word' id='word_1_331' title='bbox 1428 4912 1455 4973; x_wconf 89' lang='lat' dir='ltr'>si</span> <span class='ocrx_word' id='word_1_332' title='bbox 1479 4913 1592 4993; x_wconf 86' lang='lat' dir='ltr'>capitis</span> <span class='ocrx_word' id='word_1_333' title='bbox 1616 4909 1731 4974; x_wconf 89' lang='lat' dir='ltr'>decimi</span> <span class='ocrx_word' id='word_1_334' title='bbox 1753 4912 1884 4974; x_wconf 88' lang='lat' dir='ltr'>initium</span> <span class='ocrx_word' id='word_1_335' title='bbox 1909 4933 1982 4976; x_wconf 89' lang='lat' dir='ltr'>eum</span> 
     </span>
    </p>
   </div>
   <div class='ocr_carea' id='block_1_3' title="bbox 0 0 2568 6149">
    <p class='ocr_par' dir='ltr' id='par_1_9' title="bbox 0 0 2568 6149">
     <span class='ocr_line' id='line_1_40' title="bbox 0 0 2568 6149; baseline 0 0"><span class='ocrx_word' id='word_1_336' title='bbox 0 0 2568 6149; x_wconf 95' lang='lat' dir='ltr'> </span> 
     </span>
    </p>
   </div>
  </div>
 </body>
</html>
