5125 6150
782 829 849 895 356
1302 845 1455 893 ornrrou.

782 1016 815 1076 et
837 1009 869 1074 II
892 1007 1118 1083 conscriberet,
1149 1010 1215 1070 iam
1240 1010 1343 1071 oritur
1366 1009 1521 1092 suspicio,
1546 1008 1711 1075 hominem
1735 1013 1836 1076 istum
1860 1033 1978 1097 parum

783 1115 931 1191 doctum,
963 1115 1035 1197 qui,
1064 1117 1101 1175 ut
1125 1111 1232 1176 ubivis
1256 1118 1403 1196 apparet,
1434 1111 1570 1178 alienam
1594 1116 1786 1198 sapientiam
1809 1116 1978 1182 levissimo

782 1221 889 1285 labore
916 1224 1082 1304 congerat,
1111 1239 1173 1281 nou
1200 1218 1383 1302 deposuisse
1413 1223 1576 1282 auctorem
1603 1218 1699 1283 illum
1727 1223 1761 1285 in
1788 1224 1892 1307 capite
1923 1222 1978 1286 Ill.

783 1327 932 1410 Augetur
950 1343 987 1388 ea
1006 1325 1163 1406 suspicio,
1184 1343 1259 1386 cum
1279 1328 1385 1386 totum
1406 1328 1503 1406 caput
1522 1322 1730 1408 perlegimus.
1751 1324 1788 1389 In
1806 1347 1869 1410 qno
1883 1365 1926 1375 —
1940 1333 1980 1391 ut

783 1433 953 1494 mittamus
965 1426 1112 1492 flosculos
1126 1433 1159 1492 at
1170 1426 1479 1503 circumlocutiones,
1489 1428 1606 1511 quibus
1618 1429 1795 1494 secundum
1807 1452 1881 1496 suae
1894 1438 1981 1497 aeta·

782 1538 824 1615 tis
844 1555 949 1599 mores
962 1531 1214 1618 ps-Plutarchus
1227 1553 1406 1597 sermonem
1419 1530 1583 1599 Crantoris
1596 1538 1723 1599 ornavit
1734 1534 1850 1614 (veluti
1863 1539 1981 1615 ἀλγεῖν

783 1637 1091 1714 ancillaverint,
1113 1636 1217 1714 ἄγριον
1237 1638 1301 1701 καὶ
1323 1638 1506 1717 σκληρόν)
1524 1659 1639 1703 —uno
1652 1644 1840 1724 praesertim
1853 1645 1980 1709 maiore

782 1745 998 1809 additamento
1018 1741 1217 1808 offendimur.
1237 1742 1361 1827 Nempe
1373 1742 1547 1807 indolentia
1559 1746 1716 1809 severiore
1726 1744 1784 1810 illa
1795 1748 1980 1832 improbata

781 1871 911 1916 causam
934 1855 1062 1934 propter
1086 1869 1182 1932 quam
1206 1847 1415 1932 improbanda
1438 1850 1481 1912 sit
1504 1848 1555 1912 his
1580 1851 1687 1915 verbis
1710 1850 1816 1917 addit:
1840 1855 1980 1933 ἀφαιρή-

781 1981 870 2021 σεται
902 1956 967 2036 γὰρ
990 1956 1073 2032 ἡμῶν
1096 1952 1176 2028 αὕτη
1201 1956 1256 2028 τὴν
1280 1953 1314 2016 εἰι
1337 1958 1391 2017 roc
1415 1956 1575 2032 Φιλεῖσέαι
1600 1956 1652 2020 καὶ
1678 1963 1785 2036 Φιλεῒν
1808 1958 1976 2024 εὔνοιαν

783 2053 815 2134 ἣν
845 2061 960 2132 παντὸς
991 2064 1114 2138 μᾶλλον
1145 2057 1301 2140 διασῴζειν
1335 2059 1520 2135 αναγκαῖον.
1554 2062 1588 2125 σέ
1619 2061 1649 2126 δέ
1681 2062 1760 2141 πέρα
1785 2069 1839 2128 τσῦ
1862 2065 1977 2146 μέτρια

781 2167 1025 2247 παρεκφέρεσθαι
1061 2166 1112 2230 καὶ
1148 2164 1307 2242 συναύξειν
1337 2164 1379 2229 σὰ
1411 2164 1502 2239 σένέιι
1534 2167 1621 2246 παρὰ
1652 2168 1747 2248 Φύσιν
1777 2165 1856 2234 rival
1888 2176 1976 2251 Φημι

781 2274 849 2339 καὶ
876 2275 948 2338 ὑπὸ
972 2280 1042 2346 τῆς
1066 2272 1104 2334 έν
1129 2271 1223 2345 ἡμῖν
1246 2269 1413 2350 Φαόλιις
1438 2272 1661 2347 γίγνεσθαι
1681 2273 1813 2352 δέξας·
1842 2278 1898 2340 Διὸ
1919 2277 1973 2340 καὶ

781 2385 869 2445 ταῦτα
899 2380 956 2454 μὲν
985 2378 1090 2441 έασέσν
1108 2378 1148 2448 ὥς
1171 2376 1330 2454 βλαβερὸν
1352 2376 1405 2441 καὶ
1430 2383 1554 2457 Φαῦλσν
1577 2378 1629 2442 καὶ
1654 2379 1896 2453 σπουδαίαις
1919 2383 1975 2446 ἐν·

781 2487 903 2564 έρῶσσιι
935 2484 1047 2560 ἥκιστα
1076 2483 1198 2560 πρέπον.
1233 2482 1321 2546 Haec
1344 2485 1496 2566 quoniam
1520 2505 1582 2548 non
1606 2484 1701 2549 habet
1725 2483 1835 2552 Cicero
1858 2490 1915 2572 qni
1938 2490 1975 2552 in

779 2588 949 2655 Tusculan.
974 2587 1031 2652 III.
1056 2587 1144 2651 6.12
1168 2590 1363 2651 coniunctim
1386 2589 1482 2652 refert
1506 2610 1542 2653 aa
1565 2610 1645 2674 quae
1668 2589 1754 2655 hisce
1776 2595 1808 2655 in
1835 2592 1974 2677 ps.-Plu-

779 2697 888 2760 tarcho
913 2696 1166 2779 praemittuntur
1188 2701 1284 2778 atque
1308 2713 1445 2777 eaquae
1469 2697 1580 2758 statim
1604 2705 1791 2780 sequuntur,
1816 2697 1973 2764 alterum-

779 2808 892 2865 utrum
914 2819 1081 2864 sumamus
1104 2819 1230 2863 necesse
1253 2805 1317 2863 est:
1341 2805 1398 2863 aut
1420 2797 1625 2864 Crantoream
1649 2801 1779 2885 quidem
1803 2804 1884 2869 hanc
1903 2826 1974 2870 esse

779 2909 989 2982 sententiam,
1022 2904 1076 2969 sed
1107 2925 1126 2968 a
1148 2902 1299 2970 Cicerone
1322 2903 1469 2969 consulto
1492 2907 1525 2968 in
1549 2908 1695 2971 versione
1719 2911 1889 2988 omissam,
1913 2919 1973 2976 aut

779 3035 843 3079 nou
874 3034 910 3077 er
944 3008 1094 3077 Crantore
1120 3009 1174 3073 sed
1198 3030 1237 3073 er
1260 3009 1324 3073 alio
1348 3010 1435 3074 fonte
1458 3031 1476 3076 a
1499 3011 1724 3097 ps.·P1utarchi
1748 3021 1875 3081 auctore
1899 3036 1972 3082 eam

779 3140 846 3184 esse
869 3117 1082 3201 desumptam.
1111 3114 1195 3179 Mihi
1219 3114 1348 3199 quidem
1374 3118 1462 3200 optio
1485 3136 1684 3201 nequaquam
1710 3119 1807 3185 dubia
1831 3122 1970 3190 videtur.

779 3225 863 3288 Nam
883 3245 945 3287 non
965 3221 1070 3287 solum
1091 3229 1157 3285 tam
1177 3222 1255 3285 bene
1274 3222 1419 3285 cohaeret
1440 3224 1540 3285 oratio
1559 3225 1592 3286 in
1612 3221 1775 3289 Crantoris
1788 3227 1971 3313 fragmento

779 3329 862 3415 quod
893 3327 1003 3393 Cicero
1033 3325 1079 3391 l.l.
1112 3325 1238 3402 laudat,
1271 3334 1309 3390 ut
1337 3326 1508 3391 admodum
1533 3326 1588 3390 fiat
1610 3330 1821 3413 improbabile
1844 3331 1968 3418 aliquid

777 3438 933 3500 omissum
949 3454 1030 3510 esse;
1051 3431 1104 3495 sed
1118 3431 1373 3496 additamentum
1386 3431 1674 3517 ps.-Plutarcheum
1686 3458 1750 3500 non
1763 3438 1968 3505 Academiam

777 3543 875 3624 sapit,
893 3559 1006 3603 rerum
1027 3536 1147 3601 Stoam.
1173 3536 1296 3602 Stoicae
1321 3538 1469 3602 dictionis
1492 3541 1556 3602 iam
1581 3542 1673 3605 initio
1696 3545 1810 3627 capitis
1829 3548 1970 3633 vestigia

777 3643 1059 3729 deprehendimus,
1084 3664 1159 3707 nam
1183 3664 1219 3707 ea
1243 3664 1323 3727 quae
1347 3642 1456 3709 Cicero
1481 3642 1573 3709 Tusa.
1594 3644 1650 3709 111.
1673 3646 1727 3711 29.
1742 3648 1782 3712 '71
1803 3652 1851 3714 ita
1871 3655 1970 3716 vertit

779 3755 913 3827 „natura
940 3748 1028 3813 affert
1056 3746 1220 3812 dolorem''
1242 3751 1298 3811 vix
1318 3770 1336 3812 a
1356 3746 1507 3814 Crantore
1527 3749 1612 3814 hisce
1633 3752 1739 3816 verbis
1759 3752 1843 3819 dicta
1861 3766 1967 3833 erant;

779 3857 931 3935 „taurento
964 3854 1030 3932 ἔχει
1058 3854 1274 3931 esayam,
1300 3857 1488 3938 praesertim
1513 3863 1619 3921 autem
1644 3857 1790 3923 Stoicum
1813 3868 1862 3926 est
1884 3861 1969 3928 illud

779 3960 865 4038 „aci
898 3960 965 4023 οὐκ
994 3958 1052 4034 ἐφ’
1084 3958 1209 4032 ἡμῖν’.
1241 3959 1405 4024 Firmatur
1429 3960 1505 4024 haec
1529 3964 1667 4045 suspicio
1691 3966 1722 4027 in
1748 3969 1990 4050 sequentibus·

776 4065 860 4133 Cum
880 4068 965 4129 enirn
985 4066 1018 4126 in
1039 4063 1099 4128 fine
1118 4067 1231 4148 capitis
1250 4065 1452 4129 mediocritas
1470 4063 1530 4129 illa
1548 4086 1565 4129 a
1585 4065 1737 4134 Crantore
1758 4092 1795 4135 eo
1807 4093 1969 4139 commen-

777 4172 871 4235 detur
889 4174 1097 4254 argumento,
1120 4170 1203 4253 quod
1224 4189 1260 4233 ea
1279 4173 1307 4233 si
1326 4170 1409 4234 absit
1429 4173 1636 4246 „immanitas
1654 4175 1688 4236 in
1708 4177 1832 4253 animo,
1853 4185 1970 4264 stupor

774 4278 809 4340 in
833 4294 960 4359 corpore
983 4273 1164 4345 nascatur''‚
1189 4276 1243 4337 vir
1267 4274 1461 4351 verisimile,
1487 4278 1550 4339 iam
1575 4282 1667 4341 antea
1690 4278 1753 4344 alia
1775 4283 1808 4345 in
1833 4284 1968 4351 eandam

689 4357 697 4368 ’
774 4401 843 4445 rem
861 4385 1053 4464 argumenta
1072 4399 1090 4442 a
1108 4381 1261 4462 scriptore
1281 4381 1378 4444 fuisse
1400 4378 1505 4444 allata.
1530 4377 1670 4446 Gravius
1692 4406 1768 4450 vero
1791 4394 1855 4464 est,
1880 4393 1968 4474 quod

775 4485 851 4548 haec
871 4489 1061 4568 argumenta
1080 4504 1142 4547 non
1162 4504 1236 4548 cum
1257 4486 1461 4561 Academiae,
1483 4484 1537 4549 sed
1558 4506 1632 4549 cum
1644 4486 1823 4555 Stoicorum
1836 4492 1967 4577 placitis

774 4592 977 4654 conveniunt.
999 4588 1081 4653 Nam
1102 4589 1186 4672 quod
1203 4592 1308 4673 primo
1319 4589 1387 4654 loco
1399 4589 1537 4666 affertur,
1551 4591 1705 4657 ἀπάθειαν
1716 4594 1807 4660 illam
1821 4597 1966 4685 benigni-

774 4697 833 4759 tati
862 4694 970 4758 obesse
1001 4713 1081 4778 quae
1105 4714 1144 4757 er
1169 4700 1283 4759 mutuo
1307 4698 1429 4759 oriatur
1451 4715 1577 4772 amore,
1603 4697 1635 4760 id
1659 4698 1752 4782 plane
1776 4707 1966 4771 recentioris

773 4798 867 4862 Stoae
890 4804 938 4862 est
962 4804 1177 4883 praeceptum.
1202 4797 1390 4865 Communis
1415 4802 1501 4863 enim
1527 4805 1740 4867 recentiorum
1764 4805 1963 4889 Stoicorum,

773 4905 839 4965 iam
872 4905 979 4966 minus
1010 4923 1105 4987 quam
1136 4902 1219 4969 Zeno
1251 4909 1347 4989 atque
1378 4904 1547 4971 Cleanthes
1578 4906 1722 4973 fecerunt
1754 4911 1963 4980 indolentiam
