5125 6150
1054 882 1097 928 66
1121 880 1352 928 6666666666
1374 880 1511 928 666666.
1807 862 1873 926 425

683 1052 806 1130 quenter
837 1051 869 1109 et
898 1051 987 1110 16166
1010 1044 1072 1109 1661
1096 1052 1187 1109 tenor
1209 1044 1351 1109 efficiunt
1375 1051 1412 1107 ut
1435 1043 1677 1108 fraudulentum
1702 1043 1876 1108 artificium

684 1173 770 1216 nunc
801 1172 928 1236 qnoque
959 1154 1044 1238 carpi
1077 1173 1151 1217 cum
1183 1151 1401 1215 Schoemanno
1425 1170 1588 1229 censeam,
1612 1150 1698 1214 haud
1721 1148 1878 1214 dissimile

685 1255 757 1321 dolo
783 1257 937 1322 militiam
959 1257 1226 1332 detrectantium,
1251 1259 1307 1341 qui
1331 1277 1447 1320 nomen
1470 1276 1566 1320 snum
1590 1255 1659 1320 loco
1685 1254 1789 1321 alieno
1814 1253 1877 1319 albi

684 1362 830 1427 militum
849 1362 1086 1428 inscribendum
1107 1362 1277 1438 curabant,
1299 1363 1384 1426 κατὰ
1405 1360 1540 1431 ancolim
1557 1361 1827 1441 μετενεγράφοντν
1844 1361 1876 1440 ¹).

686 1467 749 1535 061
771 1471 1027 1555 interpretationi
1051 1470 1180 1554 egregie
1204 1470 1353 1532 66666611
1376 1467 1494 1533 1666116
1514 1469 1567 1531 οὐκ
1587 1468 1673 1545 ἐτός,
1693 1468 1770 1532 haec
1791 1453 1877 1531 enim

687 1580 869 1639 constanter
908 1580 1084 1659 usurpatur
1120 1573 1158 1637 de
1192 1574 1287 1637 rebus
1322 1573 1354 1635 in
1390 1573 1638 1655 vituperationem
1675 1573 1879 1638 venientibus

687 1681 848 1766 simulque
879 1682 1082 1744 mirationem
1114 1680 1335 1756 moventibus,
1369 1698 1506 1762 quarum
1538 1702 1626 1742 66666
1658 1684 1742 1744 certe
1773 1677 1879 1762 palam

686 1791 753 1853 iam
786 1808 852 1851 6666
883 1786 1018 1862 dicatur,
1048 1784 1125 1850 11661
1156 1783 1207 1849 661
1237 1783 1879 1864 616611616661066616616616111661).

687 1892 824 1957 Nonnisi
847 1890 931 1956 Eccl.
956 1890 1021 1956 245
1054 1899 1085 1955 et
1109 1890 1192 1954 Plat.
1219 1889 1297 1974 Rep.
1323 1889 1410 1954 568o
1434 1891 1578 1955 nonnihil
1602 1891 1799 1975 discrepant,
1825 1893 1880 1975 qui

687 2005 765 2063 6661
795 1997 909 2062 leniter
940 1996 1142 2060 irridentium.
1167 1995 1279 2080 Itaque
1304 1998 1393 2079 sequi
1418 2017 1502 2060 6666
1525 2018 1587 2061 666
1610 2018 1743 2081 possum
1766 1995 1880 2060 Praen-

688 2103 831 2182 kelium,
864 2124 961 2188 quem
994 2102 1055 2166 fide
1088 2101 1224 2187 dignum
1257 2122 1349 2185 saepe
1381 2108 1530 2186 expertus
1561 2124 1634 2167 sum
1666 2103 1795 2180 ducem;
1829 2102 1881 2166 hic

690 2213 776 2274 enim
810 2208 848 2273 de
880 2207 1089 2272 heliastarnm
1121 2210 1272 2272 instituto
1305 2214 1397 2272 acute
1427 2207 1592 2292 disputans
1623 2209 1794 2294 probatum
1819 2210 1882 2272 ivit

689 2338 751 2380 nou
784 2313 885 2379 malas
910 2315 1063 2398 quasdem
1086 2319 1300 2378 artes-nostro
1323 2313 1392 2378 loco
1416 2317 1508 2399 tangi
1531 2313 1585 2378 sed
1609 2320 1733 2379 certum
1757 2335 1880 2379 morem

689 2426 760 2508 ipsa
779 2420 850 2506 lege
869 2422 1047 2485 sancitum:
1077 2420 1150 2496 „die
1168 2418 1303 2484 Summe
1323 2441 1386 2484 666
1408 2419 1473 2484 500
1494 2419 1704 2505 Mitgliedern
1725 2420 1778 2485 fiir
1793 2420 1882 2505 jedes

692 2526 918 2605 „Dikasterion
941 2525 1047 2590 wurde
1066 2525 1205 2590 dadurch
1226 2527 1363 2591 erreicht
1380 2525 1451 2590 dass
1471 2525 1522 2591 die
1542 2523 1703 2590 einzelnen
1715 2525 1881 2590 Heliaaten

693 2631 959 2710 ,‚verschiedenen
983 2631 1143 2697 Sectiones
1166 2631 1313 2718 augleich
1337 2633 1549 2718 angehdrten;
1575 2634 1619 2696 sie
1646 2653 1709 2696 war
1732 2631 1797 2696 6166
1821 2653 1881 2696 nur

692 2741 784 2816 „eine
818 2738 925 2803 1161166
960 2736 1169 2823 Normirung.
1206 2738 1282 2802 Dies
1314 2741 1358 2803 ist
1389 2738 1461 2802 klar
1491 2737 1557 2801 und
1581 2736 1723 2802 deutlich
1747 2739 1883 2823 bezeugt

691 2846 745 2923 „in
782 2843 1010 2928 Aristophanes
1044 2842 1159 2909 Plutoe
1191 2843 1228 2909 V.
1264 2843 1382 2908 1164”.
1420 2881 1461 2892 —
1497 2843 1584 2923 Quae
1619 2865 1668 2908 res
1704 2847 1730 2908 si
1765 2847 1812 2908 ita
1849 2865 1881 2909 se

690 2951 870 3026 habuisset,
895 2953 964 3014 eius
986 2952 1068 3015 ratio
1091 2952 1211 3014 nemini
1235 2950 1369 3014 obscura
1393 2971 1460 3015 6666
1480 2953 1654 3035 potuisset,
1675 2969 1777 3033 neque
1794 2972 1882 3032 saepe

691 3055 846 3122 heliastaa
876 3055 931 3121 sed
962 3080 1058 3120 ommes
1079 3079 1192 3139 semper
1215 3055 1376 3121 dedissent
1398 3078 1526 3142 operam
1550 3063 1587 3121 ut
1611 3055 1812 3134 „multarum
1836 3078 1881 3121 66

690 3168 761 3227 6661
784 3161 1007 3239 litterarum’';
1033 3161 1180 3229 (larionis
1203 3169 1313 3227 autem
1333 3163 1431 3228 verba
1453 3184 1556 3239 „nunc
1577 3162 1706 3227 demum
1728 3160 1881 3248 intellego

691 3267 768 3353 quid
793 3268 869 3332 boni
892 3267 925 3332 id
948 3268 1085 3333 habeat’'
1110 3268 1285 3333 admodum
1309 3290 1360 3332 me
1383 3267 1488 3334 iudice
1511 3269 1616 3333 forent
1638 3270 1754 3333 ieiuna.

736 3373 847 3457 ltaque
878 3375 958 3438 hanc
988 3374 1070 3438 mihi
1100 3374 1230 3454 νὶπορίνν
1262 3376 1323 3439 6161
1347 3381 1403 3438 661
1426 3377 1495 3459 ipse
1519 3374 1675 3440 Fraenkel
1698 3374 1803 3441 661661
1826 3381 1883 3440 661

691 3500 776 3543 6666
807 3500 845 3543 er
874 3482 915 3543 iis
946 3480 1063 3564 quibus
1093 3468 1268 3564 probabilis
1300 3480 1429 3545 videtur
1460 3483 1529 3545 6166
1561 3482 1736 3556 666166116,
1768 3479 1882 3546 Schoe-

690 3605 845 3649 mannnm
869 3588 976 3670 potius
999 3606 1121 3670 sequar.

740 3803 793 3867 Vs.
821 3802 917 3867 1123.
943 3802 1045 3879 „Olim
1066 3825 1158 3886 meque
1171 3803 1267 3884 pomis
1289 3803 1363 3866 mihi
1382 3807 1485 3868 deerat
1504 3806 1717 3890 quotidiamue”
1737 3843 1776 3853 -
1799 3806 1883 3870 Mer·

691 3911 799 3973 curius
823 3911 935 3973 ait-
960 3931 1073 3993 „meque
1097 3908 1257 3987 bellumd’,

917 4013 977 4077 evol
1003 4014 1033 4078 li
1057 4020 1164 4078 πεινῶν
1187 4015 1352 4092 ἀναβάδην
1374 4017 1589 4090 ἀναπαύομαι.

691 4120 792 4185 Vetus
822 4127 871 4184 est
901 4123 1045 4205 quaestio
1077 4120 1267 4190 adverbium
1300 4122 1463 4199 ἀναβάδην
1495 4121 1639 4186 valeatne
1668 4121 1882 4206 sublimemur

684 4227 814 4309 pedibas
846 4248 961 4290 ocream
985 4248 1085 4289 nerem
1110 4227 1246 4291 retentis.
1272 4228 1432 4313 Equidem
1455 4230 1488 4291 in
1514 4228 1716 4292 annotatione
1741 4225 1779 4291 ad
1803 4227 1880 4291 Ach.
1962 4213 1964 4219 ’

691 4331 760 4396 399
793 4332 959 4397 observavi
983 4339 1153 4416 utramque
1176 4334 1210 4395 in
1234 4332 1364 4396 scholiis
1388 4332 1522 4417 proferri
1546 4331 1806 4416 explicationem,
1831 4352 1883 4396 66-

691 4459 761 4503 ram
790 4443 899 4502 autem
923 4439 1003 4501 mihi
1028 4438 1131 4503 videri
1154 4440 1305 4523 priorem.
1330 4437 1421 4517 Quod
1445 4440 1595 4521 qnoniam
1620 4437 1713 4501 video
1737 4438 1883 4520 assequi

694 4550 830 4629 negent,
872 4545 1038 4609 observare
1080 4544 1179 4609 velim
1219 4550 1327 4608 nostro
1363 4542 1431 4608 loco
1465 4544 1613 4607 mllimem
1649 4543 1687 4607 de
1722 4542 1882 4607 Mercurio

722 4804 750 4949 01
768 4804 807 4934 §id
823 4803 984 4941 1111341111(1
978 4838 1027 4932 lla
1048 4886 1089 4932 dv.
1109 4882 1268 4933 6166666.
1289 4882 1335 4931 021
1356 4881 1421 4930 Ρ161.
1439 4883 1488 4931 404
1506 4883 1534 4931 ir.
1555 4882 1586 4930 10
1603 4880 1734 4929 Philetaer.
1753 4884 1767 4930 1
1786 4881 1882 4932 Δ66ιίΙ.

690 4970 724 5017 30
743 4969 969 5032 Plat.1tep.4140.

1704 5061 1736 5110 29
