5125 6150
799 824 865 891 264
1308 841 1474 889 accursus.

842 1006 941 1090 §25:
974 1014 1121 1084 Κρατῖνος
1152 1005 1179 1068 δ’
1210 1006 1224 1068 ὁ
1257 1014 1314 1079 τῆς
1346 1003 1507 1082 κωμῳδίας
1531 1006 1657 1078 ποιητίις
1687 1004 1771 1068 ἐπτίι
1795 1003 1868 1083 πρὸς
1891 1001 1989 1074 ἐνενιί-

799 1134 892 1175 ιιοντα
928 1110 1026 1175 ἐτεσιν
1060 1111 1171 1185 ἐβίυσε
1207 1111 1259 1173 καί
1297 1110 1371 1187 πρὸς
1402 1112 1444 1188 τῷ
1476 1110 1559 1173 τέλει
1590 1114 1643 1173 τοῦ
1674 1109 1744 1185 βίου
1775 1106 1903 1183 διδάξας
1934 1109 1989 1181 τίην

798 1218 932 1289 Πυτίνην
961 1216 1012 1278 καί
1045 1217 1170 1287 νιιιιίσας
1203 1216 1275 1289 μετ’
1300 1218 1333 1279 οὐ
1357 1215 1438 1277 πολὺ
1461 1215 1622 1279 ἐτελεύτα.
1646 1214 1716 1277 Hoc
1739 1216 1767 1277 si
1789 1213 1988 1297 probabitur,

799 1342 900 1406 quum
924 1319 1075 1386 Cratinus
1098 1321 1228 1391 Πυτίνην
1253 1321 1397 1384 docuerit
1419 1341 1501 1385 anno
1521 1319 1598 1396 423,
1616 1322 1762 1403 sequitur
1780 1326 1892 1384 natum
1912 1338 1989 1381 eum

798 1448 865 1491 esse
896 1447 976 1490 anno
1007 1424 1089 1501 519;
1125 1425 1180 1489 sed
1211 1434 1284 1489 ante
1315 1425 1454 1489 sedecim
1485 1446 1584 1489 annos
1614 1428 1648 1488 in
1678 1427 1767 1489 Actis
1798 1423 1988 1488 Academiae

798 1531 918 1617 Regiae
948 1533 1073 1615 suscepi
1104 1531 1322 1595 demonstrare
1353 1532 1434 1595 hanc
1466 1530 1692 1606 πεπλασμένην
1722 1550 1790 1594 esse
1821 1528 1988 1606 παράδοσιν

798 1636 949 1721 nullaque
984 1637 1045 1700 tide
1080 1637 1224 1720 dignam.
1267 1636 1482 1721 Praecipuum
1516 1643 1745 1722 argumentum
1780 1633 1989 1720 repetendum

798 1743 877 1806 duxi
910 1764 949 1807 ex
983 1743 1212 1826 Aristophane,
1248 1745 1305 1825 qui
1340 1745 1374 1805 in
1403 1742 1561 1826 Equitum
1592 1742 1736 1825 parabasi
1766 1762 1813 1805 rs.
1846 1739 1911 1804 518
1942 1742 1991 1804 ita

798 1849 927 1912 scribit:

867 1952 952 2027 ὑμᾶς
975 1976 1010 2015 τε
1036 1949 1137 2015 τοίλαι
1161 1953 1393 2030 διαγιγνώσκων
1417 1952 1573 2024 ἐπετείους
1596 1954 1651 2025 τὴν
1674 1951 1767 2031 Φύσιν
1791 1950 1881 2022 ὄντας

867 2059 919 2122 καί
943 2059 1015 2129 τοὺς
1035 2059 1193 2137 προτέρους
1213 2061 1270 2122 τῶν
1292 2065 1422 2133 ποιητῶν
1443 2057 1530 2134 ἅμα
1549 2060 1598 2135 τῷ
1617 2059 1721 2140 γιίρα
1740 2057 1943 2135 προδιδόντας.

799 2163 890 2242 Quod
920 2170 956 2228 ut
988 2163 1151 2239 ostendat,
1183 2163 1272 2228 affert
1302 2164 1450 2248 exempla
1482 2164 1645 2250 Magnetis
1673 2171 1705 2227 et
1728 2162 1868 2239 Cratini,
1892 2182 1990 2246 quem

799 2290 874 2333 cnm
908 2271 1157 2355 cognoverimus
1187 2270 1389 2354 praecedenti
1419 2291 1518 2345 anno,
1554 2290 1617 2354 quo
1649 2290 1730 2334 anno
1763 2268 1990 2352 Aristophanes

799 2375 1016 2440 Acharnenses
1047 2375 1210 2452 exhibuit,
1241 2376 1417 2440 secundum
1448 2380 1481 2441 in
1507 2382 1673 2461 poetarum
1696 2376 1868 2439 certamine
1891 2373 1991 2436 fuisse

798 2483 1036 2558 renunciatum,
1054 2484 1200 2564 sequitur
1215 2502 1278 2545 non
1296 2501 1403 2545 senem
1425 2483 1679 2566 nonagenarium
1694 2478 1862 2546 Cratinum
1875 2478 1988 2555 fuisse,

798 2589 854 2670 qui
885 2589 1053 2651 victoriam
1084 2589 1304 2669 reportaverit.
1329 2584 1528 2652 Crediderim
1552 2586 1700 2671 equidem
1724 2598 1852 2669 postam
1874 2591 1989 2648 natum

799 2712 865 2755 esse
895 2694 978 2756 circa
1009 2712 1128 2755 annum
1158 2690 1235 2767 480,
1268 2704 1306 2755 ut
1330 2695 1497 2777 sexaginta
1521 2692 1586 2755 sere
1608 2711 1764 2755 annorum
1787 2690 1901 2765 fuerit,
1925 2709 1989 2772 quo

798 2817 879 2860 anno
902 2795 1131 2880 Aristophanes
1155 2796 1271 2860 Pacem
1295 2795 1412 2861 docuit.
1437 2795 1474 2860 In
1498 2818 1534 2861 ea
1558 2795 1666 2861 sabula
1690 2803 1781 2880 poeta
1803 2795 1842 2858 de
1862 2792 1989 2859 aemulo

798 2901 941 2985 loquitur
972 2912 1123 2985 tanquam
1153 2910 1299 2978 mortuo,
1325 2901 1379 2966 sed
1402 2900 1542 2968 Cobetus
1565 2902 1603 2965 ad
1628 2901 1793 2966 Platonem
1819 2898 1989 2966 Comicum

798 3028 829 3093 p.
862 3006 904 3071 87
937 3007 1184 3072 festivissimum
1216 3010 1325 3073 iocum
1356 3008 1538 3073 felicissime
1568 3008 1732 3092 expedivit
1761 3008 1910 3092 idemque
1942 3027 1989 3070 ar·

797 3118 992 3199 gumentum
1022 3113 1213 3178 Zielinskius
1244 3118 1429 3179 retractavit
1461 3118 1495 3178 in
1526 3115 1632 3177 AIrccco
1663 3114 1808 3176 Rhcncao
1841 3111 1986 3176 XXXIX

798 3240 829 3302 p.
855 3217 930 3282 301.

1229 3385 1354 3448 Patriae
1377 3385 1559 3448 It'acomiuat.

841 3535 858 3618 ξ
879 3534 910 3598 8.
942 3533 1004 3613 Qui
1028 3556 1159 3621 peregre
1182 3535 1418 3613 inclaruerunt,
1443 3557 1495 3601 eos
1520 3534 1582 3604 ἐςιν
1605 3538 1678 3601 ίδεῖν
1701 3537 1743 3607 είς
1769 3539 1823 3609 την
1848 3537 1986 3613 πατρίδα

798 3640 956 3713 ποίντας
978 3642 1204 3717 ἐπειγομένους.
1224 3642 1295 3706 Ηοο
1315 3642 1445 3726 quidem
1465 3645 1605 3706 nimium
1622 3649 1713 3707 estet
1724 3640 1985 3727 praeferendum:

797 3743 965 3816 ποίντοις.
1001 3745 1161 3812 Continuo
1196 3750 1358 3831 sequitur:
1394 3749 1433 3821 ὥς
1469 3750 1521 3812 οὖν
1555 3748 1594 3811 ἐν
1629 3748 1659 3810 ἐν
1689 3746 1798 3819 ἄλλοις
1828 3745 1987 3822 βελτίοσιν

797 3848 1128 3928 ἐπιδειξομένουο
1164 3853 1206 3915 τίν
1240 3855 1339 3917 αὐτῶν
1375 3854 1462 3917 ιιαλοί
1497 3859 1530 3917 et
1564 3856 1665 3918 miror
1692 3853 1898 3919 lacobitzium
1930 3858 1987 3938 qni

796 3956 875 4020 talia
905 3978 967 4021 non
997 3962 1178 4023 correxerit.
1208 3959 1271 4023 Sed
1300 3962 1571 4024 constructionem
1601 3965 1731 4023 excusat
1761 3959 1984 4024 Hartmannus

796 4061 888 4125 stud.
912 4060 1042 4126 Lucian.
1067 4084 1097 4147 p.
1123 4061 1177 4127 23.

841 4280 939 4363 §llz
972 4281 985 4342 d
1017 4287 1071 4352 τῆς
1097 4280 1240 4359 πατρίδος
1265 4281 1350 4359 αὐτῷ
1375 4280 1489 4352 καπνὸς
1514 4280 1726 4360 λαμπρότερος
1750 4282 1983 4360 ὀφθήσεται

798 4387 848 4446 τοῦ
873 4386 945 4460 παρ’
970 4383 1077 4456 ἄλλοις
1103 4384 1204 4464 capric.
1229 4385 1337 4450 Malo:
1362 4385 1632 4465 Φανιίσεπαι.’

1254 4552 1302 4614 Dc
1324 4551 1522 4632 Dipsadibua.

840 4699 916 4783 §4:
948 4698 1058 4775 βοῶσιν
1089 4697 1187 4781 ὥσπερ
1216 4703 1242 4765 οί
1275 4702 1305 4764 ἐν
1329 4707 1410 4780 πυρᾷ
1434 4702 1628 4776 ιιείμενοι.
1661 4702 1785 4767 Mirum
1809 4707 1842 4768 ni
1865 4725 1982 4769 rerum

795 4811 859 4868 est:
885 4805 1092 4880 saducaei.
1880 4812 1883 4819 ’
