5125 6150
799 782 864 849 138
1297 802 1474 852 someron.

796 967 926 1028 suntin
949 986 1064 1030 rerum
1086 987 1155 1043 aes,
1179 970 1212 1030 in
1237 971 1315 1032 artis
1338 966 1508 1033 vulcaniae
1531 988 1640 1053 opera,
1665 969 1699 1032 in
1720 966 1873 1054 Olympia
1891 990 1986 1053 quae·

795 1068 869 1133 dam
899 1071 1069 1144 αὐτόμαται
1094 1109 1136 1121 -
1161 1077 1193 1135 et
1223 1074 1319 1156 periit
1342 1080 1493 1138 venustas
1515 1076 1637 1157 priscae
1661 1073 1804 1150 fabulae,
1829 1095 1910 1158 quae
1933 1075 1987 1139 he·

794 1196 884 1241 roem
907 1176 1092 1241 ostendebat
1114 1196 1189 1241 cum
1211 1178 1285 1241 feris
1309 1177 1411 1242 beluis
1435 1177 1678 1242 conflictantem.

840 1280 1042 1365 Quamquam
1074 1302 1150 1345 vera
1180 1282 1305 1347 fabulae
1337 1286 1387 1346 vis
1418 1286 1517 1346 etiam
1547 1281 1738 1367 Sophoclem
1769 1282 1875 1348 latuit.
1900 1284 1982 1349 Nam

794 1391 898 1450 truces
922 1385 971 1450 illi
991 1390 1077 1451 tauri
1096 1387 1256 1472 Neptuni,
1279 1410 1358 1472 quos
1379 1389 1563 1473 perdomuit
1583 1388 1691 1466 Iason,
1711 1391 1863 1473 primitus
1883 1411 1985 1474 neque

792 1490 943 1555 animalia
977 1492 1065 1557 fuere
1100 1514 1180 1577 quae
1214 1493 1472 1579 quadrupedante
1507 1496 1613 1558 sonitu
1650 1499 1766 1558 terram
1799 1500 1983 1578 quaterent,

792 1619 894 1682 neque
923 1618 1012 1663 aerea
1035 1600 1127 1684 sigua
1150 1621 1189 1664 ex
1213 1599 1336 1664 officina
1360 1599 1508 1676 coelesti,
1534 1600 1589 1665 sed
1612 1600 1729 1664 ductus
1752 1606 1842 1664 erant
1865 1599 1983 1686 pelagi.

792 1701 930 1787 Campos
953 1703 1114 1768 caeruleos
1138 1725 1243 1781 arare,
1268 1704 1575 1789 pertractandae
1596 1704 1721 1769 sulcum
1743 1705 1857 1769 ducere
1875 1708 1983 1769 iussus

790 1815 839 1872 est
861 1808 971 1885 heros,
996 1815 1034 1872 ut
1055 1811 1088 1872 in
1113 1812 1241 1896 regione
1264 1809 1442 1896 longinqua
1466 1832 1521 1895 spe
1544 1816 1651 1894 posset
1673 1812 1781 1895 potiri.
1809 1810 1881 1874 Nou
1905 1831 1984 1896 ager

791 1912 935 1990 ἕρίβωλος
955 1913 1009 1977 sed
1030 1917 1127 1978 maris
1147 1935 1284 1999 aequora
1304 1918 1337 1979 in
1357 1919 1460 2000 prisca
1471 1914 1580 1979 fabula
1591 1918 1622 1979 ei
1633 1915 1789 1979 dabantur
1801 1914 1930 1980 colenda
1945 1912 1981 1991 ¹).

835 2018 928 2083 Nunc
959 2019 1062 2083 denuo
1093 2022 1301 2104 inspiciemus
1334 2019 1492 2107 Odysseae
1523 2020 1647 2097 locum,
1673 2040 1769 2104 quem
1791 2041 1887 2104 supra
1910 2023 1984 2085 teti·

789 2125 900 2207 gimus
913 2121 949 2203 ¹).
973 2124 1036 2188 Ubi
1061 2124 1202 2188 Pleiades
1225 2125 1336 2190 stellae
1356 2125 1507 2189 dicuntur
1526 2124 1692 2190 columbae
1711 2124 1878 2201 coelestes,
1899 2146 1981 2209 quae

789 2249 846 2312 per
869 2229 1076 2294 Planetarum
1099 2231 1225 2295 hiatum
1249 2231 1347 2296 nullis
1372 2231 1562 2296 mortalibus
1586 2231 1802 2316 superandum
1822 2230 1894 2296 lovi
1915 2252 1982 2296 am-

789 2334 928 2399 brosiam
952 2336 1067 2399 ferunt.
1099 2335 1184 2400 Mira
1208 2337 1349 2421 profecto
1372 2337 1448 2402 haec
1472 2343 1520 2401 est
1543 2340 1652 2423 imago
1676 2357 1818 2421 quaeque
1842 2343 1879 2401 ut
1902 2340 1981 2401 satis

789 2439 875 2505 clara
903 2443 938 2504 in
969 2439 1040 2505 luce
1072 2440 1217 2506 collocari
1249 2442 1342 2507 hodie
1373 2445 1473 2526 possit
1495 2464 1614 2507 vereor.
1647 2444 1691 2505 At
1715 2444 1872 2526 poeticam
1896 2449 1981 2507 certe

789 2566 857 2610 esse
888 2548 1063 2631 imaginem
1095 2567 1232 2631 veroque
1256 2554 1330 2611 vate
1350 2543 1439 2612 'haud
1463 2547 1630 2633 indignam
1655 2549 1828 2629 sentimus3
1853 2547 1981 2630 quibus-

788 2649 868 2715 libet
899 2657 1008 2716 autem
1039 2654 1163 2736 ingenii
1194 2651 1321 2716 dotibus
1352 2652 1517 2737 splendere
1541 2660 1637 2736 atque
1659 2650 1765 2716 lucere
1787 2651 1926 2728 videtur,
1951 2655 1979 2715 si

787 2756 949 2820 confertur
982 2777 1057 2820 cum
1091 2756 1188 2820 aridis
1219 2755 1382 2840 Apollonii
1414 2758 1558 2823 versibus
1573 2756 1597 2836 3)
1627 2759 1786 2821 narrantis
1818 2757 1978 2841 quomodo

786 2863 910 2925 itineris
945 2882 1001 2946 per
1033 2860 1181 2946 scopulos
1215 2861 1357 2928 letiferos
1392 2864 1572 2947 periculum
1607 2863 1716 2927 fecerit
1750 2862 1858 2926 Iason:
1902 2883 1978 2926 vera

786 2966 908 3031 scilicet
931 2965 1081 3031 columba
1104 2989 1142 3031 ex
1168 2971 1270 3053 Argo,
1296 2975 1334 3032 ut
1357 2989 1396 3032 ex
1420 2990 1491 3033 arca
1515 2968 1654 3045 Noachi,
1678 2970 1850 3032 emittitur.

830 3072 879 3136 En
902 3071 965 3136 alia
988 3074 1096 3158 imago
1119 3076 1261 3158 poetica,
1291 3095 1372 3158 quae
1395 3095 1414 3138 a
1438 3077 1555 3139 mentis
1579 3073 1719 3138 dominio
1743 3079 1913 3158 postquam
1937 3073 1976 3138 ad

784 3199 822 3244 ea
844 3200 924 3264 quae
946 3177 1047 3242 oculis
1070 3182 1154 3242 cerni
1178 3188 1312 3264 possunt
1334 3180 1511 3252 aberravit,
1537 3178 1638 3244 veluti
1661 3180 1747 3242 veris
1771 3176 1975 3242 lineamentis

783 3292 816 3349 et
846 3285 1005 3349 coloribus
1036 3292 1084 3348 est
1116 3305 1272 3368 expressa.
1305 3284 1481 3348 Notissimo
1512 3283 1622 3348 Iliadis
1652 3282 1721 3347 loco
1746 3287 1843 3347 Airai
1868 3283 1974 3346 Preces

784 3389 934 3453 dicuntur
964 3389 1161 3472 Iovia·filiae
1187 3390 1328 3466 claudae,
1353 3411 1493 3470 mosae,
1519 3387 1667 3466 tesam),
1692 3391 1844 3471 quoniam
1867 3390 1975 3472 isqui

783 3492 894 3577 culpae
917 3497 1107 3558 conscientia
1130 3498 1299 3579 premitur,
1323 3495 1413 3559 tardo
1436 3515 1548 3580 gressu
1569 3495 1672 3558 fronte
1693 3499 1854 3558 contracta
1873 3493 1975 3558 oculis

684 3613 687 3621 ’
783 3599 928 3665 demissis
959 3598 1026 3663 adit
1056 3621 1131 3664 eum
1164 3621 1260 3684 quem
1289 3602 1408 3663 iniuria
1437 3600 1549 3664 affecit.
1574 3600 1768 3663 Poterautne
1791 3601 1900 3662 minus
1924 3620 1975 3662 ve

781 3711 875 3769 nuste
906 3707 998 3789 pingi
1029 3704 1114 3770 Iovis
1145 3704 1220 3770 illae
1252 3703 1356 3770 filiael
1387 3706 1558 3769 Poteratne
1585 3702 1744 3768 infelicius
1766 3706 1858 3788 pingi
1882 3724 1973 3768 meus

780 3813 902 3875 conscia
925 3808 1034 3894 pravi?
1056 3811 1168 3875 Nonne
1192 3833 1287 3874 rocam
1310 3810 1441 3873 auritum
1463 3810 1544 3873 hanc
1569 3829 1693 3893 quoque
1715 3810 1786 3873 iure
1810 3807 1950 3873 dixeris?

824 3915 1040 3980 Luculentum
1070 3916 1129 3980 hoo
1161 3936 1286 4001 quoque
1316 3916 1458 3979 eiusdem
1489 3918 1536 3980 rei
1560 3912 1753 3997 exemplum.
1780 3910 1901 3978 Cursus
1926 3934 1973 3978 ra·

779 4021 873 4106 pidus
907 4020 1061 4086 coelitum
1103 4021 1199 4085 nullis
1238 4021 1381 4086 locorum
1414 4023 1535 4106 spatiis
1576 4019 1772 4083 tardatorum
1812 4055 1855 4067 -
1891 4040 1967 4084 nam

778 4128 863 4192 dicto
895 4128 991 4190 citius
1021 4126 1138 4190 adsunt
1169 4126 1351 4210 ubicunque
1379 4134 1411 4190 et
1442 4135 1480 4190 ut
1510 4127 1653 4210 primum
1684 4131 1732 4187 est
1755 4122 1898 4188 lubitum
1923 4161 1967 4173 -

777 4234 887 4316 paucis
917 4231 971 4295 sed
1002 4229 1122 4295 vividis
1153 4231 1258 4294 verbis
1290 4252 1308 4294 a
1342 4233 1453 4314 priscis
1477 4233 1580 4314 poetis
1604 4227 1685 4293 solet
1707 4228 1853 4292 indicari.
1878 4227 1967 4305 „Ocu

775 4336 889 4413 faleo',
916 4357 994 4413 „ceu
1019 4335 1188 4412 hirundo”,
1215 4335 1266 4399 vel
1291 4338 1390 4400 etiam
1416 4357 1495 4412 „ceu
1515 4333 1609 4399 stella
1628 4332 1716 4399 coelo
1736 4332 1846 4418 lapsa”
1867 4342 1968 4399 ruunt

778 4486 973 4496 ——..

809 4576 835 4636 1)
852 4575 891 4623 Sic
907 4579 931 4624 et
948 4592 990 4624 noa
1007 4576 1107 4625 dicimus
1125 4576 1154 4624 de
1170 4591 1210 4625 aee
1225 4576 1331 4634 dmm,
1349 4577 1378 4625 de
1394 4578 1465 4627 taren
1482 4579 1650 4640 deceptosque,
1667 4576 1764 4625 cimilia.

808 4657 836 4716 Β)
854 4657 937 4719 Odyes.
956 4658 1092 4715 sca-oe.

807 4738 835 4801 8)
858 4736 969 4800 Apollou.
993 4737 1038 4785 Rb.
1062 4738 1088 4786 11
1112 4738 1160 4787 888
1176 4752 1235 4801 “lq-2
1259 4737 1398 4801 Apollodor.
1423 4738 1486 4788 Bibl.
1503 4739 1516 4787 1
1533 4739 1599 4797 ῌθ
1616 4740 1662 4800 58.
1684 4738 1715 4787 lli
1732 4737 1889 4789 metabulum
1907 4741 1966 4790 olim

772 4821 923 4866 mutaverant
940 4817 1038 4881 tragici.
1056 4817 1157 4867 testibus
1173 4817 1270 4867 euobis
1288 4818 1317 4867 ed
1336 4818 1459 4883 Apollonii
1475 4818 1502 4868 ll.

806 4899 834 4959 e)
853 4903 863 4945 r
882 4895 939 4946 soa.
