5125 6150
720 879 722 883 ·
804 863 868 928 190
1326 883 1466 928 rscrrus.

802 1047 989 1123 βουλόμεναι
1014 1049 1144 1124 ἀνελεῖν,
1169 1049 1333 1126 ἐφείσαντο
1359 1047 1389 1112 δὲ
1413 1050 1508 1112 αὑτοῦ
1532 1057 1646 1124 πρῶτον
1669 1051 1725 1122 μὲν
1748 1049 1799 1113 tra
1821 1049 1882 1120 τάς
1907 1049 1994 1114 Μού-

801 1177 877 1230 σας,
902 1152 1013 1218 ἔπειτα
1036 1154 1066 1218 δὲ
1090 1152 1347 1231 βεβαιωσαμθνου
1371 1154 1480 1229 μηκέτι
1506 1158 1607 1226 αὐτοῖς
1631 1161 1730 1227 κακῶς
1754 1157 1828 1234 ε’ρεῖν

804 1281 867 1324 non
898 1259 950 1325 vcl
982 1261 1087 1325 ridens
1117 1260 1170 1324 rel
1201 1261 1460 1347 indignabundus
1483 1261 1648 1326 misellum
1669 1265 1924 1348 grammaticum
1949 1263 1996 1327 fa·

804 1387 922 1431 cessere
941 1368 1049 1443 iubet,
1069 1370 1124 1452 qui
1145 1367 1228 1452 quod
1247 1368 1347 1432 facete
1365 1370 1488 1432 iocatus
1506 1374 1556 1432 est
1574 1369 1803 1453 Aristophanes
1820 1378 1996 1453 tamquam

804 1495 873 1538 rem
898 1494 978 1559 qnae
1003 1495 1114 1539 revera
1138 1476 1278 1539 evenerit
1301 1472 1424 1538 tradat?

847 1579 966 1645 Verum
996 1582 1159 1645 cautiorne
1189 1586 1222 1644 et
1243 1580 1429 1665 prudentior
1453 1582 1486 1644 in
1509 1579 1704 1666 proferendis
1727 1583 1768 1645 iis
1791 1602 1874 1667 qnae
1898 1581 1996 1647 fando

804 1685 929 1751 audivit
960 1685 1089 1750 Tacitus
1120 1707 1186 1751 esse
1218 1684 1319 1751 solet?
1350 1685 1454 1751 Immo
1486 1708 1560 1751 vero
1590 1690 1623 1751 in
1648 1708 1768 1752 errores
1789 1687 1907 1751 incidit
1929 1710 1995 1752 non

803 1797 910 1858 minus
929 1796 1078 1881 ineptos,¹
1092 1813 1187 1877 quam
1207 1792 1262 1856 ille
1281 1799 1329 1856 est
1348 1813 1443 1878 quem
1464 1814 1502 1857 ex
1517 1793 1680 1878 Euripidis
1692 1794 1764 1857 Vita
1776 1793 1886 1858 attuli.
1908 1793 1994 1874 Quid

802 1899 885 1985 quod
910 1922 1037 1982 prorsas
1059 1900 1156 1962 eodem
1178 1901 1260 1962 modo
1284 1920 1411 1983 peccare
1434 1903 1551 1984 potuit.
1576 1897 1668 1965 Certe
1690 1901 1780 1963 semel
1801 1899 1834 1963 id
1859 1903 1891 1965 ei
1916 1902 1995 1965 acci-

801 2005 883 2070 disse
902 2009 968 2070 iam
986 2027 1043 2091 pro
1063 2012 1148 2070 certo
1168 2011 1299 2070 constat.
1320 2004 1391 2070 Hoc
1411 2010 1466 2090 qui
1485 2013 1592 2092 neget,
1613 2028 1687 2071 enm
1706 2007 1792 2092 sugit
1804 2006 1994 2071 doctissima

802 2111 976 2199 quaedam,
1018 2114 1291 2198 ingeniosissima,
1328 2112 1367 2176 ad
1400 2111 1574 2198 legendum
1608 2112 1838 2177 iucundissima
1874 2113 1995 2179 Naberi

803 2221 905 2284 nostri
928 2218 1103 2303 disputatio
1126 2221 1158 2281 in
1182 2217 1411 2304 Mnemosyncs
1436 2218 1499 2283 rol.
1525 2219 1569 2282 20
1592 2220 1643 2298 (A.
1666 2217 1765 2296 1892)
1787 2240 1818 2304 p.
1842 2219 1913 2284 410
1926 2241 1993 2305 sqq.

805 2326 1050 2390 demonstrantis
1070 2306 1275 2410 quaechnqne
1296 2324 1334 2388 de
1355 2323 1427 2388 Silii
1444 2324 1696 2409 Messalinaeque
1713 2326 1836 2409 nuptiis
1850 2346 1870 2388 a
1883 2324 1995 2390 Tacito

804 2431 975 2496 traduntur
996 2432 1090 2514 facto
1113 2452 1179 2495 esse
1202 2450 1366 2515 nunqnam
1390 2430 1443 2494 sed
1468 2434 1590 2494 accain
1614 2450 1705 2495 scena
1728 2428 1887 2514 quadam,
1914 2431 1995 2497 Mes

804 2537 904 2602 salina
927 2539 960 2601 in
983 2537 1084 2601 hortis
1108 2540 1173 2600 suis
1197 2536 1414 2621 spectaculum
1440 2537 1551 2601 edente
1574 2557 1636 2621 quo
1659 2535 1791 2614 Bacchi,
1815 2536 1995 2613 Ariadnes,

805 2645 957 2720 Penthei,
997 2643 1193 2708 Baccharum
1234 2643 1378 2728 partibus
1419 2646 1481 2707 riri
1523 2642 1736 2728 mulieresque
1778 2642 1997 2729 fungerentur

804 2750 935 2817 nobiles.

849 2856 896 2921 De
928 2861 997 2921 toto
1028 2862 1137 2920 autem
1166 2859 1298 2941 navigio
1328 2858 1390 2920 isto
1422 2856 1541 2920 nefario
1572 2855 1659 2920 idem
1690 2854 1903 2920 statuendum
1930 2876 1995 2921 esse

804 2965 928 3027 inritus
965 2969 1101 3026 testatur
1135 2961 1196 3027 Dio
1231 2961 1360 3028 Cassius
1390 2961 1605 3047 (Xipbilinus)
1636 2962 1671 3028 h.
1701 2960 1777 3026 LXI
1808 2983 1836 3026 c.
1874 2961 1919 3027 59
1952 2966 1995 3027 ita

803 3090 951 3134 narrans:

851 3177 916 3240 ἐκεῖ
950 3176 981 3239 δὲ
1012 3177 1045 3239 ἐκ
1075 3180 1128 3239 τοῦ
1159 3180 1331 3255 προφανοῦς
1363 3176 1469 3240 ὤκνουν
1495 3179 1532 3254 (ii
1555 3178 1611 3260 qui
1632 3175 1750 3241 Neroni
1772 3180 1892 3241 matris
1917 3180 1994 3242 occi·

806 3284 924 3349 dandae
957 3282 1105 3347 dederant
1134 3282 1318 3362 consilium)
1348 3285 1382 3347 ri
1414 3280 1499 3359 ἔργον
1532 3283 1582 3345 καῖ
1614 3282 1718 3360 κρύφον
1742 3282 1791 3346 διὰ
1816 3286 1994 3361 φαρμάκαν

806 3392 859 3454 οὐκ
887 3386 971 3470 εἶχον
994 3390 1090 3460 αὐτην
1115 3391 1234 3454 ἀνελεῖν
1259 3390 1380 3469 (adara
1404 3389 1467 3466 γὰρ
1492 3389 1588 3462 ε’κεθνη
1613 3391 1744 3469 ῖσχυρῖις
1769 3389 1994 3470 ε’φυλάσσετο),

807 3502 880 3560 ναῦν
912 3497 1023 3566 ῖδθντετ
1055 3500 1084 3559 ἐν
1116 3498 1157 3576 τῷ
1189 3494 1302 3575 θεάτρῳ
1334 3494 1531 3571 διαλυομένην
1562 3520 1596 3558 τε
1622 3496 1716 3569 αὐτην
1740 3495 1791 3571 ἐφ’
1816 3497 1919 3567 αὐτῆς
1944 3496 1994 3559 xci

807 3628 875 3667 τινα
900 3605 984 3679 θηρία
1009 3603 1157 3681 ἀφιεῖσαν
1179 3604 1230 3665 καῖ
1251 3604 1473 3677 συνισταμένην
1493 3598 1533 3665 αὖ
1553 3602 1649 3665 τάλιν
1668 3600 1745 3665 ὥστε
1765 3600 1818 3665 καῖ
1842 3602 1993 3680 ἐρρῶσθαι,

806 3710 949 3782 τοιαύτην
973 3709 1076 3786 ἑτέραν
1100 3710 1225 3787 ταχέως
1249 3710 1513 3786 ε’ναυτηγηοαντο,

851 3817 910 3891 At,
936 3838 953 3880 o
979 3818 1072 3891 bone,
1097 3838 1158 3880 uon
1182 3816 1318 3891 Neroni,
1344 3816 1527 3900 Poppaeae,
1551 3814 1686 3879 Senecae
1705 3816 1830 3900 navigii
1850 3814 1994 3881 struendi

806 3921 976 3989 eonsilium
996 3922 1131 3987 subiecit
1153 3922 1240 3987 istud
1264 3922 1498 4006 spectaculum,
1522 3921 1576 3985 sed
1602 3921 1698 3983 Taciti
1722 3942 1759 3985 ex
1783 3941 1820 3984 eo
1847 3929 1926 3987 nata
1950 3929 1994 3986 est

804 4032 961 4105 narratio,
987 4027 1038 4092 vel
1057 4031 1163 4112 potius
1186 4027 1365 4092 rumusculi
1388 4028 1462 4092 inde
1486 4030 1548 4090 orti
1572 4034 1647 4090 sunt
1667 4024 1855 4110 populares,
1878 4029 1993 4112 quibus

804 4158 914 4201 aurem
947 4136 1093 4221 praebuit
1124 4133 1262 4199 Tacitus.
1295 4134 1445 4218 Suspicor
1476 4141 1583 4198 autem
1617 4140 1703 4211 (nam
1735 4136 1806 4218 quis
1839 4136 1873 4196 in
1908 4142 1993 4199 tanta

805 4265 912 4307 rerum
945 4243 1181 4327 perturbatione
1210 4262 1265 4325 pro
1298 4246 1383 4305 certo
1414 4240 1589 4325 quidquam
1620 4235 1774 4316 statuatl)
1806 4237 1995 4324 Vespasiani

805 4351 868 4416 fere
891 4356 1033 4433 tempore
1055 4352 1089 4412 in
1113 4369 1205 4412 scena
1228 4355 1331 4411 aetam
1355 4367 1421 4411 esse
1445 4348 1482 4410 de
1507 4352 1608 4410 morte
1634 4347 1831 4431 Agrippinae
1853 4347 1995 4412 fabulam

805 4479 843 4521 er
867 4477 903 4521 eo
926 4477 1041 4541 genere
1066 4455 1149 4540 quod
1171 4454 1316 4518 hodierni
1337 4454 1480 4518 homines
1501 4450 1737 4530 „melodrama”
1759 4452 1945 4538 appellant,
1966 4458 1997 4517 in

806 4585 868 4648 qua
899 4568 930 4626 et
961 4564 1128 4647 navigium
1169 4561 1372 4625 exhiberetur
1401 4559 1450 4623 illi
1475 4559 1580 4622 simile
1605 4558 1689 4642 quod
1713 4563 1804 4622 antea
1827 4562 1864 4622 in
1887 4560 1997 4645 aliquo

806 4670 1042 4754 amphitheatro
1066 4673 1245 4751 spectatum
1273 4667 1391 4741 fuerat,
1424 4665 1514 4729 illam
1543 4673 1650 4730 autem
1678 4663 1821 4728 fabulam
1852 4670 1997 4732 tunicato

809 4775 932 4861 popello
952 4783 1115 4859 tantopere
1132 4774 1287 4858 placuisse
1300 4776 1462 4857 mentique
1475 4775 1543 4836 eius
1555 4772 1725 4836 inhaesisse
1737 4777 1774 4835 ut
1787 4774 1901 4857 opinio
1914 4776 1998 4839 nasci

807 4889 913 4966 posset
936 4902 1045 4946 revera
1063 4881 1120 4944 boc
1140 4881 1232 4945 modo
1253 4880 1409 4945 Neronem
1430 4886 1565 4943 matrem
1586 4899 1676 4942 suam
1697 4877 1863 4944 demedio
1884 4880 1998 4946 tollere

809 5009 875 5052 esse
905 4995 1064 5052 conatum.
1096 4987 1214 5051 Levem
1246 5008 1313 5052 esse
1343 4989 1555 5072 suspicionem
1584 4989 1611 5049 si
1635 4988 1706 5071 quis
1728 4987 1913 5065 contendit,
1939 5009 1996 5051 nou
