5125 6150
1097 803 1273 860 ΝΛΡΔΟΣ
1299 803 1487 860 ΠΙΣΤΙΚΗ.
1826 852 1830 863 ,
1864 796 1883 863 7

694 980 867 1044 sustineret
898 977 1006 1042 Iesum
1038 977 1199 1063 appellare
1230 1001 1293 1044 non
1326 980 1431 1058 Χριείν
1462 978 1516 1044 aed
1544 978 1721 1058 Ἀλειπσίν;
1746 980 1814 1046 Rex
1837 988 1885 1047 est

693 1106 730 1149 ac
752 1085 885 1169 proinde
910 1084 1051 1165 νέχριται
1073 1090 1106 1148 et
1127 1084 1231 1159 Χριςίς
1253 1090 1316 1163 est;
1337 1085 1391 1149 aad
1412 1085 1497 1149 hunc
1518 1105 1614 1150 usum
1634 1091 1757 1151 veteres
1770 1085 1884 1153 Graeci

693 1196 848 1275 perpetuo
883 1192 1088 1274 ignorarunt3
1121 1190 1264 1255 Ecclesia
1286 1197 1396 1256 autem
1419 1190 1474 1255 diu
1497 1194 1647 1269 retinuit,
1671 1191 1775 1257 velut-i
1798 1194 1884 1278 apud

695 1295 818 1382 Angloe
839 1317 940 1379 usque
959 1296 999 1360 ed
1018 1296 1169 1361 Iacobum
1181 1296 1212 1360 Il
1225 1303 1257 1361 et
1268 1297 1353 1382 apud
1365 1297 1501 1362 Francos
1513 1318 1613 1381 usque
1625 1298 1665 1362 ad
1678 1297 1828 1365 Carolum
1840 1300 1882 1365 X.

694 1401 785 1481 Quod
809 1401 848 1465 ad
871 1400 1031 1466 Israeliten
1054 1406 1185 1485 attinet,
1207 1402 1347 1489 legimus
1369 1402 1388 1466 3
1409 1402 1512 1490 Regg.
1534 1402 1630 1468 139:
1652 1403 1752 1481 ἐλαβε
1773 1406 1883 1471 zabda

695 1508 709 1571 d
733 1506 826 1586 ίερεὺο
851 1506 885 1570 τὸ
910 1506 1000 1584 κέρας
1023 1513 1076 1571 τοῦ
1102 1507 1206 1572 ἐλαίου
1228 1509 1262 1572 ἐκ
1289 1519 1345 1583 τῆς
1368 1519 1481 1582 σκηνῆς
1505 1510 1555 1573 καί
1581 1507 1721 1589 ἔχρισε
1746 1513 1797 1576 σου
1821 1521 1883 1576 Σα-

694 1615 812 1688 λαμιίν.
836 1612 955 1676 Psalm.
977 1612 1030 1677 89.
1044 1614 1105 1679 21:
1127 1610 1208 1694 εὗρον
1230 1615 1331 1679 Δαυίδ
1350 1617 1401 1680 τὸν
1420 1614 1526 1679 δοῦλόν
1545 1639 1615 1691 μου,
1637 1616 1668 1680 ἐν
1688 1618 1780 1696 ἐλαίῳ
1801 1617 1881 1699 ἀγίῳ

694 1717 842 1797 ἐχρισα
874 1719 977 1783 αὐτόν.
1014 1719 1073 1783 Est
1104 1721 1164 1785 hoo
1196 1721 1331 1785 verbum
1362 1723 1395 1785 in
1427 1741 1514 1786 sacro
1545 1721 1651 1787 codice
1673 1721 1881 1800 αυριίλειιτον.

693 1821 809 1889 Contra
839 1823 877 1887 de
909 1824 1038 1908 profano
1069 1846 1130 1889 usu
1160 1825 1252 1890 Elath.
1284 1825 1315 1890 ll
1341 1825 1399 1890 12:
1433 1828 1576 1912 virginee
1606 1830 1676 1913 regi
1707 1828 1883 1894 destinatae

693 1937 792 2005 μῆνας
824 1926 859 2004 ἐξ
891 1931 1110 2011 ἠλείφοντο
1141 1932 1171 1994 ἐν
1201 1933 1349 2011 σμυρνίνῳ
1381 1931 1475 2013 ἐλαίῳ
1505 1932 1558 1997 καί
1582 1939 1684 2008 μῆνας
1707 1925 1742 2011 ἐξ
1765 1934 1794 1997 ἐν
1818 1943 1881 2007 σοῖς

692 2038 832 2113 ἀρώμασι
864 2036 916 2099 καί
942 2037 971 2100 ἐν
994 2045 1056 2109 σοῖς
1081 2037 1251 2114 σανίγμασι
1277 2045 1335 2101 τῶν
1359 2045 1527 2115 γυναικῶν·
1551 2041 1630 2103 item
1654 2039 1753 2104 Ruth.
1776 2040 1825 2106 Ill
1849 2039 1880 2118 3,

691 2142 712 2206 2
737 2141 839 2228 Regg.
865 2140 940 2206 XIV
964 2142 995 2220 2,
1028 2142 1192 2209 2Ohr0n.
1217 2142 1360 2207 XXVIII
1385 2144 1425 2207 15
1457 2150 1489 2209 et
1517 2143 1617 2210 Mich.
1643 2144 1686 2209 VI
1712 2130 1764 2210 15.
1795 2146 1881 2211 Hinc

681 2268 767 2312 -ueue
797 2249 887 2313 verbi
917 2248 1016 2328 χρίειν
1048 2252 1170 2333 optime
1193 2251 1318 2315 vitatur
1341 2248 1460 2314 Psalm.
1486 2248 1591 2316 23.5;
1617 2252 1790 2327 ἡτοίμασας
1817 2251 1881 2316 ἐνοί-

690 2355 757 2419 πιίν
788 2377 847 2432 μου
879 2355 1037 2436 πράπεζαν
1069 2355 1103 2432 ἐξ
1134 2358 1275 2429 ἐναντίας
1309 2357 1368 2421 πῶυ
1401 2356 1568 2433 ίλιβίυτῳν
1590 2377 1647 2433 με·
1672 2358 1824 2430 ἐλίπανας
1850 2359 1881 2421 ἐν

691 2460 785 2537 ἐλαίῳ
809 2461 864 2532 rba
887 2461 1031 2540 κεφαλιίυ
1054 2484 1114 2536 μου
1138 2467 1170 2526 et
1194 2462 1315 2526 Matth.
1341 2461 1384 2525 Vl
1410 2460 1468 2527 17:
1496 2462 1534 2526 σὺ
1559 2462 1590 2527 δέ
1613 2465 1742 2537 ννεειίοιν
1766 2463 1880 2528 ἀλει-

689 2568 768 2645 ψαί
790 2589 843 2630 σου
867 2567 922 2641 σὺν
946 2567 1091 2645 κεφαλίρν
1115 2568 1168 2632 καί
1192 2569 1226 2632 τὸ
1248 2565 1407 2648 πρίσοιπίν
1427 2592 1480 2633 σου
1500 2569 1588 2645 νίψαι
1609 2574 1641 2634 et
1659 2568 1878 2634 buevillo:

689 2673 782 2749 ἐλαίῳ
817 2672 872 2744 τὴν
907 2673 1051 2752 κεφαλήν
1086 2695 1145 2749 μου
1181 2673 1372 2752 ἤλειψας.
1408 2674 1470 2738 Hie
1505 2675 1610 2739 tribus
1643 2674 1720 2740 Iocis
1754 2681 1881 2760 praeter

689 2776 850 2843 Israeliten
883 2798 977 2843 nemo
1013 2781 1146 2843 vlteeset
1181 2780 1318 2845 verbum
1352 2780 1452 2861 χρίειν
1485 2783 1628 2864 itemque
1663 2781 1702 2846 de
1735 2787 1880 2849 extrema

689 2886 839 2949 unctione
881 2886 1059 2948 rectiaeIme
1098 2884 1241 2965 ἀλείφειν
1277 2892 1451 2972 usurpatur
1485 2886 1587 2951 Iacob.
1623 2886 1725 2972 Epist.
1757 2887 1786 2952 V
1818 2889 1878 2953 14:

689 2992 813 3055 ἀσίενεῒ
844 3014 890 3061 σις
927 2991 956 3054 ἐν
989 2991 1071 3067 ὑμῖν,
1104 2992 1365 3068 προσκαλεσάσθω
1396 2992 1465 3064 τοὺς
1497 2992 1720 3073 πρεσβυτέρους
1752 3000 1807 3066 πιῑς
1833 2994 1880 3058 ἐα-

689 3097 821 3173 κλερσίας
865 3096 916 3162 καί
958 3096 1231 3175 προσευξάσθωσαν
1269 3098 1320 3162 ἐπ’
1357 3099 1460 3178 αὐτόν,
1496 3100 1749 3178 ἀλείψαντες
1784 3098 1878 3165 αὐτὸν

690 3204 801 3284 ἐλαίῳ,
826 3224 901 3267 cum
925 3224 987 3287 quo
1011 3203 1080 3268 loco
1104 3204 1303 3269 conferemus
1327 3205 1426 3271 Marc.
1447 3204 1490 3271 VI
1511 3205 1569 3271 13:
1595 3205 1763 3288 ἤλειφον
1786 3206 1878 3287 ἐλαίῳ

689 3309 821 3382 πολλοὺς
847 3311 993 3389 ἀρρώςους
1018 3310 1070 3374 καί
1094 3310 1282 3388 ἐθεράπευον.

733 3414 863 3481 Scilicet
887 3416 921 3478 in
944 3415 1167 3481 Hebraeorum
1189 3416 1304 3503 lingua
1328 3454 1371 3466 -

778 3520 843 3584 Nec
867 3541 959 3584 meus
982 3522 1034 3585 hic
1058 3542 1162 3586 nermo
1186 3527 1251 3600 eet,
1277 3522 1332 3587 sed
1356 3543 1436 3607 quae
1458 3523 1619 3607 praecepit
1641 3524 1764 3588 amicus

779 3626 917 3691 Nomine
939 3627 1151 3704 Mattheeiue,
1176 3630 1229 3692 cui
1251 3634 1328 3692 eunt
1350 3629 1508 3694 Hebraica
1530 3648 1624 3694 curae
1647 3665 1690 3678 —

686 3738 720 3798 in
761 3733 983 3798 Hebraeorum
1024 3736 1128 3819 igitur
1162 3734 1275 3821 lingua
1309 3734 1424 3799 itidem
1459 3739 1535 3799 eunt
1570 3734 1633 3800 duo
1667 3736 1764 3801 rerba
1798 3757 1879 3821 quae

687 3840 934 3925 distinguuntur
965 3860 1001 3903 eo
1026 3839 1205 3924 modoque
1230 3839 1315 3917 dixi3
1339 3839 1478 3905 alterum
1501 3849 1550 3906 eet
1573 3842 1704 3926 νιᾱιραοί
1728 3879 1770 3889 -
1794 3841 1878 3908 unde

687 3944 818 4009 Moesiae
844 3982 883 3994 -
910 3965 1049 4028 quocum
1080 3948 1228 4011 convenit
1261 3943 1421 4011 Graecum
1451 3947 1566 4025 χρίειν·
1599 3946 1654 4011 sed
1685 3946 1722 4013 de
1746 3948 1877 4032 profano

686 4071 749 4117 usu
784 4049 943 4135 pecuIIare
978 4051 1098 4116 habent
1127 4053 1263 4117 verbum
1290 4053 1346 4115 ενιΙε
1366 4077 1406 4102 --
1425 4053 1578 4135 ἀλείφειν.
1602 4051 1878 4139 Septuagintariri

686 4157 820 4222 Sacrum
856 4155 997 4220 codicem
1032 4155 1169 4222 fideliter
1201 4159 1403 4243 interpretati
1439 4164 1516 4223 sunt
1549 4163 1582 4224 et
1616 4157 1716 4223 semel
1750 4165 1877 4225 tantum

683 4264 827 4344 ἀλείφειν
862 4262 1029 4340 dixerunt,
1068 4263 1152 4347 quod
1189 4271 1319 4350 propter
1354 4267 1526 4330 veritatem
1555 4265 1749 4330 Hebraicam
1779 4266 1877 4346 χρίειν

684 4371 789 4437 ἀίσσει
820 4370 1011 4446 debuerant,
1043 4371 1199 4435 nimirum
1227 4369 1341 4438 (lenes.
1366 4369 1479 4436 XXXI
1503 4370 1563 4436 13:
1589 4371 1649 4448 ἐγώ
1674 4372 1737 4449 είμι
1761 4372 1774 4434 ί
1800 4370 1875 4444 Θεὸς

686 4478 700 4541 d
734 4476 837 4557 ἐφίείς
870 4499 914 4541 σοι
947 4475 976 4539 ἐν
1007 4475 1091 4555 τίπῳ
1125 4481 1221 4555 Θεοῦ,
1253 4474 1287 4543 οὗ
1319 4476 1497 4556 crateae
1530 4500 1581 4555 μοι
1605 4477 1670 4542 ἐκεί
1691 4477 1797 4554 ςνίλιιν,
1821 4476 1877 4543 aed

685 4581 822 4667 pellucet
854 4602 949 4646 causa
978 4602 1035 4646 cur
1057 4581 1110 4646 hic
1133 4584 1295 4648 variatum
1319 4583 1426 4648 fuerit.
1451 4581 1571 4649 (Iontra
1593 4583 1642 4647 bie
1666 4589 1756 4648 terre
1778 4581 1876 4664 χρίειν

682 4688 818 4764 habent,
851 4688 907 4752 ubi
932 4689 1039 4752 verius
1062 4688 1161 4753 fucrit
1185 4689 1340 4770 ἀλείφειν,
1365 4687 1477 4755 Erech.
1506 4687 1557 4755 16.
1572 4688 1602 4753 9:
1626 4687 1679 4753 καί
1704 4685 1816 4753 ἐλουσά
1840 4712 1875 4754 σε

684 4793 714 4856 ἐν
746 4791 833 4857 ὕδατι
864 4793 915 4857 καί
939 4793 1109 4860 ἀπέπλυνα
1132 4793 1167 4858 πὸ
1190 4788 1273 4871 αίροά
1298 4817 1351 4859 σου
1376 4792 1439 4858 ἀπὸ
1463 4798 1517 4859 σοῦ
1540 4794 1593 4859 καί
1618 4791 1633 4857 ἐ
1640 4793 1766 4875 χρισά
1785 4817 1820 4859 σε
1844 4795 1875 4860 ἐν

685 4899 796 4979 ἐλαίῳ,
822 4897 923 4965 Vatic.
948 4902 1058 4965 Amos.
1083 4899 1188 4966 V16:
1221 4901 1246 4965 οί
1275 4904 1411 4972 πίνοντες
1436 4900 1487 4966 τὸν
1510 4901 1700 4979 διυλισμένον
1724 4897 1797 4968 οίνον
1821 4903 1873 4968 καί
