5125 6150
690 824 755 889 346
1205 841 1360 889 osmrou.

730 1007 828 1071 Plura
853 1006 955 1070 dicere
979 1005 1018 1069 de
1041 1006 1138 1069 huius
1161 1004 1313 1069 diatribes
1336 1025 1479 1069 sermone
1505 1008 1558 1069 vix
1583 1027 1663 1089 opus
1686 1008 1756 1070 erit.
1790 1005 1877 1069 Nam

685 1112 768 1197 quod
792 1118 917 1196 praeter
941 1113 1067 1175 Atticae
1091 1111 1238 1175 dictionis
1258 1131 1355 1174 usum
1375 1111 1446 1188 πρὸς
1465 1112 1547 1174 dixit
1565 1132 1623 1194 pro
1642 1113 1878 1196 praepositione

686 1217 743 1280 ὑπὸ
768 1228 829 1294 (vs.
858 1217 898 1280 18
922 1217 1065 1281 tudensi
1087 1241 1121 1280 πε
1146 1216 1217 1295 πρὸς
1241 1216 1411 1297 ἀνθρώπων)
1429 1216 1462 1279 id
1481 1218 1544 1302 ipsi
1563 1238 1624 1280 non
1644 1219 1877 1300 imputaverim

685 1323 822 1400 rhetori;
856 1342 966 1386 versus
997 1325 1083 1386 enim
1115 1323 1212 1386 fuisse
1244 1322 1385 1385 videtur:
1420 1323 1516 1399 »ἀλλ’
1547 1322 1580 1386 οὖ
1612 1321 1649 1384 δι’
1679 1320 1771 1385 αὑτὸν
1802 1321 1879 1400 πρὸς

683 1427 799 1506 βροτῶν
821 1428 1015 1511 δοβκνποιν”);
1041 1428 1126 1512 quod
1149 1427 1343 1491 vocabulum
1370 1427 1519 1505 βοοβεῑον
1543 1427 1691 1491 adhibuit
1713 1448 1769 1491 nec
1792 1427 1879 1491 dixit

684 1540 838 1612 πρωτεῖον,
863 1533 946 1617 quod
971 1532 1195 1608 εἰσβάλλει
1217 1535 1234 1609 ἡ
1256 1533 1360 1609 tylem
1382 1535 1524 1617 itemque
1545 1532 1628 1617 quod
1651 1531 1878 1615 ποοοοοπνδᾷ

685 1639 699 1702 t
720 1641 873 1716 Πλοῦτος,
894 1639 971 1703 haec
989 1641 1022 1702 in
1043 1644 1165 1703 oratore
1186 1640 1241 1722 qui
1261 1645 1333 1723 post
1352 1637 1571 1703 Alexandrum
1590 1639 1675 1702 vixit
1694 1659 1756 1702 non
1771 1637 1882 1702 admo

686 1743 762 1808 dum
787 1743 966 1822 offendunt;
992 1743 1075 1828 quod
1099 1756 1208 1809 eutem
1228 1746 1262 1808 in
1282 1746 1453 1821 extremis,
1474 1748 1642 1828 postquam
1663 1751 1717 1817 πῆς
1736 1743 1879 1820 ἀνδρείοις

685 1851 879 1913 mentionem
910 1850 994 1925 fecit,
1026 1850 1132 1913 subito
1163 1871 1219 1934 pro
1248 1849 1449 1913 Fortitudine
1486 1850 1631 1912 Virtutem
1662 1852 1730 1929 (aba
1753 1851 1880 1929 ἀρετὴν)

683 1954 852 2017 substituit
882 1956 949 2018 sine
974 1975 1037 2037 qua
1061 1956 1242 2019 Academici
1264 1954 1413 2030 μηδέποτ’
1437 1954 1476 2020 ἂν
1499 1955 1694 2032 εὐδαιμονίαν
1723 1956 1878 2036 ὑπάρχειν

683 2059 867 2123 iudicabant
898 2057 1012 2136 (Clem.
1044 2067 1142 2124 strom.
1175 2060 1215 2124 II.
1249 2059 1366 2124 tien.
1398 2058 1462 2126 Cic.
1487 2064 1549 2143 fin.
1584 2059 1635 2126 18.
1653 2060 1710 2140 49)
1743 2083 1779 2125 ea
1811 2083 1875 2125 non

684 2184 863 2228 sermonem
898 2163 1059 2230 Crantoris
1094 2165 1148 2229 sed
1180 2165 1415 2250 philosophiam
1449 2172 1607 2250 spectant,
1644 2188 1740 2250 quam
1773 2167 1878 2230 obiter

684 2273 844 2355 attingere
867 2269 951 2335 nolo.

1261 2480 1302 2545 Il.

732 2692 876 2758 Multum
900 2695 1007 2759 abasse
1031 2692 1177 2757 nonnulli
1200 2698 1325 2777 putant,
1350 2698 1387 2757 ut
1410 2692 1545 2778 parvulo
1569 2693 1628 2758 hoc
1648 2700 1680 2757 et
1700 2697 1778 2758 satis
1798 2695 1876 2759 exili

686 2803 868 2886 fragmento
889 2805 1055 2864 contentus
1076 2819 1142 2863 esso
1162 2804 1307 2883 cogatur,
1327 2801 1382 2883 qui
1395 2797 1558 2865 Crantoris
1573 2804 1674 2863 artem
1688 2820 1877 2885 cognoscere

686 2907 774 2972 velit.
800 2906 920 2969 Extant
942 2908 1027 2970 euim
1051 2943 1093 2952 —
1117 2926 1186 2969 rem
1211 2910 1319 2969 notam
1344 2905 1501 2981 omnibus,
1522 2908 1877 2991 argumentationeaque

688 3012 772 3079 haud
803 3014 910 3074 minus
942 3013 1088 3096 cognitas
1122 3010 1309 3074 brevissime
1341 3010 1455 3074 referre
1487 3013 1563 3073 satis
1594 3012 1656 3074 erit
1689 3048 1732 3057 -
1768 3016 1878 3074 extant

686 3120 868 3204 fragmenta
899 3116 1053 3201 quaedam
1084 3137 1121 3180 ex
1153 3115 1318 3181 Crantoris
1350 3115 1431 3180 libro
1461 3117 1527 3194 περὶ
1556 3117 1678 3187 πένέοοο
1703 3119 1736 3179 in
1761 3114 1877 3182 Conso·

686 3224 806 3289 latione
836 3221 876 3286 ad
903 3221 1123 3306 Apollonium,
1147 3243 1242 3305 quem
1266 3220 1415 3285 libellum
1440 3224 1591 3286 inmerito
1616 3221 1778 3306 quondam
1801 3221 1877 3286 Plu·

688 3330 795 3392 tarcho
826 3328 1024 3391 vindicatum
1048 3348 1134 3403 esse,
1165 3327 1259 3391 hodie
1282 3326 1384 3413 vulgo
1408 3327 1598 3391 conceditur.
1634 3325 1768 3393 Constat
1791 3349 1877 3412 prae-

688 3440 773 3498 terea
805 3432 989 3499 Ciceronem
1012 3434 1046 3494 in
1071 3430 1295 3498 Consolatione
1318 3430 1466 3496 libellum
1491 3430 1655 3498 Crantoris
1679 3433 1877 3513 adhibuisse,

687 3539 886 3622 eundemque
917 3541 951 3601 iu
981 3537 1234 3602 Tusculanarum
1267 3536 1532 3622 Disputationum
1564 3536 1638 3601 libri
1670 3541 1767 3622 primi
1790 3546 1879 3624 parte

688 3645 787 3709 altera
807 3650 997 3727 argumenta
1018 3663 1097 3727 quae
1118 3642 1305 3727 protulisset
1325 3646 1357 3705 iu
1380 3640 1612 3719 Consolatione,
1634 3643 1765 3707 brevius
1778 3644 1879 3708 denuo

688 3752 880 3835 exposuisse.
913 3749 1011 3813 Porro
1043 3748 1377 3833 pseudo-Platonicum
1409 3748 1591 3812 Axiochum
1621 3769 1713 3813 nemo
1737 3770 1879 3834 unquam

688 3855 786 3939 legit,
812 3856 888 3937 quin
913 3853 1030 3917 viderit
1054 3860 1169 3937 quanta
1191 3856 1275 3917 inter
1307 3853 1391 3916 hunc
1422 3852 1544 3917 librum
1576 3874 1611 3917 ac
1642 3852 1880 3919 Consolationes

689 3959 869 4024 Tullianam
904 3957 1251 4043 ps.-Plutarcheamque
1281 3957 1456 4022 intercedat
1485 3957 1659 4022 concordia.
1692 3958 1740 4022 Ex
1765 3961 1880 4044 quibus

689 4066 749 4128 hoc
784 4063 903 4127 efficere
939 4062 1146 4138 studuerunt,
1183 4067 1237 4147 qui
1273 4063 1311 4126 de
1344 4064 1401 4127 hac
1434 4083 1467 4126 re
1498 4065 1709 4147 scripserunt:
1746 4071 1811 4128 tam
1848 4068 1880 4128 iu

691 4167 851 4235 Ciceronis
889 4166 1077 4231 Tusculanis
1111 4188 1208 4251 quam
1242 4171 1273 4231 in
1307 4166 1527 4232 Consolatione
1560 4168 1817 4251 ps.-Plutarchea
1847 4190 1882 4234 ao

691 4274 833 4339 Axiocho
864 4272 969 4337 multo
999 4271 1093 4357 plura
1119 4271 1226 4336 deberi
1248 4271 1396 4338 Crantori
1419 4294 1515 4358 quam
1539 4273 1577 4336 ab
1601 4276 1679 4357 ipsis
1704 4274 1881 4339 indicatum

690 4384 732 4443 sit
756 4380 972 4463 scriptoribus,
997 4377 1163 4462 multaque
1195 4377 1377 4443 delitescere
1409 4379 1599 4462 fragmenta,
1632 4387 1664 4442 et
1695 4384 1882 4463 praesertim

689 4488 722 4547 in
754 4482 909 4569 opusculo
937 4482 1193 4567 ps.-Plutarcheo
1218 4504 1368 4567 maguam
1395 4491 1519 4568 partem
1542 4483 1644 4547 libelli
1667 4484 1734 4561 περὶ
1759 4486 1882 4558 πένθους

691 4591 780 4654 nohis
805 4611 871 4654 esse
895 4596 1069 4654 servatum.
1093 4587 1129 4652 ln
1152 4588 1361 4674 agnoscendis
1384 4597 1492 4653 autem
1517 4588 1595 4653 locis
1620 4590 1674 4653 uhi
1695 4589 1883 4657 Crantorem

690 4717 752 4759 nou
777 4696 977 4758 nonniuatum
1002 4697 1103 4757 secuti
1127 4696 1191 4757 sint
1215 4696 1383 4776 scriptores
1405 4715 1484 4777 quos
1508 4693 1593 4770 dixi,
1620 4693 1675 4758 alii
1700 4694 1790 4760 aliud
1813 4719 1883 4762 con·

692 4795 868 4864 stituerunt
903 4802 966 4863 viri
1001 4799 1103 4875 docti,
1140 4805 1173 4862 et
1204 4797 1285 4862 alter
1319 4797 1420 4862 altero
1455 4797 1591 4863 ulterius
1622 4804 1791 4883 processit;
1825 4804 1882 4867 hoc

690 4913 799 4967 eutem
831 4904 923 4968 hodie
949 4905 1107 4989 plerisque
1130 4903 1252 4989 placuit
1276 4904 1449 4969 iudicium:
1483 4906 1677 4989 ubicumque
1702 4910 1883 4992 conspirent
