<?xml version="1.0" encoding="UTF-8"?>
<!DOCTYPE html PUBLIC "-//W3C//DTD XHTML 1.0 Transitional//EN"
    "http://www.w3.org/TR/xhtml1/DTD/xhtml1-transitional.dtd">
<html xmlns="http://www.w3.org/1999/xhtml" xml:lang="en" lang="en">
 <head>
  <title>
</title>
<meta http-equiv="Content-Type" content="text/html;charset=utf-8" />
  <meta name='ocr-system' content='tesseract 3.04.00' />
  <meta name='ocr-capabilities' content='ocr_page ocr_carea ocr_par ocr_line ocrx_word'/>
</head>
<body>
  <div class='ocr_page' id='page_1' title='image "./mnemosyne04verdgoog_0311.png"; bbox 0 0 5125 6150; ppageno 0'>
   <div class='ocr_carea' id='block_1_1' title="bbox 726 565 1564 631">
    <p class='ocr_par' dir='ltr' id='par_1_1' title="bbox 726 565 1564 631">
     <span class='ocr_line' id='line_1_1' title="bbox 726 565 1564 631; baseline -0.001 -1"><span class='ocrx_word' id='word_1_1' title='bbox 726 565 791 630; x_wconf 85' lang='lat'><strong>312</strong></span> <span class='ocrx_word' id='word_1_2' title='bbox 1059 582 1224 630; x_wconf 85' lang='lat' dir='ltr'><strong>nronrsrus</strong></span> <span class='ocrx_word' id='word_1_3' title='bbox 1246 582 1564 631; x_wconf 79' lang='lat' dir='ltr'><strong>aamcsnnassensrs.</strong></span> 
     </span>
    </p>
   </div>
   <div class='ocr_carea' id='block_1_2' title="bbox 711 747 2041 4234">
    <p class='ocr_par' dir='ltr' id='par_1_2' title="bbox 723 747 1903 834">
     <span class='ocr_line' id='line_1_2' title="bbox 723 747 1903 834; baseline 0.001 -22"><span class='ocrx_word' id='word_1_4' title='bbox 723 748 808 834; x_wconf 91' lang='lat' dir='ltr'><strong>quod</strong></span> <span class='ocrx_word' id='word_1_5' title='bbox 826 748 919 813; x_wconf 92' lang='lat' dir='ltr'><strong>hodie</strong></span> <span class='ocrx_word' id='word_1_6' title='bbox 941 754 1011 833; x_wconf 88' lang='lat' dir='ltr'><strong>post</strong></span> <span class='ocrx_word' id='word_1_7' title='bbox 1035 753 1082 813; x_wconf 91' lang='lat' dir='ltr'><strong>tot</strong></span> <span class='ocrx_word' id='word_1_8' title='bbox 1105 769 1258 812; x_wconf 90' lang='lat' dir='ltr'><strong>annorum</strong></span> <span class='ocrx_word' id='word_1_9' title='bbox 1282 747 1492 813; x_wconf 83' lang='lat' dir='ltr'><strong>intervallum</strong></span> <span class='ocrx_word' id='word_1_10' title='bbox 1515 747 1589 813; x_wconf 90' lang='lat' dir='ltr'><strong>illae</strong></span> <span class='ocrx_word' id='word_1_11' title='bbox 1612 748 1685 813; x_wconf 86' lang='lat' dir='ltr'><strong>lites</strong></span> <span class='ocrx_word' id='word_1_12' title='bbox 1708 751 1903 834; x_wconf 84' lang='lat' dir='ltr'><strong>compositae</strong></span> 
     </span>
    </p>

    <p class='ocr_par' dir='ltr' id='par_1_3' title="bbox 722 851 1904 941">
     <span class='ocr_line' id='line_1_3' title="bbox 722 851 1904 941; baseline -0.003 -21"><span class='ocrx_word' id='word_1_13' title='bbox 722 863 754 920; x_wconf 91' lang='lat' dir='ltr'><strong>et</strong></span> <span class='ocrx_word' id='word_1_14' title='bbox 784 854 926 939; x_wconf 72' lang='lat' dir='ltr'>sepultae</span> <span class='ocrx_word' id='word_1_15' title='bbox 956 860 1048 918; x_wconf 88' lang='lat' dir='ltr'><strong>sunt:</strong></span> <span class='ocrx_word' id='word_1_16' title='bbox 1080 854 1179 919; x_wconf 89' lang='lat' dir='ltr'><strong>efficio</strong></span> <span class='ocrx_word' id='word_1_17' title='bbox 1204 855 1262 919; x_wconf 90' lang='lat' dir='ltr'><strong>hoc</strong></span> <span class='ocrx_word' id='word_1_18' title='bbox 1286 875 1324 918; x_wconf 82' lang='lat' dir='ltr'><strong>cx</strong></span> <span class='ocrx_word' id='word_1_19' title='bbox 1348 855 1541 940; x_wconf 79' lang='lat' dir='ltr'><strong>praefatione</strong></span> <span class='ocrx_word' id='word_1_20' title='bbox 1565 851 1671 921; x_wconf 86' lang='lat' dir='ltr'><strong>Garoh&#39;</strong></span> <span class='ocrx_word' id='word_1_21' title='bbox 1693 851 1819 941; x_wconf 83' lang='lat' dir='ltr'><strong>Iacoby,</strong></span> <span class='ocrx_word' id='word_1_22' title='bbox 1845 856 1904 938; x_wconf 89' lang='lat' dir='ltr'><strong>qni</strong></span> 
     </span>
    </p>

    <p class='ocr_par' dir='ltr' id='par_1_4' title="bbox 723 958 1904 1047">
     <span class='ocr_line' id='line_1_4' title="bbox 723 958 1904 1047; baseline -0.002 -21"><span class='ocrx_word' id='word_1_23' title='bbox 723 983 803 1026; x_wconf 93' lang='lat' dir='ltr'><strong>anno</strong></span> <span class='ocrx_word' id='word_1_24' title='bbox 825 960 910 1025; x_wconf 72' lang='lat'>1885</span> <span class='ocrx_word' id='word_1_25' title='bbox 930 981 1046 1025; x_wconf 85' lang='lat' dir='ltr'><strong>novam</strong></span> <span class='ocrx_word' id='word_1_26' title='bbox 1065 963 1190 1045; x_wconf 87' lang='lat' dir='ltr'><strong>paravit</strong></span> <span class='ocrx_word' id='word_1_27' title='bbox 1202 960 1348 1047; x_wconf 82' lang='lat' dir='ltr'><strong>Dionysii</strong></span> <span class='ocrx_word' id='word_1_28' title='bbox 1361 960 1541 1025; x_wconf 79' lang='lat' dir='ltr'><strong>editionem.</strong></span> <span class='ocrx_word' id='word_1_29' title='bbox 1566 960 1714 1025; x_wconf 88' lang='lat' dir='ltr'><strong>Hiceum</strong></span> <span class='ocrx_word' id='word_1_30' title='bbox 1727 958 1904 1025; x_wconf 87' lang='lat' dir='ltr'><strong>Ritschelio</strong></span> 
     </span>
    </p>

    <p class='ocr_par' dir='ltr' id='par_1_5' title="bbox 723 1066 2022 1151">
     <span class='ocr_line' id='line_1_5' title="bbox 723 1066 2022 1151; baseline -0.002 -18"><span class='ocrx_word' id='word_1_31' title='bbox 723 1067 761 1133; x_wconf 91' lang='lat' dir='ltr'><strong>de</strong></span> <span class='ocrx_word' id='word_1_32' title='bbox 792 1066 926 1132; x_wconf 92' lang='lat' dir='ltr'><strong>duorum</strong></span> <span class='ocrx_word' id='word_1_33' title='bbox 958 1066 1102 1131; x_wconf 88' lang='lat' dir='ltr'><strong>codicum</strong></span> <span class='ocrx_word' id='word_1_34' title='bbox 1131 1070 1268 1151; x_wconf 91' lang='lat' dir='ltr'><strong>propriis</strong></span> <span class='ocrx_word' id='word_1_35' title='bbox 1298 1067 1424 1132; x_wconf 90' lang='lat' dir='ltr'><strong>dotibus</strong></span> <span class='ocrx_word' id='word_1_36' title='bbox 1455 1067 1700 1151; x_wconf 88' lang='lat' dir='ltr'><strong>prudentissime</strong></span> <span class='ocrx_word' id='word_1_37' title='bbox 1729 1066 1904 1131; x_wconf 80' lang='lat' dir='ltr'><strong>iudicarit:</strong></span> <span class='ocrx_word' id='word_1_38' title='bbox 2019 1078 2022 1083; x_wconf 82' lang='lat'><em>&#39;</em></span> 
     </span>
    </p>

    <p class='ocr_par' dir='ltr' id='par_1_6' title="bbox 723 1171 1904 1258">
     <span class='ocr_line' id='line_1_6' title="bbox 723 1171 1904 1258; baseline -0.002 -20"><span class='ocrx_word' id='word_1_39' title='bbox 723 1173 840 1238; x_wconf 85' lang='lat' dir='ltr'><strong>vellem</strong></span> <span class='ocrx_word' id='word_1_40' title='bbox 874 1181 980 1237; x_wconf 90' lang='lat' dir='ltr'><strong>tamen</strong></span> <span class='ocrx_word' id='word_1_41' title='bbox 1010 1172 1149 1258; x_wconf 88' lang='lat' dir='ltr'><strong>reliquos</strong></span> <span class='ocrx_word' id='word_1_42' title='bbox 1179 1194 1303 1258; x_wconf 89' lang='lat' dir='ltr'><strong>quoque</strong></span> <span class='ocrx_word' id='word_1_43' title='bbox 1334 1175 1466 1237; x_wconf 91' lang='lat' dir='ltr'><strong>minime</strong></span> <span class='ocrx_word' id='word_1_44' title='bbox 1497 1173 1740 1238; x_wconf 90' lang='lat' dir='ltr'><strong>contemnendos</strong></span> <span class='ocrx_word' id='word_1_45' title='bbox 1771 1171 1904 1239; x_wconf 75' lang='lat' dir='ltr'><strong>Codices</strong></span> 
     </span>
    </p>

    <p class='ocr_par' dir='ltr' id='par_1_7' title="bbox 722 1277 1904 1365">
     <span class='ocr_line' id='line_1_7' title="bbox 722 1277 1904 1365; baseline -0.001 -21"><span class='ocrx_word' id='word_1_46' title='bbox 722 1279 816 1365; x_wconf 91' lang='lat' dir='ltr'><strong>paulo</strong></span> <span class='ocrx_word' id='word_1_47' title='bbox 846 1283 1040 1344; x_wconf 88' lang='lat' dir='ltr'><strong>constantius</strong></span> <span class='ocrx_word' id='word_1_48' title='bbox 1063 1277 1273 1343; x_wconf 86' lang='lat' dir='ltr'><strong>consuluisset</strong></span> <span class='ocrx_word' id='word_1_49' title='bbox 1297 1286 1329 1343; x_wconf 90' lang='lat' dir='ltr'><strong>et</strong></span> <span class='ocrx_word' id='word_1_50' title='bbox 1351 1279 1512 1344; x_wconf 90' lang='lat' dir='ltr'><strong>interdum</strong></span> <span class='ocrx_word' id='word_1_51' title='bbox 1535 1282 1632 1344; x_wconf 90' lang='lat' dir='ltr'><strong>etiam</strong></span> <span class='ocrx_word' id='word_1_52' title='bbox 1655 1285 1781 1344; x_wconf 90' lang='lat' dir='ltr'><strong>secutus</strong></span> <span class='ocrx_word' id='word_1_53' title='bbox 1803 1285 1904 1357; x_wconf 89' lang='lat' dir='ltr'><strong>esset,</strong></span> 
     </span>
    </p>

    <p class='ocr_par' dir='ltr' id='par_1_8' title="bbox 722 1383 1905 1469">
     <span class='ocr_line' id='line_1_8' title="bbox 722 1383 1905 1469; baseline -0.001 -20"><span class='ocrx_word' id='word_1_54' title='bbox 722 1406 796 1449; x_wconf 90' lang='lat' dir='ltr'><strong>nam</strong></span> <span class='ocrx_word' id='word_1_55' title='bbox 820 1388 880 1450; x_wconf 89' lang='lat' dir='ltr'><strong>etsi</strong></span> <span class='ocrx_word' id='word_1_56' title='bbox 903 1386 1042 1450; x_wconf 92' lang='lat' dir='ltr'><strong>bonitate</strong></span> <span class='ocrx_word' id='word_1_57' title='bbox 1066 1383 1177 1449; x_wconf 90' lang='lat' dir='ltr'><strong>cedant</strong></span> <span class='ocrx_word' id='word_1_58' title='bbox 1200 1385 1323 1450; x_wconf 90' lang='lat' dir='ltr'><strong>duobus</strong></span> <span class='ocrx_word' id='word_1_59' title='bbox 1346 1387 1477 1469; x_wconf 89' lang='lat' dir='ltr'><strong>optimis</strong></span> <span class='ocrx_word' id='word_1_60' title='bbox 1499 1383 1607 1463; x_wconf 87' lang='lat' dir='ltr'><strong>libris,</strong></span> <span class='ocrx_word' id='word_1_61' title='bbox 1632 1390 1681 1450; x_wconf 91' lang='lat' dir='ltr'><strong>est</strong></span> <span class='ocrx_word' id='word_1_62' title='bbox 1710 1392 1817 1450; x_wconf 90' lang='lat' dir='ltr'><strong>tamen</strong></span> <span class='ocrx_word' id='word_1_63' title='bbox 1846 1384 1905 1449; x_wconf 92' lang='lat' dir='ltr'><strong>ubi</strong></span> 
     </span>
    </p>

    <p class='ocr_par' dir='ltr' id='par_1_9' title="bbox 722 1490 1903 1576">
     <span class='ocr_line' id='line_1_9' title="bbox 722 1490 1903 1576; baseline -0.002 -19"><span class='ocrx_word' id='word_1_64' title='bbox 722 1513 774 1558; x_wconf 91' lang='lat' dir='ltr'><strong>eos</strong></span> <span class='ocrx_word' id='word_1_65' title='bbox 804 1513 878 1557; x_wconf 88' lang='lat' dir='ltr'><strong>cum</strong></span> <span class='ocrx_word' id='word_1_66' title='bbox 910 1493 1016 1556; x_wconf 90' lang='lat' dir='ltr'><strong>fructu</strong></span> <span class='ocrx_word' id='word_1_67' title='bbox 1047 1491 1166 1556; x_wconf 91' lang='lat' dir='ltr'><strong>audias.</strong></span> <span class='ocrx_word' id='word_1_68' title='bbox 1200 1493 1244 1556; x_wconf 87' lang='lat' dir='ltr'><strong>Ac</strong></span> <span class='ocrx_word' id='word_1_69' title='bbox 1276 1492 1339 1555; x_wconf 91' lang='lat' dir='ltr'><strong>fuit</strong></span> <span class='ocrx_word' id='word_1_70' title='bbox 1370 1491 1499 1575; x_wconf 90' lang='lat' dir='ltr'><strong>quidem</strong></span> <span class='ocrx_word' id='word_1_71' title='bbox 1523 1490 1665 1556; x_wconf 90' lang='lat' dir='ltr'><strong>Iacobius</strong></span> <span class='ocrx_word' id='word_1_72' title='bbox 1687 1490 1781 1576; x_wconf 80' lang='lat' dir='ltr'><strong>longe</strong></span> <span class='ocrx_word' id='word_1_73' title='bbox 1805 1511 1903 1576; x_wconf 89' lang='lat' dir='ltr'><strong>quam</strong></span> 
     </span>
    </p>

    <p class='ocr_par' dir='ltr' id='par_1_10' title="bbox 722 1597 1903 1684">
     <span class='ocr_line' id='line_1_10' title="bbox 722 1597 1903 1684; baseline -0.002 -21"><span class='ocrx_word' id='word_1_74' title='bbox 722 1597 938 1684; x_wconf 84' lang='lat' dir='ltr'><strong>Kiesslingins</strong></span> <span class='ocrx_word' id='word_1_75' title='bbox 969 1600 1160 1662; x_wconf 83' lang='lat' dir='ltr'><strong>accuratior:</strong></span> <span class='ocrx_word' id='word_1_76' title='bbox 1192 1604 1363 1682; x_wconf 79' lang='lat' dir='ltr'><strong>supersunt</strong></span> <span class='ocrx_word' id='word_1_77' title='bbox 1393 1605 1500 1662; x_wconf 91' lang='lat' dir='ltr'><strong>tamen</strong></span> <span class='ocrx_word' id='word_1_78' title='bbox 1523 1597 1609 1661; x_wconf 92' lang='lat' dir='ltr'><strong>haud</strong></span> <span class='ocrx_word' id='word_1_79' title='bbox 1631 1600 1677 1661; x_wconf 90' lang='lat' dir='ltr'><strong>ita</strong></span> <span class='ocrx_word' id='word_1_80' title='bbox 1700 1617 1799 1682; x_wconf 91' lang='lat' dir='ltr'><strong>pauca</strong></span> <span class='ocrx_word' id='word_1_81' title='bbox 1822 1616 1903 1682; x_wconf 87' lang='lat' dir='ltr'><strong>quae</strong></span> 
     </span>
    </p>

    <p class='ocr_par' dir='ltr' id='par_1_11' title="bbox 722 1703 2041 1896">
     <span class='ocr_line' id='line_1_11' title="bbox 722 1703 1900 1789; baseline -0.002 -21"><span class='ocrx_word' id='word_1_82' title='bbox 722 1703 837 1768; x_wconf 89' lang='lat' dir='ltr'><strong>melius</strong></span> <span class='ocrx_word' id='word_1_83' title='bbox 860 1706 1012 1767; x_wconf 88' lang='lat' dir='ltr'><strong>constitui</strong></span> <span class='ocrx_word' id='word_1_84' title='bbox 1033 1709 1218 1787; x_wconf 87' lang='lat' dir='ltr'><strong>potuerant,</strong></span> <span class='ocrx_word' id='word_1_85' title='bbox 1247 1724 1309 1787; x_wconf 90' lang='lat' dir='ltr'><strong>qua</strong></span> <span class='ocrx_word' id='word_1_86' title='bbox 1333 1703 1370 1768; x_wconf 90' lang='lat' dir='ltr'><strong>de</strong></span> <span class='ocrx_word' id='word_1_87' title='bbox 1395 1724 1428 1767; x_wconf 91' lang='lat' dir='ltr'><strong>re</strong></span> <span class='ocrx_word' id='word_1_88' title='bbox 1450 1703 1534 1768; x_wconf 89' lang='lat' dir='ltr'><strong>infra</strong></span> <span class='ocrx_word' id='word_1_89' title='bbox 1556 1703 1710 1789; x_wconf 90' lang='lat' dir='ltr'><strong>quaedam</strong></span> <span class='ocrx_word' id='word_1_90' title='bbox 1734 1703 1900 1767; x_wconf 82' lang='lat' dir='ltr'><strong>adnotabo.</strong></span> 
     </span>
     <span class='ocr_line' id='line_1_12' title="bbox 765 1806 2041 1896; baseline -0.002 -22"><span class='ocrx_word' id='word_1_91' title='bbox 765 1808 1040 1889; x_wconf 79' lang='lat' dir='ltr'><strong>Quemadmodum</strong></span> <span class='ocrx_word' id='word_1_92' title='bbox 1063 1809 1144 1883; x_wconf 81' lang='lat' dir='ltr'><strong>diri,</strong></span> <span class='ocrx_word' id='word_1_93' title='bbox 1169 1808 1383 1893; x_wconf 81' lang='lat' dir='ltr'><strong>Kiesslingius</strong></span> <span class='ocrx_word' id='word_1_94' title='bbox 1407 1812 1498 1873; x_wconf 89' lang='lat' dir='ltr'><strong>unice</strong></span> <span class='ocrx_word' id='word_1_95' title='bbox 1522 1810 1585 1874; x_wconf 90' lang='lat' dir='ltr'><strong>fere</strong></span> <span class='ocrx_word' id='word_1_96' title='bbox 1604 1807 1761 1873; x_wconf 84' lang='lat' dir='ltr'><strong>sollicitus</strong></span> <span class='ocrx_word' id='word_1_97' title='bbox 1781 1808 1846 1872; x_wconf 91' lang='lat' dir='ltr'><strong>fuit</strong></span> <span class='ocrx_word' id='word_1_98' title='bbox 1865 1806 1902 1871; x_wconf 91' lang='lat' dir='ltr'><strong>de</strong></span> <span class='ocrx_word' id='word_1_99' title='bbox 2037 1886 2041 1896; x_wconf 28' lang='grc'>1</span> 
     </span>
    </p>

    <p class='ocr_par' dir='ltr' id='par_1_12' title="bbox 720 1913 2041 1999">
     <span class='ocr_line' id='line_1_13' title="bbox 720 1913 2041 1999; baseline -0.002 -18"><span class='ocrx_word' id='word_1_100' title='bbox 720 1916 909 1981; x_wconf 89' lang='lat' dir='ltr'><strong>lectionibus</strong></span> <span class='ocrx_word' id='word_1_101' title='bbox 940 1913 1064 1981; x_wconf 88' lang='lat' dir='ltr'><strong>Oodicis</strong></span> <span class='ocrx_word' id='word_1_102' title='bbox 1093 1916 1275 1992; x_wconf 88' lang='lat' dir='ltr'><strong>Urbinatis,</strong></span> <span class='ocrx_word' id='word_1_103' title='bbox 1308 1936 1326 1980; x_wconf 91' lang='lat' dir='ltr'><strong>a</strong></span> <span class='ocrx_word' id='word_1_104' title='bbox 1357 1936 1419 1999; x_wconf 92' lang='lat' dir='ltr'><strong>quo</strong></span> <span class='ocrx_word' id='word_1_105' title='bbox 1443 1937 1504 1980; x_wconf 92' lang='lat' dir='ltr'><strong>non</strong></span> <span class='ocrx_word' id='word_1_106' title='bbox 1527 1919 1589 1980; x_wconf 91' lang='lat' dir='ltr'><strong>nisi</strong></span> <span class='ocrx_word' id='word_1_107' title='bbox 1612 1936 1682 1980; x_wconf 90' lang='lat' dir='ltr'><strong>raro</strong></span> <span class='ocrx_word' id='word_1_108' title='bbox 1705 1914 1823 1980; x_wconf 90' lang='lat' dir='ltr'><strong>recedit</strong></span> <span class='ocrx_word' id='word_1_109' title='bbox 1846 1934 1901 1978; x_wconf 87' lang='lat' dir='ltr'><strong>nec</strong></span> <span class='ocrx_word' id='word_1_110' title='bbox 2024 1939 2041 1979; x_wconf 72' lang='lat' dir='ltr'><strong>a</strong></span> 
     </span>
    </p>

    <p class='ocr_par' dir='ltr' id='par_1_13' title="bbox 720 2020 2040 2108">
     <span class='ocr_line' id='line_1_14' title="bbox 720 2020 2040 2108; baseline -0.003 -21"><span class='ocrx_word' id='word_1_111' title='bbox 720 2025 781 2087; x_wconf 84' lang='lat' dir='ltr'><strong>nisi</strong></span> <span class='ocrx_word' id='word_1_112' title='bbox 802 2022 918 2087; x_wconf 90' lang='lat' dir='ltr'><strong>ultima</strong></span> <span class='ocrx_word' id='word_1_113' title='bbox 937 2025 1121 2087; x_wconf 86' lang='lat' dir='ltr'><strong>necessitate</strong></span> <span class='ocrx_word' id='word_1_114' title='bbox 1141 2029 1274 2087; x_wconf 92' lang='lat' dir='ltr'><strong>coactus.</strong></span> <span class='ocrx_word' id='word_1_115' title='bbox 1299 2022 1407 2086; x_wconf 76' lang='lat' dir='ltr'><strong>Etiam</strong></span> <span class='ocrx_word' id='word_1_116' title='bbox 1427 2024 1598 2108; x_wconf 89' lang='lat' dir='ltr'><strong>scripturas</strong></span> <span class='ocrx_word' id='word_1_117' title='bbox 1618 2020 1783 2089; x_wconf 80' lang='lat' dir='ltr'><strong>Ghisianas</strong></span> <span class='ocrx_word' id='word_1_118' title='bbox 1803 2020 1900 2098; x_wconf 85' lang='lat' dir='ltr'><strong>affert,</strong></span> <span class='ocrx_word' id='word_1_119' title='bbox 2026 2024 2040 2083; x_wconf 73' lang='lat' dir='ltr'><strong>&#39;n</strong></span> 
     </span>
    </p>

    <p class='ocr_par' dir='ltr' id='par_1_14' title="bbox 720 2127 2032 2214">
     <span class='ocr_line' id='line_1_15' title="bbox 720 2127 2032 2214; baseline -0.002 -21"><span class='ocrx_word' id='word_1_120' title='bbox 720 2129 775 2193; x_wconf 90' lang='lat' dir='ltr'><strong>sed</strong></span> <span class='ocrx_word' id='word_1_121' title='bbox 798 2128 836 2194; x_wconf 89' lang='lat' dir='ltr'><strong>de</strong></span> <span class='ocrx_word' id='word_1_122' title='bbox 858 2127 990 2213; x_wconf 91' lang='lat' dir='ltr'><strong>reliquis</strong></span> <span class='ocrx_word' id='word_1_123' title='bbox 1012 2127 1101 2192; x_wconf 91' lang='lat' dir='ltr'><strong>libris</strong></span> <span class='ocrx_word' id='word_1_124' title='bbox 1124 2135 1171 2192; x_wconf 92' lang='lat' dir='ltr'><strong>est</strong></span> <span class='ocrx_word' id='word_1_125' title='bbox 1193 2128 1382 2214; x_wconf 90' lang='lat' dir='ltr'><strong>plerumque</strong></span> <span class='ocrx_word' id='word_1_126' title='bbox 1401 2128 1503 2192; x_wconf 92' lang='lat' dir='ltr'><strong>altum</strong></span> <span class='ocrx_word' id='word_1_127' title='bbox 1523 2127 1698 2193; x_wconf 89' lang='lat' dir='ltr'><strong>silentium.</strong></span> <span class='ocrx_word' id='word_1_128' title='bbox 1723 2127 1901 2214; x_wconf 80' lang='lat' dir='ltr'><strong>Cognoscat</strong></span> <span class='ocrx_word' id='word_1_129' title='bbox 2024 2148 2032 2157; x_wconf 89' lang='grc'><em>·</em></span> 
     </span>
    </p>

    <p class='ocr_par' dir='ltr' id='par_1_15' title="bbox 720 2232 2041 2319">
     <span class='ocr_line' id='line_1_16' title="bbox 720 2232 2041 2319; baseline -0.002 -20"><span class='ocrx_word' id='word_1_130' title='bbox 720 2256 803 2300; x_wconf 89' lang='lat' dir='ltr'><strong>nuno</strong></span> <span class='ocrx_word' id='word_1_131' title='bbox 834 2234 915 2298; x_wconf 92' lang='lat' dir='ltr'><strong>mihi</strong></span> <span class='ocrx_word' id='word_1_132' title='bbox 939 2236 1027 2318; x_wconf 88' lang='lat' dir='ltr'><strong>quis,</strong></span> <span class='ocrx_word' id='word_1_133' title='bbox 1052 2233 1128 2317; x_wconf 90' lang='lat' dir='ltr'><strong>quid</strong></span> <span class='ocrx_word' id='word_1_134' title='bbox 1151 2232 1269 2300; x_wconf 85' lang='lat' dir='ltr'><strong>Oobeto</strong></span> <span class='ocrx_word' id='word_1_135' title='bbox 1292 2234 1365 2298; x_wconf 91' lang='lat' dir='ltr'><strong>iude</strong></span> <span class='ocrx_word' id='word_1_136' title='bbox 1389 2235 1547 2298; x_wconf 90' lang='lat' dir='ltr'><strong>acciderit.</strong></span> <span class='ocrx_word' id='word_1_137' title='bbox 1571 2234 1647 2298; x_wconf 84' lang='lat' dir='ltr'><strong>Fuit</strong></span> <span class='ocrx_word' id='word_1_138' title='bbox 1669 2241 1814 2319; x_wconf 85' lang='lat' dir='ltr'><strong>tempus,</strong></span> <span class='ocrx_word' id='word_1_139' title='bbox 1839 2254 1899 2318; x_wconf 94' lang='lat' dir='ltr'><strong>quo</strong></span> <span class='ocrx_word' id='word_1_140' title='bbox 2025 2252 2041 2277; x_wconf 65' lang='lat'><strong>‘⁴</strong></span> 
     </span>
    </p>

    <p class='ocr_par' dir='ltr' id='par_1_16' title="bbox 720 2339 1899 2424">
     <span class='ocr_line' id='line_1_17' title="bbox 720 2339 1899 2424; baseline 0 -20"><span class='ocrx_word' id='word_1_141' title='bbox 720 2339 801 2404; x_wconf 90' lang='lat' dir='ltr'><strong>nihil</strong></span> <span class='ocrx_word' id='word_1_142' title='bbox 831 2340 912 2404; x_wconf 89' lang='lat' dir='ltr'><strong>mihi</strong></span> <span class='ocrx_word' id='word_1_143' title='bbox 942 2347 1066 2423; x_wconf 89' lang='lat' dir='ltr'><strong>praesto</strong></span> <span class='ocrx_word' id='word_1_144' title='bbox 1088 2345 1156 2404; x_wconf 90' lang='lat' dir='ltr'><strong>erat</strong></span> <span class='ocrx_word' id='word_1_145' title='bbox 1179 2346 1303 2424; x_wconf 90' lang='lat' dir='ltr'><strong>praeter</strong></span> <span class='ocrx_word' id='word_1_146' title='bbox 1326 2339 1607 2404; x_wconf 80' lang='lat' dir='ltr'><strong>Taucbnitziauam</strong></span> <span class='ocrx_word' id='word_1_147' title='bbox 1630 2339 1803 2405; x_wconf 86' lang='lat' dir='ltr'><strong>editionem</strong></span> <span class='ocrx_word' id='word_1_148' title='bbox 1826 2341 1899 2404; x_wconf 90' lang='lat' dir='ltr'><strong>anni</strong></span> 
     </span>
    </p>

    <p class='ocr_par' dir='ltr' id='par_1_17' title="bbox 722 2445 1899 2531">
     <span class='ocr_line' id='line_1_18' title="bbox 722 2445 1899 2531; baseline -0.003 -20"><span class='ocrx_word' id='word_1_149' title='bbox 722 2445 818 2523; x_wconf 81' lang='lat'>1829,</span> <span class='ocrx_word' id='word_1_150' title='bbox 842 2449 876 2509; x_wconf 92' lang='lat' dir='ltr'><strong>in</strong></span> <span class='ocrx_word' id='word_1_151' title='bbox 900 2467 962 2530; x_wconf 90' lang='lat' dir='ltr'><strong>qua</strong></span> <span class='ocrx_word' id='word_1_152' title='bbox 984 2445 1095 2523; x_wconf 91' lang='lat' dir='ltr'><strong>editor,</strong></span> <span class='ocrx_word' id='word_1_153' title='bbox 1120 2449 1264 2531; x_wconf 88' lang='lat' dir='ltr'><strong>quisquis</strong></span> <span class='ocrx_word' id='word_1_154' title='bbox 1283 2445 1338 2511; x_wconf 88' lang='lat' dir='ltr'><strong>ille</strong></span> <span class='ocrx_word' id='word_1_155' title='bbox 1358 2447 1438 2524; x_wconf 90' lang='lat' dir='ltr'><strong>fuit,</strong></span> <span class='ocrx_word' id='word_1_156' title='bbox 1459 2445 1593 2511; x_wconf 89' lang='lat' dir='ltr'><strong>fideliter</strong></span> <span class='ocrx_word' id='word_1_157' title='bbox 1612 2449 1756 2531; x_wconf 91' lang='lat' dir='ltr'><strong>sequitur</strong></span> <span class='ocrx_word' id='word_1_158' title='bbox 1774 2451 1899 2511; x_wconf 83' lang='lat' dir='ltr'><strong>textum</strong></span> 
     </span>
    </p>

    <p class='ocr_par' dir='ltr' id='par_1_18' title="bbox 719 2549 1898 2638">
     <span class='ocr_line' id='line_1_19' title="bbox 719 2549 1898 2638; baseline -0.002 -22"><span class='ocrx_word' id='word_1_159' title='bbox 719 2552 942 2629; x_wconf 87' lang='lat' dir='ltr'><strong>Reislrianum;</strong></span> <span class='ocrx_word' id='word_1_160' title='bbox 966 2552 1115 2616; x_wconf 86' lang='lat' dir='ltr'><strong>Reiskius</strong></span> <span class='ocrx_word' id='word_1_161' title='bbox 1139 2549 1326 2638; x_wconf 71' lang='lat' dir='ltr'><strong>autem&#39;per</strong></span> <span class='ocrx_word' id='word_1_162' title='bbox 1348 2552 1534 2618; x_wconf 85' lang='lat' dir='ltr'><strong>Hudsonem</strong></span> <span class='ocrx_word' id='word_1_163' title='bbox 1558 2558 1747 2638; x_wconf 80' lang='lat' dir='ltr'><strong>cognoverat</strong></span> <span class='ocrx_word' id='word_1_164' title='bbox 1772 2551 1898 2637; x_wconf 90' lang='lat' dir='ltr'><strong>quidem</strong></span> 
     </span>
    </p>

    <p class='ocr_par' dir='ltr' id='par_1_19' title="bbox 718 2656 1898 2744">
     <span class='ocr_line' id='line_1_20' title="bbox 718 2656 1898 2744; baseline -0.003 -21"><span class='ocrx_word' id='word_1_165' title='bbox 718 2660 891 2743; x_wconf 88' lang='lat' dir='ltr'><strong>scripturas</strong></span> <span class='ocrx_word' id='word_1_166' title='bbox 910 2658 1024 2723; x_wconf 91' lang='lat' dir='ltr'><strong>codicis</strong></span> <span class='ocrx_word' id='word_1_167' title='bbox 1044 2657 1220 2735; x_wconf 90' lang='lat' dir='ltr'><strong>Urbinatis;</strong></span> <span class='ocrx_word' id='word_1_168' title='bbox 1243 2658 1297 2723; x_wconf 93' lang='lat' dir='ltr'><strong>sed</strong></span> <span class='ocrx_word' id='word_1_169' title='bbox 1317 2664 1456 2723; x_wconf 89' lang='lat' dir='ltr'><strong>ceterum</strong></span> <span class='ocrx_word' id='word_1_170' title='bbox 1478 2658 1559 2723; x_wconf 89' lang='lat' dir='ltr'><strong>nihil</strong></span> <span class='ocrx_word' id='word_1_171' title='bbox 1579 2665 1645 2723; x_wconf 90' lang='lat' dir='ltr'><strong>erat</strong></span> <span class='ocrx_word' id='word_1_172' title='bbox 1665 2680 1721 2723; x_wconf 91' lang='lat' dir='ltr'><strong>cur</strong></span> <span class='ocrx_word' id='word_1_173' title='bbox 1732 2656 1898 2744; x_wconf 79' lang='lat' dir='ltr'><strong>vulgatam</strong></span> 
     </span>
    </p>

    <p class='ocr_par' dir='ltr' id='par_1_20' title="bbox 718 2764 1898 2850">
     <span class='ocr_line' id='line_1_21' title="bbox 718 2764 1898 2850; baseline -0.003 -21"><span class='ocrx_word' id='word_1_174' title='bbox 718 2768 785 2830; x_wconf 84' lang='lat' dir='ltr'><strong>sive</strong></span> <span class='ocrx_word' id='word_1_175' title='bbox 819 2764 1067 2850; x_wconf 78' lang='lat' dir='ltr'><strong>Sylburgianam</strong></span> <span class='ocrx_word' id='word_1_176' title='bbox 1102 2768 1315 2829; x_wconf 91' lang='lat' dir='ltr'><strong>recensionem</strong></span> <span class='ocrx_word' id='word_1_177' title='bbox 1345 2768 1496 2829; x_wconf 89' lang='lat' dir='ltr'><strong>reiiceret.</strong></span> <span class='ocrx_word' id='word_1_178' title='bbox 1527 2764 1635 2828; x_wconf 81' lang='lat' dir='ltr'><strong>Etiam</strong></span> <span class='ocrx_word' id='word_1_179' title='bbox 1665 2764 1898 2829; x_wconf 86' lang='lat' dir='ltr'><strong>emendationes</strong></span> 
     </span>
    </p>

    <p class='ocr_par' dir='ltr' id='par_1_21' title="bbox 718 2870 1896 2956">
     <span class='ocr_line' id='line_1_22' title="bbox 718 2870 1896 2956; baseline -0.003 -20"><span class='ocrx_word' id='word_1_180' title='bbox 718 2871 906 2936; x_wconf 84' lang='lat' dir='ltr'><strong>Reiskiauae</strong></span> <span class='ocrx_word' id='word_1_181' title='bbox 928 2875 962 2934; x_wconf 94' lang='lat' dir='ltr'><strong>in</strong></span> <span class='ocrx_word' id='word_1_182' title='bbox 986 2871 1186 2956; x_wconf 84' lang='lat' dir='ltr'><strong>marginibus</strong></span> <span class='ocrx_word' id='word_1_183' title='bbox 1205 2870 1424 2935; x_wconf 88' lang='lat' dir='ltr'><strong>delitescentes</strong></span> <span class='ocrx_word' id='word_1_184' title='bbox 1443 2891 1564 2936; x_wconf 91' lang='lat' dir='ltr'><strong>novum</strong></span> <span class='ocrx_word' id='word_1_185' title='bbox 1584 2870 1738 2935; x_wconf 90' lang='lat' dir='ltr'><strong>editorem</strong></span> <span class='ocrx_word' id='word_1_186' title='bbox 1757 2870 1896 2954; x_wconf 84' lang='lat' dir='ltr'><strong>Lipsien-</strong></span> 
     </span>
    </p>

    <p class='ocr_par' dir='ltr' id='par_1_22' title="bbox 716 2976 1894 3063">
     <span class='ocr_line' id='line_1_23' title="bbox 716 2976 1894 3063; baseline -0.003 -20"><span class='ocrx_word' id='word_1_187' title='bbox 716 3000 784 3044; x_wconf 90' lang='lat' dir='ltr'><strong>sem</strong></span> <span class='ocrx_word' id='word_1_188' title='bbox 801 2984 927 3042; x_wconf 90' lang='lat' dir='ltr'><strong>tantum</strong></span> <span class='ocrx_word' id='word_1_189' title='bbox 947 2999 1008 3042; x_wconf 92' lang='lat' dir='ltr'><strong>uon</strong></span> <span class='ocrx_word' id='word_1_190' title='bbox 1029 2999 1153 3062; x_wconf 89' lang='lat' dir='ltr'><strong>semper</strong></span> <span class='ocrx_word' id='word_1_191' title='bbox 1172 2978 1335 3063; x_wconf 79' lang='lat' dir='ltr'><strong>fugerunt.</strong></span> <span class='ocrx_word' id='word_1_192' title='bbox 1356 2976 1504 3062; x_wconf 87' lang='lat' dir='ltr'><strong>Oomperi</strong></span> <span class='ocrx_word' id='word_1_193' title='bbox 1520 2984 1627 3042; x_wconf 90' lang='lat' dir='ltr'><strong>autem</strong></span> <span class='ocrx_word' id='word_1_194' title='bbox 1640 2977 1672 3041; x_wconf 92' lang='lat' dir='ltr'><strong>id</strong></span> <span class='ocrx_word' id='word_1_195' title='bbox 1685 2977 1768 3062; x_wconf 91' lang='lat' dir='ltr'><strong>quod</strong></span> <span class='ocrx_word' id='word_1_196' title='bbox 1782 2977 1894 3054; x_wconf 85' lang='lat' dir='ltr'><strong>dicam,</strong></span> 
     </span>
    </p>

    <p class='ocr_par' dir='ltr' id='par_1_23' title="bbox 716 3083 1895 3171">
     <span class='ocr_line' id='line_1_24' title="bbox 716 3083 1895 3171; baseline -0.003 -21"><span class='ocrx_word' id='word_1_197' title='bbox 716 3107 815 3171; x_wconf 91' lang='lat' dir='ltr'><strong>quum</strong></span> <span class='ocrx_word' id='word_1_198' title='bbox 846 3083 957 3151; x_wconf 85' lang='lat' dir='ltr'><strong>Oobeti</strong></span> <span class='ocrx_word' id='word_1_199' title='bbox 981 3084 1221 3150; x_wconf 86' lang='lat' dir='ltr'><strong>Observationes</strong></span> <span class='ocrx_word' id='word_1_200' title='bbox 1245 3108 1319 3150; x_wconf 91' lang='lat' dir='ltr'><strong>cum</strong></span> <span class='ocrx_word' id='word_1_201' title='bbox 1342 3084 1590 3151; x_wconf 80' lang='lat' dir='ltr'><strong>Taucbnitziano</strong></span> <span class='ocrx_word' id='word_1_202' title='bbox 1614 3084 1787 3169; x_wconf 85' lang='lat' dir='ltr'><strong>exemplari</strong></span> <span class='ocrx_word' id='word_1_203' title='bbox 1810 3083 1895 3148; x_wconf 91' lang='lat' dir='ltr'><strong>baud</strong></span> 
     </span>
    </p>

    <p class='ocr_par' dir='ltr' id='par_1_24' title="bbox 715 3191 1896 3278">
     <span class='ocr_line' id='line_1_25' title="bbox 715 3191 1896 3278; baseline -0.003 -22"><span class='ocrx_word' id='word_1_204' title='bbox 715 3195 870 3256; x_wconf 90' lang='lat' dir='ltr'><strong>incuriose</strong></span> <span class='ocrx_word' id='word_1_205' title='bbox 904 3192 1087 3256; x_wconf 86' lang='lat' dir='ltr'><strong>conferrem.</strong></span> <span class='ocrx_word' id='word_1_206' title='bbox 1131 3191 1233 3256; x_wconf 85' lang='lat' dir='ltr'><strong>Sicuti</strong></span> <span class='ocrx_word' id='word_1_207' title='bbox 1268 3214 1364 3278; x_wconf 89' lang='lat' dir='ltr'><strong>supra</strong></span> <span class='ocrx_word' id='word_1_208' title='bbox 1399 3194 1482 3270; x_wconf 83' lang='lat' dir='ltr'><strong>diri,</strong></span> <span class='ocrx_word' id='word_1_209' title='bbox 1521 3193 1572 3257; x_wconf 90' lang='lat' dir='ltr'><strong>hio</strong></span> <span class='ocrx_word' id='word_1_210' title='bbox 1607 3193 1668 3256; x_wconf 89' lang='lat' dir='ltr'><strong>sibi</strong></span> <span class='ocrx_word' id='word_1_211' title='bbox 1698 3194 1896 3276; x_wconf 86' lang='lat' dir='ltr'><strong>persuaserat</strong></span> 
     </span>
    </p>

    <p class='ocr_par' dir='ltr' id='par_1_25' title="bbox 714 3297 1895 3385">
     <span class='ocr_line' id='line_1_26' title="bbox 714 3297 1895 3385; baseline 0 -24"><span class='ocrx_word' id='word_1_212' title='bbox 714 3297 852 3362; x_wconf 89' lang='lat' dir='ltr'><strong>duorum</strong></span> <span class='ocrx_word' id='word_1_213' title='bbox 881 3301 1224 3381; x_wconf 88' lang='lat' dir='ltr'><strong>praestantissimorum</strong></span> <span class='ocrx_word' id='word_1_214' title='bbox 1257 3298 1401 3363; x_wconf 89' lang='lat' dir='ltr'><strong>codicum</strong></span> <span class='ocrx_word' id='word_1_215' title='bbox 1433 3320 1490 3384; x_wconf 89' lang='lat' dir='ltr'><strong>ope</strong></span> <span class='ocrx_word' id='word_1_216' title='bbox 1520 3298 1668 3385; x_wconf 86' lang='lat' dir='ltr'><strong>Dionysii</strong></span> <span class='ocrx_word' id='word_1_217' title='bbox 1698 3305 1823 3363; x_wconf 79' lang='lat' dir='ltr'><strong>tentum</strong></span> <span class='ocrx_word' id='word_1_218' title='bbox 1846 3303 1895 3361; x_wconf 90' lang='lat' dir='ltr'><strong>sat</strong></span> 
     </span>
    </p>

    <p class='ocr_par' dir='ltr' id='par_1_26' title="bbox 715 3404 1894 3490">
     <span class='ocr_line' id='line_1_27' title="bbox 715 3404 1894 3490; baseline -0.001 -22"><span class='ocrx_word' id='word_1_219' title='bbox 715 3405 792 3468; x_wconf 91' lang='lat' dir='ltr'><strong>bene</strong></span> <span class='ocrx_word' id='word_1_220' title='bbox 815 3406 967 3468; x_wconf 87' lang='lat' dir='ltr'><strong>constitui</strong></span> <span class='ocrx_word' id='word_1_221' title='bbox 989 3426 1098 3489; x_wconf 90' lang='lat' dir='ltr'><strong>posse,</strong></span> <span class='ocrx_word' id='word_1_222' title='bbox 1123 3426 1178 3469; x_wconf 90' lang='lat' dir='ltr'><strong>nec</strong></span> <span class='ocrx_word' id='word_1_223' title='bbox 1202 3407 1344 3481; x_wconf 84' lang='lat' dir='ltr'><strong>curavit,</strong></span> <span class='ocrx_word' id='word_1_224' title='bbox 1369 3404 1452 3489; x_wconf 93' lang='lat' dir='ltr'><strong>quod</strong></span> <span class='ocrx_word' id='word_1_225' title='bbox 1475 3404 1585 3490; x_wconf 80' lang='lat' dir='ltr'><strong>fugere</strong></span> <span class='ocrx_word' id='word_1_226' title='bbox 1609 3426 1685 3469; x_wconf 89' lang='lat' dir='ltr'><strong>eum</strong></span> <span class='ocrx_word' id='word_1_227' title='bbox 1706 3407 1894 3488; x_wconf 87' lang='lat' dir='ltr'><strong>neutiquam</strong></span> 
     </span>
    </p>

    <p class='ocr_par' dir='ltr' id='par_1_27' title="bbox 714 3509 1893 3597">
     <span class='ocr_line' id='line_1_28' title="bbox 714 3509 1893 3597; baseline 0 -22"><span class='ocrx_word' id='word_1_228' title='bbox 714 3513 836 3596; x_wconf 90' lang='lat' dir='ltr'><strong>potuit,</strong></span> <span class='ocrx_word' id='word_1_229' title='bbox 868 3509 1102 3596; x_wconf 85' lang='lat' dir='ltr'><strong>Kiessliugium</strong></span> <span class='ocrx_word' id='word_1_230' title='bbox 1134 3518 1259 3576; x_wconf 88' lang='lat' dir='ltr'><strong>tantum</strong></span> <span class='ocrx_word' id='word_1_231' title='bbox 1291 3534 1352 3576; x_wconf 93' lang='lat' dir='ltr'><strong>non</strong></span> <span class='ocrx_word' id='word_1_232' title='bbox 1383 3513 1500 3596; x_wconf 90' lang='lat' dir='ltr'><strong>ubique</strong></span> <span class='ocrx_word' id='word_1_233' title='bbox 1530 3514 1725 3597; x_wconf 87' lang='lat' dir='ltr'><strong>acquiescere</strong></span> <span class='ocrx_word' id='word_1_234' title='bbox 1756 3511 1893 3576; x_wconf 91' lang='lat' dir='ltr'><strong>duorum</strong></span> 
     </span>
    </p>

    <p class='ocr_par' dir='ltr' id='par_1_28' title="bbox 712 3616 1893 3702">
     <span class='ocr_line' id='line_1_29' title="bbox 712 3616 1893 3702; baseline 0.002 -21"><span class='ocrx_word' id='word_1_235' title='bbox 712 3616 867 3681; x_wconf 90' lang='lat' dir='ltr'><strong>librorum</strong></span> <span class='ocrx_word' id='word_1_236' title='bbox 887 3620 1074 3682; x_wconf 88' lang='lat' dir='ltr'><strong>auctoritate</strong></span> <span class='ocrx_word' id='word_1_237' title='bbox 1094 3625 1125 3681; x_wconf 94' lang='lat' dir='ltr'><strong>et</strong></span> <span class='ocrx_word' id='word_1_238' title='bbox 1145 3638 1214 3683; x_wconf 93' lang='lat' dir='ltr'><strong>raro</strong></span> <span class='ocrx_word' id='word_1_239' title='bbox 1234 3639 1289 3682; x_wconf 91' lang='lat' dir='ltr'><strong>nec</strong></span> <span class='ocrx_word' id='word_1_240' title='bbox 1308 3621 1370 3681; x_wconf 91' lang='lat' dir='ltr'><strong>nisi</strong></span> <span class='ocrx_word' id='word_1_241' title='bbox 1387 3639 1477 3702; x_wconf 90' lang='lat' dir='ltr'><strong>parce</strong></span> <span class='ocrx_word' id='word_1_242' title='bbox 1497 3617 1616 3702; x_wconf 89' lang='lat' dir='ltr'><strong>aliquid</strong></span> <span class='ocrx_word' id='word_1_243' title='bbox 1634 3618 1741 3683; x_wconf 86' lang='lat' dir='ltr'><strong>afferre</strong></span> <span class='ocrx_word' id='word_1_244' title='bbox 1754 3616 1893 3683; x_wconf 86' lang='lat' dir='ltr'><strong>aliunde.</strong></span> 
     </span>
    </p>

    <p class='ocr_par' dir='ltr' id='par_1_29' title="bbox 713 3720 1892 3811">
     <span class='ocr_line' id='line_1_30' title="bbox 713 3720 1892 3811; baseline 0.002 -25"><span class='ocrx_word' id='word_1_245' title='bbox 713 3722 823 3806; x_wconf 90' lang='lat' dir='ltr'><strong>Itaque</strong></span> <span class='ocrx_word' id='word_1_246' title='bbox 858 3720 1012 3800; x_wconf 83' lang='lat' dir='ltr'><strong>Cobetus,</strong></span> <span class='ocrx_word' id='word_1_247' title='bbox 1049 3722 1127 3786; x_wconf 93' lang='lat' dir='ltr'><strong>dum</strong></span> <span class='ocrx_word' id='word_1_248' title='bbox 1162 3724 1309 3788; x_wconf 86' lang='lat' dir='ltr'><strong>studebat</strong></span> <span class='ocrx_word' id='word_1_249' title='bbox 1343 3723 1509 3788; x_wconf 89' lang='lat' dir='ltr'><strong>emendare</strong></span> <span class='ocrx_word' id='word_1_250' title='bbox 1541 3724 1748 3811; x_wconf 90' lang='lat' dir='ltr'><strong>Dionysium,</strong></span> <span class='ocrx_word' id='word_1_251' title='bbox 1781 3723 1892 3788; x_wconf 88' lang='lat' dir='ltr'><strong>cadem</strong></span> 
     </span>
    </p>

    <p class='ocr_par' dir='ltr' id='par_1_30' title="bbox 713 3829 1896 3915">
     <span class='ocr_line' id='line_1_31' title="bbox 713 3829 1896 3915; baseline 0.002 -22"><span class='ocrx_word' id='word_1_252' title='bbox 713 3850 806 3913; x_wconf 89' lang='lat' dir='ltr'><strong>opera</strong></span> <span class='ocrx_word' id='word_1_253' title='bbox 847 3850 938 3893; x_wconf 91' lang='lat' dir='ltr'><strong>suam</strong></span> <span class='ocrx_word' id='word_1_254' title='bbox 974 3829 1121 3913; x_wconf 85' lang='lat' dir='ltr'><strong>probavit</strong></span> <span class='ocrx_word' id='word_1_255' title='bbox 1160 3830 1397 3895; x_wconf 83' lang='lat' dir='ltr'><strong>festinationem</strong></span> <span class='ocrx_word' id='word_1_256' title='bbox 1431 3852 1587 3915; x_wconf 90' lang='lat' dir='ltr'><strong>suumque</strong></span> <span class='ocrx_word' id='word_1_257' title='bbox 1622 3852 1684 3915; x_wconf 93' lang='lat' dir='ltr'><strong>quo</strong></span> <span class='ocrx_word' id='word_1_258' title='bbox 1718 3834 1896 3895; x_wconf 88' lang='lat' dir='ltr'><strong>etiamtunc</strong></span> 
     </span>
    </p>

    <p class='ocr_par' dir='ltr' id='par_1_31' title="bbox 712 3934 1894 4023">
     <span class='ocr_line' id='line_1_32' title="bbox 712 3934 1894 4023; baseline 0.001 -23"><span class='ocrx_word' id='word_1_259' title='bbox 712 3934 857 4011; x_wconf 87' lang='lat' dir='ltr'><strong>valebat,</strong></span> <span class='ocrx_word' id='word_1_260' title='bbox 889 3938 1012 4020; x_wconf 83' lang='lat' dir='ltr'><strong>ingenii</strong></span> <span class='ocrx_word' id='word_1_261' title='bbox 1042 3957 1191 4014; x_wconf 66' lang='lat' dir='ltr'><strong>acumem</strong></span> <span class='ocrx_word' id='word_1_262' title='bbox 1225 3958 1299 4000; x_wconf 90' lang='lat' dir='ltr'><strong>nam</strong></span> <span class='ocrx_word' id='word_1_263' title='bbox 1330 3936 1408 4001; x_wconf 89' lang='lat' dir='ltr'><strong>locis</strong></span> <span class='ocrx_word' id='word_1_264' title='bbox 1438 3959 1499 4001; x_wconf 92' lang='lat' dir='ltr'><strong>nou</strong></span> <span class='ocrx_word' id='word_1_265' title='bbox 1522 3940 1629 4001; x_wconf 90' lang='lat' dir='ltr'><strong>minus</strong></span> <span class='ocrx_word' id='word_1_266' title='bbox 1653 3958 1749 4023; x_wconf 85' lang='lat' dir='ltr'><strong>quarn</strong></span> <span class='ocrx_word' id='word_1_267' title='bbox 1773 3935 1894 4003; x_wconf 80' lang='lat' dir='ltr'>CXXV</span> 
     </span>
    </p>

    <p class='ocr_par' dir='ltr' id='par_1_32' title="bbox 711 4041 1895 4131">
     <span class='ocr_line' id='line_1_33' title="bbox 711 4041 1895 4131; baseline 0.006 -28"><span class='ocrx_word' id='word_1_268' title='bbox 711 4042 822 4106; x_wconf 92' lang='lat' dir='ltr'><strong>incidit</strong></span> <span class='ocrx_word' id='word_1_269' title='bbox 840 4044 874 4104; x_wconf 92' lang='lat' dir='ltr'><strong>in</strong></span> <span class='ocrx_word' id='word_1_270' title='bbox 893 4044 977 4125; x_wconf 91' lang='lat' dir='ltr'><strong>ipsas</strong></span> <span class='ocrx_word' id='word_1_271' title='bbox 989 4044 1170 4106; x_wconf 83' lang='lat' dir='ltr'><strong>verissimas</strong></span> <span class='ocrx_word' id='word_1_272' title='bbox 1189 4041 1340 4108; x_wconf 89' lang='lat' dir='ltr'><strong>lectiones</strong></span> <span class='ocrx_word' id='word_1_273' title='bbox 1360 4064 1438 4128; x_wconf 91' lang='lat' dir='ltr'><strong>quac</strong></span> <span class='ocrx_word' id='word_1_274' title='bbox 1458 4052 1530 4108; x_wconf 90' lang='lat' dir='ltr'><strong>ante</strong></span> <span class='ocrx_word' id='word_1_275' title='bbox 1545 4043 1779 4130; x_wconf 83' lang='lat' dir='ltr'><strong>Kiesslingium</strong></span> <span class='ocrx_word' id='word_1_276' title='bbox 1792 4043 1895 4131; x_wconf 82' lang='lat' dir='ltr'><strong>vulgo</strong></span> 
     </span>
    </p>

    <p class='ocr_par' dir='ltr' id='par_1_33' title="bbox 712 4146 1699 4234">
     <span class='ocr_line' id='line_1_34' title="bbox 712 4146 1699 4234; baseline 0.007 -26"><span class='ocrx_word' id='word_1_277' title='bbox 712 4147 1021 4212; x_wconf 80' lang='lat' dir='ltr'><strong>circumferebantur.</strong></span> <span class='ocrx_word' id='word_1_278' title='bbox 1046 4146 1108 4211; x_wconf 83' lang='lat' dir='ltr'><strong>Sed</strong></span> <span class='ocrx_word' id='word_1_279' title='bbox 1131 4152 1207 4212; x_wconf 91' lang='lat' dir='ltr'><strong>satis</strong></span> <span class='ocrx_word' id='word_1_280' title='bbox 1230 4148 1268 4213; x_wconf 92' lang='lat' dir='ltr'><strong>de</strong></span> <span class='ocrx_word' id='word_1_281' title='bbox 1292 4150 1358 4214; x_wconf 86' lang='lat' dir='ltr'><strong>his:</strong></span> <span class='ocrx_word' id='word_1_282' title='bbox 1383 4150 1504 4234; x_wconf 86' lang='lat' dir='ltr'><strong>reliqua</strong></span> <span class='ocrx_word' id='word_1_283' title='bbox 1528 4150 1699 4215; x_wconf 90' lang='lat' dir='ltr'><strong>ordiamur.</strong></span> 
     </span>
    </p>
   </div>
   <div class='ocr_carea' id='block_1_3' title="bbox 710 4360 1896 4760">
    <p class='ocr_par' dir='ltr' id='par_1_34' title="bbox 710 4360 1896 4760">
     <span class='ocr_line' id='line_1_35' title="bbox 757 4360 1896 4458; baseline 0.006 -36"><span class='ocrx_word' id='word_1_284' title='bbox 757 4360 847 4424; x_wconf 82' lang='lat' dir='ltr'><strong>Dion.</strong></span> <span class='ocrx_word' id='word_1_285' title='bbox 857 4361 1071 4458; x_wconf 63' lang='lat' dir='ltr'><strong>Haliarintiq.</strong></span> <span class='ocrx_word' id='word_1_286' title='bbox 1085 4362 1169 4426; x_wconf 77' lang='lat' dir='ltr'><strong>Rern.</strong></span> <span class='ocrx_word' id='word_1_287' title='bbox 1183 4362 1198 4426; x_wconf 93' lang='lat' dir='ltr'>I</span> <span class='ocrx_word' id='word_1_288' title='bbox 1214 4364 1229 4426; x_wconf 92' lang='grc'>1</span> <span class='ocrx_word' id='word_1_289' title='bbox 1243 4385 1273 4447; x_wconf 95' lang='lat' dir='ltr'><strong>p.</strong></span> <span class='ocrx_word' id='word_1_290' title='bbox 1286 4361 1304 4426; x_wconf 86' lang='lat'><strong>3</strong></span> <span class='ocrx_word' id='word_1_291' title='bbox 1315 4363 1390 4427; x_wconf 85' lang='lat' dir='ltr'><strong>Rsk.</strong></span> <span class='ocrx_word' id='word_1_292' title='bbox 1402 4382 1409 4426; x_wconf 75' lang='grc' dir='ltr'><strong>ε</strong></span> <span class='ocrx_word' id='word_1_293' title='bbox 1423 4366 1594 4443; x_wconf 73' lang='grc' dir='ltr'><strong><em>περιουσίαν</em></strong></span> <span class='ocrx_word' id='word_1_294' title='bbox 1613 4364 1896 4442; x_wconf 69' lang='grc' dir='ltr'><strong>ἀποδείξασθαι</strong></span> 
     </span>
     <span class='ocr_line' id='line_1_36' title="bbox 712 4466 1891 4544; baseline 0.008 -16"><span class='ocrx_word' id='word_1_295' title='bbox 712 4473 766 4538; x_wconf 76' lang='grc' dir='ltr'><strong>τῆς</strong></span> <span class='ocrx_word' id='word_1_296' title='bbox 790 4466 856 4544; x_wconf 75' lang='grc' dir='ltr'><strong>περὶ</strong></span> <span class='ocrx_word' id='word_1_297' title='bbox 882 4466 992 4542; x_wconf 78' lang='grc' dir='ltr'>λόγους</span> <span class='ocrx_word' id='word_1_298' title='bbox 1015 4466 1170 4543; x_wconf 70' lang='grc' dir='ltr'><strong>δυνάμεως</strong></span> <span class='ocrx_word' id='word_1_299' title='bbox 1192 4469 1381 4544; x_wconf 71' lang='grc' dir='ltr'><strong>βουλόμενοι.</strong></span> <span class='ocrx_word' id='word_1_300' title='bbox 1402 4467 1596 4535; x_wconf 81' lang='lat' dir='ltr'><strong>Schwarzius</strong></span> <span class='ocrx_word' id='word_1_301' title='bbox 1616 4473 1649 4535; x_wconf 89' lang='lat' dir='ltr'><strong>iu</strong></span> <span class='ocrx_word' id='word_1_302' title='bbox 1670 4471 1779 4536; x_wconf 73' lang='lat' dir='ltr'><strong>Morem.</strong></span> <span class='ocrx_word' id='word_1_303' title='bbox 1804 4471 1891 4537; x_wconf 78' lang='lat'>1885</span> 
     </span>
     <span class='ocr_line' id='line_1_37' title="bbox 710 4569 1892 4656; baseline 0.008 -24"><span class='ocrx_word' id='word_1_304' title='bbox 710 4590 741 4653; x_wconf 92' lang='lat' dir='ltr'><strong>p.</strong></span> <span class='ocrx_word' id='word_1_305' title='bbox 769 4569 809 4633; x_wconf 87' lang='lat'><strong>12</strong></span> <span class='ocrx_word' id='word_1_306' title='bbox 833 4573 878 4634; x_wconf 91' lang='lat' dir='ltr'><strong>sic</strong></span> <span class='ocrx_word' id='word_1_307' title='bbox 902 4571 1091 4656; x_wconf 90' lang='lat' dir='ltr'><strong>simpliciter</strong></span> <span class='ocrx_word' id='word_1_308' title='bbox 1114 4574 1349 4638; x_wconf 82' lang='lat' dir='ltr'><strong>commendavit</strong></span> <span class='ocrx_word' id='word_1_309' title='bbox 1373 4574 1678 4652; x_wconf 69' lang='grc' dir='ltr'><strong>ἐπιδείξασθαι·</strong></span> <span class='ocrx_word' id='word_1_310' title='bbox 1702 4582 1784 4641; x_wconf 88' lang='lat' dir='ltr'><strong>recte</strong></span> <span class='ocrx_word' id='word_1_311' title='bbox 1807 4576 1892 4641; x_wconf 90' lang='lat' dir='ltr'><strong>illud</strong></span> 
     </span>
     <span class='ocr_line' id='line_1_38' title="bbox 710 4673 1893 4760; baseline 0.011 -26"><span class='ocrx_word' id='word_1_312' title='bbox 710 4673 856 4757; x_wconf 87' lang='lat' dir='ltr'><strong>quidem,</strong></span> <span class='ocrx_word' id='word_1_313' title='bbox 891 4677 945 4740; x_wconf 90' lang='lat' dir='ltr'><strong>scd</strong></span> <span class='ocrx_word' id='word_1_314' title='bbox 976 4676 1060 4742; x_wconf 91' lang='lat' dir='ltr'><strong>haud</strong></span> <span class='ocrx_word' id='word_1_315' title='bbox 1091 4678 1233 4744; x_wconf 90' lang='lat' dir='ltr'><strong>alienum</strong></span> <span class='ocrx_word' id='word_1_316' title='bbox 1262 4683 1322 4744; x_wconf 88' lang='lat' dir='ltr'><strong>erit</strong></span> <span class='ocrx_word' id='word_1_317' title='bbox 1353 4679 1468 4744; x_wconf 90' lang='lat' dir='ltr'><strong>borum</strong></span> <span class='ocrx_word' id='word_1_318' title='bbox 1500 4684 1668 4746; x_wconf 84' lang='lat' dir='ltr'><strong>verborum</strong></span> <span class='ocrx_word' id='word_1_319' title='bbox 1699 4681 1893 4760; x_wconf 87' lang='lat' dir='ltr'><strong>discrimen,</strong></span> 
     </span>
    </p>
   </div>
   <div class='ocr_carea' id='block_1_4' title="bbox 592 5017 787 5145">
    <p class='ocr_par' dir='ltr' id='par_1_35' title="bbox 592 5017 787 5145">
     <span class='ocr_line' id='line_1_39' title="bbox 592 5017 787 5145; baseline 0 0"><span class='ocrx_word' id='word_1_320' title='bbox 592 5017 787 5145; x_wconf 63' lang='lat' dir='ltr'><strong>A</strong></span> 
     </span>
    </p>
   </div>
   <div class='ocr_carea' id='block_1_5' title="bbox 0 0 2568 6150">
    <p class='ocr_par' dir='ltr' id='par_1_36' title="bbox 0 0 2568 6150">
     <span class='ocr_line' id='line_1_40' title="bbox 0 0 2568 6150; baseline 0 5"><span class='ocrx_word' id='word_1_321' title='bbox 0 0 2568 6150; x_wconf 95' lang='lat' dir='ltr'><strong> </strong></span> 
     </span>
    </p>
   </div>
  </div>
 </body>
</html>
