5125 6150
750 800 817 865 228
1227 814 1299 872 ouis
1320 795 1446 862 renent

749 983 901 1049 Roemer:
935 984 1069 1047 minime
1104 988 1172 1045 tam
1207 979 1310 1045 cultos
1340 980 1437 1045 fuisse
1468 982 1677 1045 Athenienses
1709 979 1937 1065 Aristophanis

750 1094 853 1156 aetate
887 1109 984 1173 quam
1017 1108 1110 1173 saepe
1144 1107 1163 1151 a
1193 1085 1307 1152 multis
1337 1087 1456 1152 fuerint
1488 1086 1566 1152 dicti
1573 1108 1582 1165 ;
1614 1085 1794 1152 cuiusmodi
1824 1084 1939 1150 laudes

749 1195 863 1261 effusas
895 1193 976 1260 salse
1007 1193 1081 1259 dein
1109 1193 1201 1259 ridet.
1239 1196 1282 1258 At
1383 1194 1417 1258 id
1447 1196 1555 1279 ipsum
1586 1200 1618 1258 et
1648 1215 1708 1280 ego
1740 1199 1939 1269 statuerem,

751 1323 894 1388 quaeque
925 1301 963 1366 de
992 1298 1130 1387 Dionysi
1160 1303 1194 1364 in
1225 1299 1324 1364 Ranis
1354 1301 1498 1385 partibus
1529 1301 1614 1386 apud
1644 1299 1837 1365 Roemerum
1860 1319 1941 1364 mox

748 1407 913 1495 leguntur,
944 1429 981 1473 ea
1012 1428 1138 1492 quoqne
1168 1406 1289 1472 similia
1320 1413 1395 1472 sunt
1424 1409 1505 1472 meis
1535 1409 1636 1493 ipsius
1668 1406 1773 1472 verbis
1795 1403 1938 1490 (Proleg.

751 1513 829 1579 lien.
852 1537 883 1600 p.
907 1531 952 1579 xv
973 1520 1043 1598 sq.).
1067 1512 1177 1597 Itaque
1201 1511 1327 1578 felicem
1351 1512 1550 1578 concordiam
1572 1534 1656 1577 nunc
1675 1517 1758 1577 certe
1777 1514 1861 1576 inter
1880 1531 1941 1575 nos

750 1640 885 1706 regnare
913 1618 1031 1684 dixeris
1063 1622 1171 1704 potius
1203 1640 1300 1703 quam
1330 1640 1399 1684 acre
1430 1617 1512 1683 illud
1543 1618 1730 1696 dissidium;
1762 1618 1942 1681 nonenim

753 1728 971 1804 ,contrarium
995 1725 1083 1791 veri'’
1107 1728 1176 1790 sive
1199 1745 1314 1811 aegrae
1335 1727 1453 1791 mentis
1472 1728 1597 1791 somnia
1616 1745 1705 1789 meae
1723 1722 1942 1809 qualicunque

752 1831 957 1917 explicationi
980 1832 1161 1896 substructa
1183 1831 1303 1908 videri,
1327 1831 1380 1897 sed
1403 1832 1436 1896 id
1459 1831 1543 1916 quod
1566 1834 1635 1917 ipso
1658 1829 1811 1895 Roemero
1830 1827 1942 1892 iudice

752 1942 876 2002 certum
905 1940 948 2002 sit
978 1944 1073 2022 atque
1107 1936 1318 2023 exploratum.
1353 1936 1414 2003 Sed
1450 1938 1561 2003 videor
1596 1940 1703 2002 minus
1736 1933 1942 2020 simplicibus

751 2045 989 2130 perspicuisque
1009 2044 1115 2110 verbis
1133 2065 1210 2109 usus
1230 2065 1297 2109 esse
1316 2065 1413 2130 quam
1432 2048 1500 2130 ipse
1521 2044 1669 2122 Roemer,
1693 2045 1845 2129 quoniam
1869 2045 1942 2106 tam

751 2148 837 2215 male
859 2148 1020 2215 intellexit
1042 2170 1121 2235 quae
1143 2153 1342 2235 scripseram.

798 2255 881 2335 Quid
904 2276 979 2321 vero
1001 2262 1050 2320 est
1073 2256 1157 2341 quod
1181 2257 1219 2322 de
1243 2257 1404 2322 Banerum
1427 2256 1485 2322 illo
1505 2256 1573 2322 loco
1593 2252 1763 2342 perhibui?
1782 2253 1943 2320 Taedium

752 2383 791 2428 ne
822 2363 945 2447 pariam
976 2360 1168 2448 legentibus,
1200 2365 1401 2448 paucissimis
1431 2364 1537 2429 verbis
1569 2384 1653 2427 nunc
1683 2367 1825 2447 repetam
1856 2381 1943 2444 quae

752 2468 855 2533 fusius
885 2466 964 2532 olim
994 2470 1136 2554 exposui.
1168 2467 1257 2533 'lunc
1287 2490 1362 2533 oum
1393 2471 1536 2554 primum
1567 2469 1641 2534 data
1663 2475 1712 2532 est
1732 2466 1788 2532 illa
1810 2464 1942 2544 fabula,

751 2576 850 2639 nimis
885 2573 975 2639 docta
1007 2576 1078 2638 visa
1108 2579 1157 2639 est
1187 2574 1299 2638 multis
1329 2577 1575 2660 spectatoribus,
1607 2575 1724 2660 quibus
1754 2594 1815 2637 non
1847 2576 1942 2636 tanta

752 2684 835 2746 esset
869 2681 903 2743 in
935 2701 969 2745 re
999 2679 1156 2745 litteraria
1186 2683 1302 2765 peritia
1335 2687 1374 2745 ut
1406 2682 1611 2746 creberrimos
1646 2679 1748 2757 locos,
1783 2698 1863 2764 quos
1900 2699 1942 2743 ex

751 2785 912 2872 Aeschylo
943 2791 975 2850 et
1006 2786 1159 2871 Euripide
1190 2789 1332 2852 comicus
1362 2786 1516 2853 attulerat
1546 2788 1598 2855 vel
1620 2790 1750 2864 riserat,
1775 2783 1941 2869 extemplo

752 2912 921 2978 agnoscere
951 2896 983 2958 et
1013 2913 1071 2956 suo
1100 2895 1202 2976 pretio
1232 2900 1411 2959 aestumare
1440 2899 1577 2978 possent.
1613 2894 1810 2980 Quapropter
1838 2894 1942 2956 comi·

751 3019 808 3064 cus
844 3004 915 3062 tum
946 3018 1019 3062 cum
1050 2998 1158 3063 fabula
1190 3002 1309 3064 iterum
1342 3003 1376 3064 in
1413 3021 1538 3066 scenam
1572 3007 1620 3065 est
1654 2999 1840 3087 prolata-
1869 2999 1942 3063 ἀνε-

749 3104 881 3184 διδάχθη
916 3103 979 3183 γάρ
1014 3111 1095 3170 teste
1125 3106 1317 3172 Dicaearcho
1350 3145 1392 3156 —
1423 3108 1499 3173 haec
1530 3110 1682 3173 inseruit:
1714 3126 1818 3184 „nunc
1849 3114 1940 3170 certe

751 3233 866 3292 ,nemo
896 3216 1041 3276 vestrum
1072 3233 1136 3277 non
1165 3212 1333 3299 intelleget
1364 3221 1487 3278 nostros
1516 3217 1618 3291 iocos,
1642 3234 1716 3278 nam
1740 3209 1941 3296 exemplaria

752 3316 898 3398 ,fabulae
922 3317 1086 3383 divendita
1108 3321 1174 3382 iam
1197 3325 1229 3383 et
1250 3322 1284 3383 in
1308 3322 1452 3384 omnium
1476 3327 1550 3385 sunt
1573 3318 1752 3384 manibus’'.
1778 3354 1820 3365 -
1845 3315 1941 3396 Quod

753 3426 804 3503 „tv
835 3425 989 3504 εἰρωνε1ᾳ”
1021 3445 1096 3489 eum
1120 3424 1238 3490 dixisse
1260 3424 1396 3490 libenter
1418 3426 1509 3491 credo
1533 3426 1733 3504 schohastae;
1759 3446 1823 3489 non
1847 3426 1939 3488 enim

751 3534 833 3597 serio
853 3531 907 3595 sed
925 3534 1031 3596 iocans
1050 3531 1212 3596 contendit
1231 3538 1422 3616 spectatores
1442 3555 1538 3598 suum
1558 3535 1619 3598 sibi
1640 3553 1796 3619 quemque
1809 3530 1941 3595 fabulae

751 3636 914 3722 exemplar
943 3640 1058 3703 emisse
1089 3638 1172 3723 apud
1196 3637 1402 3724 bibliopolam
1426 3647 1457 3704 et
1481 3643 1695 3705 intentissima
1718 3644 1823 3703 mente
1846 3636 1941 3702 domi

751 3743 924 3831 perlegisse
954 3748 1140 3829 priusquam
1168 3746 1329 3811 theatrum
1352 3748 1525 3824 intrarent,
1550 3769 1632 3812 nunc
1655 3755 1763 3812 autem
1785 3747 1941 3810 manibus

752 3854 818 3918 suis
848 3850 904 3915 illa
936 3851 1127 3936 exemplaria
1157 3858 1299 3918 tenentes
1324 3854 1468 3932 assidere.
1492 3853 1582 3919 Talia
1604 3855 1769 3941 perhibens
1793 3855 1940 3917 comicus

752 3980 786 4024 se
808 3961 875 4044 ipse
897 3956 1002 4043 lepide
1025 3979 1112 4022 more
1136 3959 1228 4025 solito
1252 3959 1420 4026 collaudat.

798 4065 884 4144 Quae
906 4064 968 4130 loci
991 4067 1188 4129 vexatissimi
1208 4067 1376 4152 explicatio
1396 4074 1428 4132 et
1448 4068 1579 4132 antehac
1598 4067 1684 4132 haud
1702 4066 1835 4151 indigna
1854 4067 1944 4130 mihi

752 4171 922 4238 videbatur
962 4191 1042 4256 quae
1075 4170 1208 4236 eruditis
1242 4173 1530 4252 commendaretur,
1566 4180 1598 4237 et
1633 4194 1733 4249 nunc,
1766 4177 1945 4256 postquam

753 4277 889 4344 Roemr
910 4280 1034 4342 invitus
1058 4314 1100 4326 -
1124 4284 1208 4342 certe
1231 4280 1349 4345 inscius
1373 4318 1414 4329 —
1438 4283 1468 4345 ei
1491 4280 1614 4344 firmius
1636 4282 1733 4343 etiam
1757 4277 1945 4343 substruxit

753 4384 1015 4460 fundamentum,
1039 4390 1168 4450 tautum
1190 4405 1252 4449 non
1275 4386 1394 4451 confido
1417 4393 1536 4452 certam
1556 4407 1622 4451 esse
1643 4393 1674 4451 et
1695 4384 1839 4469 plurium
1860 4405 1944 4450 mox

754 4511 917 4558 assensum
940 4488 1091 4556 laturam.

799 4704 891 4770 Nunc
913 4670 1014 4790 pauca
1036 4703 1168 4770 dicenda
1191 4704 1341 4769 videntur
1364 4705 1402 4770 de
1425 4709 1556 4771 crimine
1580 4705 1637 4771 illo
1662 4705 1744 4784 „den
1768 4702 1946 4791 Holuspo-

754 4808 816 4874 lius
847 4812 1061 4895 ungehbriger
1089 4808 1224 4875 Zitate’'.
1257 4811 1432 4897 Quodque
1456 4815 1662 4898 potissimum
1686 4817 1842 4898 spectaret
1863 4836 1944 4880 oum

756 4914 952 4996 dubitarem,
985 4915 1111 4980 medem
1135 4923 1179 5000 (p.
1205 4915 1321 5002 ossq.)
1345 4917 1412 4983 vidi
1437 4940 1488 4983 me
1510 4920 1549 4984 ad
1572 4918 1768 4985 locutionem
1793 4921 1864 4996 ,ab
1890 4921 1944 4987 rte
