<?xml version="1.0" encoding="UTF-8"?>
<!DOCTYPE html PUBLIC "-//W3C//DTD XHTML 1.0 Transitional//EN"
    "http://www.w3.org/TR/xhtml1/DTD/xhtml1-transitional.dtd">
<html xmlns="http://www.w3.org/1999/xhtml" xml:lang="en" lang="en">
 <head>
  <title>
</title>
<meta http-equiv="Content-Type" content="text/html;charset=utf-8" />
  <meta name='ocr-system' content='tesseract 3.04.00' />
  <meta name='ocr-capabilities' content='ocr_page ocr_carea ocr_par ocr_line ocrx_word'/>
</head>
<body>
  <div class='ocr_page' id='page_1' title='image "./mnemosyne04verdgoog_0356.png"; bbox 0 0 5125 6150; ppageno 0'>
   <div class='ocr_carea' id='block_1_1' title="bbox 1104 827 1773 896">
    <p class='ocr_par' dir='ltr' id='par_1_1' title="bbox 1104 827 1773 896">
     <span class='ocr_line' id='line_1_1' title="bbox 1104 827 1773 896; baseline 0.001 -1"><span class='ocrx_word' id='word_1_1' title='bbox 1104 847 1258 896; x_wconf 72' lang='lat' dir='ltr'><strong>caturca.</strong></span> <span class='ocrx_word' id='word_1_2' title='bbox 1709 827 1773 896; x_wconf 81' lang='lat'><strong>357</strong></span> 
     </span>
    </p>
   </div>
   <div class='ocr_carea' id='block_1_2' title="bbox 587 1010 1778 4389">
    <p class='ocr_par' dir='ltr' id='par_1_2' title="bbox 587 1010 1777 1842">
     <span class='ocr_line' id='line_1_2' title="bbox 587 1010 1775 1098; baseline 0.003 -23"><span class='ocrx_word' id='word_1_3' title='bbox 587 1010 811 1089; x_wconf 79' lang='lat' dir='ltr'><strong>laudantium,</strong></span> <span class='ocrx_word' id='word_1_4' title='bbox 843 1012 918 1076; x_wconf 89' lang='lat' dir='ltr'><strong>haec</strong></span> <span class='ocrx_word' id='word_1_5' title='bbox 949 1017 998 1076; x_wconf 90' lang='lat' dir='ltr'><strong>est</strong></span> <span class='ocrx_word' id='word_1_6' title='bbox 1029 1014 1152 1098; x_wconf 90' lang='lat' dir='ltr'><strong>opinio,</strong></span> <span class='ocrx_word' id='word_1_7' title='bbox 1182 1033 1279 1096; x_wconf 87' lang='lat' dir='ltr'><strong>quam</strong></span> <span class='ocrx_word' id='word_1_8' title='bbox 1303 1010 1485 1097; x_wconf 78' lang='lat' dir='ltr'><strong>eloquenter</strong></span> <span class='ocrx_word' id='word_1_9' title='bbox 1508 1015 1637 1097; x_wconf 82' lang='lat' dir='ltr'>exponit</span> <span class='ocrx_word' id='word_1_10' title='bbox 1659 1012 1775 1078; x_wconf 80' lang='lat' dir='ltr'><strong>Seneca</strong></span> 
     </span>
     <span class='ocr_line' id='line_1_3' title="bbox 588 1116 1776 1202; baseline 0 -20"><span class='ocrx_word' id='word_1_11' title='bbox 588 1116 652 1202; x_wconf 80' lang='lat' dir='ltr'><strong>Ep.</strong></span> <span class='ocrx_word' id='word_1_12' title='bbox 678 1116 731 1182; x_wconf 83' lang='lat'><strong>95.</strong></span> <span class='ocrx_word' id='word_1_13' title='bbox 747 1117 806 1182; x_wconf 80' lang='lat'><strong>52:</strong></span> <span class='ocrx_word' id='word_1_14' title='bbox 840 1139 955 1194; x_wconf 92' lang='lat' dir='ltr'><strong>„omne</strong></span> <span class='ocrx_word' id='word_1_15' title='bbox 979 1119 1039 1182; x_wconf 93' lang='lat' dir='ltr'><strong>hoc</strong></span> <span class='ocrx_word' id='word_1_16' title='bbox 1062 1118 1146 1202; x_wconf 90' lang='lat' dir='ltr'><strong>quod</strong></span> <span class='ocrx_word' id='word_1_17' title='bbox 1169 1118 1259 1183; x_wconf 87' lang='lat' dir='ltr'><strong>vides</strong></span> <span class='ocrx_word' id='word_1_18' title='bbox 1282 1139 1385 1183; x_wconf 91' lang='lat' dir='ltr'><strong>unum</strong></span> <span class='ocrx_word' id='word_1_19' title='bbox 1409 1123 1474 1184; x_wconf 89' lang='lat' dir='ltr'><strong>est:</strong></span> <span class='ocrx_word' id='word_1_20' title='bbox 1499 1119 1642 1183; x_wconf 90' lang='lat' dir='ltr'><strong>membra</strong></span> <span class='ocrx_word' id='word_1_21' title='bbox 1663 1139 1776 1183; x_wconf 91' lang='lat' dir='ltr'><strong>sumus</strong></span> 
     </span>
     <span class='ocr_line' id='line_1_4' title="bbox 589 1225 1777 1312; baseline 0.002 -24"><span class='ocrx_word' id='word_1_22' title='bbox 589 1227 731 1309; x_wconf 90' lang='lat' dir='ltr'><strong>corporis</strong></span> <span class='ocrx_word' id='word_1_23' title='bbox 754 1228 875 1312; x_wconf 90' lang='lat' dir='ltr'><strong>magni.</strong></span> <span class='ocrx_word' id='word_1_24' title='bbox 911 1225 1032 1290; x_wconf 89' lang='lat' dir='ltr'><strong>Natura</strong></span> <span class='ocrx_word' id='word_1_25' title='bbox 1056 1247 1112 1289; x_wconf 92' lang='lat' dir='ltr'><strong>nos</strong></span> <span class='ocrx_word' id='word_1_26' title='bbox 1136 1232 1286 1310; x_wconf 86' lang='lat' dir='ltr'><strong>cognatos</strong></span> <span class='ocrx_word' id='word_1_27' title='bbox 1308 1225 1425 1303; x_wconf 91' lang='lat' dir='ltr'><strong>edidit,</strong></span> <span class='ocrx_word' id='word_1_28' title='bbox 1450 1247 1524 1290; x_wconf 91' lang='lat' dir='ltr'><strong>cum</strong></span> <span class='ocrx_word' id='word_1_29' title='bbox 1546 1247 1583 1290; x_wconf 85' lang='lat' dir='ltr'><strong>ex</strong></span> <span class='ocrx_word' id='word_1_30' title='bbox 1608 1225 1707 1290; x_wconf 85' lang='lat' dir='ltr'><strong>isdem</strong></span> <span class='ocrx_word' id='word_1_31' title='bbox 1732 1232 1777 1290; x_wconf 79' lang='lat' dir='ltr'><strong>at</strong></span> 
     </span>
     <span class='ocr_line' id='line_1_5' title="bbox 588 1331 1777 1418; baseline 0 -23"><span class='ocrx_word' id='word_1_32' title='bbox 588 1334 709 1416; x_wconf 92' lang='lat' dir='ltr'><strong>quein</strong></span> <span class='ocrx_word' id='word_1_33' title='bbox 733 1331 843 1396; x_wconf 91' lang='lat' dir='ltr'><strong>eadem</strong></span> <span class='ocrx_word' id='word_1_34' title='bbox 866 1334 1024 1418; x_wconf 80' lang='lat' dir='ltr'><strong>gigneret.</strong></span> <span class='ocrx_word' id='word_1_35' title='bbox 1049 1331 1138 1396; x_wconf 85' lang='lat' dir='ltr'><strong>Haec</strong></span> <span class='ocrx_word' id='word_1_36' title='bbox 1162 1332 1251 1397; x_wconf 88' lang='lat' dir='ltr'><strong>nobis</strong></span> <span class='ocrx_word' id='word_1_37' title='bbox 1274 1353 1416 1397; x_wconf 90' lang='lat' dir='ltr'><strong>amorem</strong></span> <span class='ocrx_word' id='word_1_38' title='bbox 1439 1332 1555 1396; x_wconf 86' lang='lat' dir='ltr'><strong>indidit</strong></span> <span class='ocrx_word' id='word_1_39' title='bbox 1574 1337 1726 1397; x_wconf 92' lang='lat' dir='ltr'><strong>mutuum</strong></span> <span class='ocrx_word' id='word_1_40' title='bbox 1745 1338 1777 1396; x_wconf 91' lang='lat' dir='ltr'><strong>et</strong></span> 
     </span>
     <span class='ocr_line' id='line_1_6' title="bbox 589 1437 1777 1524; baseline -0.001 -22"><span class='ocrx_word' id='word_1_41' title='bbox 589 1437 758 1502; x_wconf 81' lang='lat' dir='ltr'><strong>sociabiles</strong></span> <span class='ocrx_word' id='word_1_42' title='bbox 789 1439 884 1502; x_wconf 85' lang='lat' dir='ltr'><strong>fecit’&#39;</strong></span> <span class='ocrx_word' id='word_1_43' title='bbox 916 1446 975 1503; x_wconf 90' lang='lat' dir='ltr'><strong>etc.</strong></span> <span class='ocrx_word' id='word_1_44' title='bbox 1007 1439 1198 1524; x_wconf 81' lang='lat' dir='ltr'><strong>quibuscum</strong></span> <span class='ocrx_word' id='word_1_45' title='bbox 1230 1446 1303 1522; x_wconf 90' lang='lat' dir='ltr'><strong>apte</strong></span> <span class='ocrx_word' id='word_1_46' title='bbox 1334 1440 1474 1504; x_wconf 87' lang='lat' dir='ltr'><strong>conferas</strong></span> <span class='ocrx_word' id='word_1_47' title='bbox 1503 1460 1582 1524; x_wconf 90' lang='lat' dir='ltr'><strong>quae</strong></span> <span class='ocrx_word' id='word_1_48' title='bbox 1605 1437 1715 1505; x_wconf 88' lang='lat' dir='ltr'><strong>Cicero</strong></span> <span class='ocrx_word' id='word_1_49' title='bbox 1738 1458 1777 1502; x_wconf 82' lang='lat' dir='ltr'><strong>ex</strong></span> 
     </span>
     <span class='ocr_line' id='line_1_7' title="bbox 589 1543 1776 1628; baseline -0.001 -21"><span class='ocrx_word' id='word_1_50' title='bbox 589 1543 743 1609; x_wconf 86' lang='lat' dir='ltr'><strong>Panaetio</strong></span> <span class='ocrx_word' id='word_1_51' title='bbox 775 1547 891 1609; x_wconf 87' lang='lat' dir='ltr'><strong>sumsit</strong></span> <span class='ocrx_word' id='word_1_52' title='bbox 921 1544 978 1609; x_wconf 87' lang='lat' dir='ltr'><strong>Off.</strong></span> <span class='ocrx_word' id='word_1_53' title='bbox 1012 1545 1036 1609; x_wconf 92' lang='lat' dir='ltr'><strong>I.</strong></span> <span class='ocrx_word' id='word_1_54' title='bbox 1069 1545 1122 1610; x_wconf 88' lang='lat'><strong>20.</strong></span> <span class='ocrx_word' id='word_1_55' title='bbox 1137 1545 1189 1610; x_wconf 84' lang='lat'><strong>50.</strong></span> <span class='ocrx_word' id='word_1_56' title='bbox 1204 1545 1264 1621; x_wconf 83' lang='lat'><strong>58;</strong></span> <span class='ocrx_word' id='word_1_57' title='bbox 1300 1583 1339 1594; x_wconf 93' lang='lat'>-</span> <span class='ocrx_word' id='word_1_58' title='bbox 1372 1544 1489 1610; x_wconf 86' lang='grc' dir='ltr'><strong><em>εθνοιιον</em></strong></span> <span class='ocrx_word' id='word_1_59' title='bbox 1521 1553 1646 1622; x_wconf 88' lang='lat' dir='ltr'><strong>autem,</strong></span> <span class='ocrx_word' id='word_1_60' title='bbox 1680 1564 1776 1628; x_wconf 89' lang='lat' dir='ltr'><strong>quam</strong></span> 
     </span>
     <span class='ocr_line' id='line_1_8' title="bbox 591 1648 1777 1737; baseline 0 -23"><span class='ocrx_word' id='word_1_61' title='bbox 591 1651 710 1722; x_wconf 77' lang='grc' dir='ltr'><strong><em>παντὸς</em></strong></span> <span class='ocrx_word' id='word_1_62' title='bbox 740 1654 861 1726; x_wconf 74' lang='grc' dir='ltr'><strong><em>μᾶλλον</em></strong></span> <span class='ocrx_word' id='word_1_63' title='bbox 884 1648 1037 1731; x_wconf 74' lang='grc' dir='ltr'><strong><em>διασῴζειν</em></strong></span> <span class='ocrx_word' id='word_1_64' title='bbox 1061 1652 1150 1715; x_wconf 91' lang='lat' dir='ltr'><strong>iubet</strong></span> <span class='ocrx_word' id='word_1_65' title='bbox 1172 1657 1287 1728; x_wconf 91' lang='lat' dir='ltr'><strong>noster,</strong></span> <span class='ocrx_word' id='word_1_66' title='bbox 1312 1671 1330 1715; x_wconf 88' lang='lat' dir='ltr'><strong>a</strong></span> <span class='ocrx_word' id='word_1_67' title='bbox 1352 1650 1465 1717; x_wconf 83' lang='lat' dir='ltr'><strong>Stoicis</strong></span> <span class='ocrx_word' id='word_1_68' title='bbox 1487 1653 1571 1715; x_wconf 90' lang='lat' dir='ltr'><strong>inter</strong></span> <span class='ocrx_word' id='word_1_69' title='bbox 1594 1653 1777 1737; x_wconf 88' lang='lat' dir='ltr'><strong>praecipuas</strong></span> 
     </span>
     <span class='ocr_line' id='line_1_9' title="bbox 589 1758 1540 1842; baseline 0 -19"><span class='ocrx_word' id='word_1_70' title='bbox 589 1759 730 1823; x_wconf 81' lang='lat' dir='ltr'><strong>virtutes</strong></span> <span class='ocrx_word' id='word_1_71' title='bbox 753 1779 819 1822; x_wconf 90' lang='lat' dir='ltr'><strong>esse</strong></span> <span class='ocrx_word' id='word_1_72' title='bbox 843 1761 998 1842; x_wconf 85' lang='lat' dir='ltr'><strong>positam,</strong></span> <span class='ocrx_word' id='word_1_73' title='bbox 1023 1760 1079 1822; x_wconf 82' lang='lat' dir='ltr'><strong>vir</strong></span> <span class='ocrx_word' id='word_1_74' title='bbox 1103 1765 1150 1822; x_wconf 92' lang='lat' dir='ltr'><strong>est</strong></span> <span class='ocrx_word' id='word_1_75' title='bbox 1174 1758 1258 1842; x_wconf 92' lang='lat' dir='ltr'><strong>quod</strong></span> <span class='ocrx_word' id='word_1_76' title='bbox 1281 1778 1540 1823; x_wconf 87' lang='lat' dir='ltr'><strong>commemorem.</strong></span> 
     </span>
    </p>

    <p class='ocr_par' dir='ltr' id='par_1_3' title="bbox 587 1862 1778 3527">
     <span class='ocr_line' id='line_1_10' title="bbox 639 1862 1777 1950; baseline -0.001 -22"><span class='ocrx_word' id='word_1_77' title='bbox 639 1862 701 1928; x_wconf 90' lang='lat' dir='ltr'><strong>Sed</strong></span> <span class='ocrx_word' id='word_1_78' title='bbox 732 1863 838 1929; x_wconf 89' lang='lat' dir='ltr'><strong>Stoica</strong></span> <span class='ocrx_word' id='word_1_79' title='bbox 869 1885 992 1950; x_wconf 91' lang='lat' dir='ltr'><strong>quoque</strong></span> <span class='ocrx_word' id='word_1_80' title='bbox 1023 1864 1121 1929; x_wconf 89' lang='lat' dir='ltr'><strong>verba</strong></span> <span class='ocrx_word' id='word_1_81' title='bbox 1151 1871 1226 1929; x_wconf 93' lang='lat' dir='ltr'><strong>sunt</strong></span> <span class='ocrx_word' id='word_1_82' title='bbox 1242 1865 1372 1949; x_wconf 87' lang='lat' dir='ltr'><strong>quibus</strong></span> <span class='ocrx_word' id='word_1_83' title='bbox 1396 1864 1508 1929; x_wconf 89' lang='lat' dir='ltr'><strong>deinde</strong></span> <span class='ocrx_word' id='word_1_84' title='bbox 1532 1866 1626 1929; x_wconf 91' lang='lat' dir='ltr'><strong>nimii</strong></span> <span class='ocrx_word' id='word_1_85' title='bbox 1648 1862 1777 1928; x_wconf 84' lang='lat' dir='ltr'><strong>affectus</strong></span> 
     </span>
     <span class='ocr_line' id='line_1_11' title="bbox 588 1970 1777 2056; baseline -0.003 -20"><span class='ocrx_word' id='word_1_86' title='bbox 588 1977 834 2056; x_wconf 78' lang='lat' dir='ltr'><strong>oppugnantur:</strong></span> <span class='ocrx_word' id='word_1_87' title='bbox 860 1970 1045 2034; x_wconf 73' lang='grc' dir='ltr'><strong>δυσπάθειαν</strong></span> <span class='ocrx_word' id='word_1_88' title='bbox 1074 1973 1160 2035; x_wconf 91' lang='lat' dir='ltr'><strong>enim</strong></span> <span class='ocrx_word' id='word_1_89' title='bbox 1193 1973 1278 2035; x_wconf 87' lang='lat' dir='ltr'><strong>nasci</strong></span> <span class='ocrx_word' id='word_1_90' title='bbox 1310 1971 1400 2035; x_wconf 90' lang='lat' dir='ltr'><strong>docet</strong></span> <span class='ocrx_word' id='word_1_91' title='bbox 1431 1973 1565 2056; x_wconf 88' lang='lat' dir='ltr'><strong>scriptor</strong></span> <span class='ocrx_word' id='word_1_92' title='bbox 1588 1971 1644 2034; x_wconf 81' lang='grc' dir='ltr'><strong>θσδ</strong></span> <span class='ocrx_word' id='word_1_93' title='bbox 1668 1974 1722 2041; x_wconf 75' lang='grc' dir='ltr'><strong>σῆς</strong></span> <span class='ocrx_word' id='word_1_94' title='bbox 1747 1970 1777 2032; x_wconf 77' lang='grc' dir='ltr'><strong>ἐν</strong></span> 
     </span>
     <span class='ocr_line' id='line_1_12' title="bbox 589 2074 1778 2161; baseline -0.002 -21"><span class='ocrx_word' id='word_1_95' title='bbox 589 2078 666 2152; x_wconf 71' lang='grc' dir='ltr'><strong>ἡμῖν</strong></span> <span class='ocrx_word' id='word_1_96' title='bbox 689 2078 852 2154; x_wconf 76' lang='grc' dir='ltr'><strong><em>Φοιθλνο</em></strong></span> <span class='ocrx_word' id='word_1_97' title='bbox 881 2076 1009 2154; x_wconf 70' lang='grc' dir='ltr'><strong><em>δόξης.</em></strong></span> <span class='ocrx_word' id='word_1_98' title='bbox 1039 2078 1153 2142; x_wconf 88' lang='lat' dir='ltr'><strong>Nonne</strong></span> <span class='ocrx_word' id='word_1_99' title='bbox 1176 2077 1253 2142; x_wconf 88' lang='lat' dir='ltr'><strong>haec</strong></span> <span class='ocrx_word' id='word_1_100' title='bbox 1278 2078 1374 2142; x_wconf 88' lang='lat' dir='ltr'><strong>verba</strong></span> <span class='ocrx_word' id='word_1_101' title='bbox 1398 2082 1430 2141; x_wconf 90' lang='lat' dir='ltr'><strong>et</strong></span> <span class='ocrx_word' id='word_1_102' title='bbox 1454 2079 1671 2161; x_wconf 90' lang='lat' dir='ltr'><strong>antiquiorum</strong></span> <span class='ocrx_word' id='word_1_103' title='bbox 1696 2074 1778 2139; x_wconf 86' lang='lat' dir='ltr'><strong>Stoi-</strong></span> 
     </span>
     <span class='ocr_line' id='line_1_13' title="bbox 587 2181 1776 2269; baseline -0.003 -21"><span class='ocrx_word' id='word_1_104' title='bbox 587 2205 702 2248; x_wconf 90' lang='lat' dir='ltr'><strong>corum</strong></span> <span class='ocrx_word' id='word_1_105' title='bbox 733 2187 905 2248; x_wconf 88' lang='lat' dir='ltr'><strong>sententias</strong></span> <span class='ocrx_word' id='word_1_106' title='bbox 935 2186 969 2247; x_wconf 88' lang='lat' dir='ltr'><strong>in</strong></span> <span class='ocrx_word' id='word_1_107' title='bbox 1000 2191 1141 2248; x_wconf 90' lang='lat' dir='ltr'><strong>mentem</strong></span> <span class='ocrx_word' id='word_1_108' title='bbox 1174 2189 1306 2260; x_wconf 88' lang='lat' dir='ltr'><strong>vocant,</strong></span> <span class='ocrx_word' id='word_1_109' title='bbox 1337 2189 1369 2248; x_wconf 91' lang='lat' dir='ltr'><strong>et</strong></span> <span class='ocrx_word' id='word_1_110' title='bbox 1392 2187 1577 2269; x_wconf 89' lang='lat' dir='ltr'><strong>praesertim</strong></span> <span class='ocrx_word' id='word_1_111' title='bbox 1602 2181 1776 2269; x_wconf 77' lang='lat' dir='ltr'><strong>Chrysippi</strong></span> 
     </span>
     <span class='ocr_line' id='line_1_14' title="bbox 587 2286 1776 2375; baseline -0.001 -23"><span class='ocrx_word' id='word_1_112' title='bbox 587 2309 689 2375; x_wconf 88' lang='lat' dir='ltr'><strong>quam</strong></span> <span class='ocrx_word' id='word_1_113' title='bbox 709 2292 848 2354; x_wconf 86' lang='lat' dir='ltr'><strong>servavit</strong></span> <span class='ocrx_word' id='word_1_114' title='bbox 871 2289 1062 2355; x_wconf 88' lang='lat' dir='ltr'><strong>Plutarchus</strong></span> <span class='ocrx_word' id='word_1_115' title='bbox 1089 2291 1165 2354; x_wconf 68' lang='lat' dir='ltr'><strong>Viri.</strong></span> <span class='ocrx_word' id='word_1_116' title='bbox 1191 2291 1270 2353; x_wconf 87' lang='grc' dir='ltr'><strong><em>Μοο.</em></strong></span> <span class='ocrx_word' id='word_1_117' title='bbox 1297 2312 1323 2355; x_wconf 89' lang='lat' dir='ltr'><strong>c.</strong></span> <span class='ocrx_word' id='word_1_118' title='bbox 1349 2290 1379 2354; x_wconf 92' lang='grc'><strong>3.</strong></span> <span class='ocrx_word' id='word_1_119' title='bbox 1403 2289 1439 2353; x_wconf 84' lang='grc' dir='ltr'><strong>σθ</strong></span> <span class='ocrx_word' id='word_1_120' title='bbox 1464 2291 1560 2361; x_wconf 80' lang='grc' dir='ltr'><strong><em>σθθος</em></strong></span> <span class='ocrx_word' id='word_1_121' title='bbox 1585 2286 1661 2354; x_wconf 72' lang='grc' dir='ltr'><strong><em>εἶναι</em></strong></span> <span class='ocrx_word' id='word_1_122' title='bbox 1684 2290 1776 2365; x_wconf 77' lang='grc' dir='ltr'><strong><em>λόγον</em></strong></span> 
     </span>
     <span class='ocr_line' id='line_1_15' title="bbox 587 2395 1774 2475; baseline -0.001 -16"><span class='ocrx_word' id='word_1_123' title='bbox 587 2396 713 2473; x_wconf 71' lang='grc' dir='ltr'><strong><em>πονηρὸν</em></strong></span> <span class='ocrx_word' id='word_1_124' title='bbox 745 2395 795 2459; x_wconf 76' lang='grc' dir='ltr'><strong>καὶ</strong></span> <span class='ocrx_word' id='word_1_125' title='bbox 829 2395 1002 2460; x_wconf 78' lang='grc' dir='ltr'><strong><em>οὶκθλαστον</em></strong></span> <span class='ocrx_word' id='word_1_126' title='bbox 1034 2397 1067 2459; x_wconf 76' lang='grc' dir='ltr'><strong>ἐκ</strong></span> <span class='ocrx_word' id='word_1_127' title='bbox 1098 2397 1225 2475; x_wconf 78' lang='grc' dir='ltr'><strong><em>Φοιθλνς</em></strong></span> <span class='ocrx_word' id='word_1_128' title='bbox 1257 2395 1309 2459; x_wconf 73' lang='grc' dir='ltr'><strong>καὶ</strong></span> <span class='ocrx_word' id='word_1_129' title='bbox 1334 2395 1529 2474; x_wconf 67' lang='grc' dir='ltr'><strong><em>διηρτημένος</em></strong></span> <span class='ocrx_word' id='word_1_130' title='bbox 1554 2396 1675 2475; x_wconf 77' lang='grc' dir='ltr'><strong><em>κρίσεως</em></strong></span> <span class='ocrx_word' id='word_1_131' title='bbox 1699 2399 1774 2473; x_wconf 81' lang='grc' dir='ltr'><strong><em>σφο-</em></strong></span> 
     </span>
     <span class='ocr_line' id='line_1_16' title="bbox 587 2498 1777 2586; baseline -0.002 -21"><span class='ocrx_word' id='word_1_132' title='bbox 587 2498 721 2578; x_wconf 81' lang='grc' dir='ltr'><strong><em>δρθτιιτοο</em></strong></span> <span class='ocrx_word' id='word_1_133' title='bbox 756 2504 808 2565; x_wconf 82' lang='grc' dir='ltr'><strong>καὶ</strong></span> <span class='ocrx_word' id='word_1_134' title='bbox 845 2501 942 2581; x_wconf 73' lang='grc' dir='ltr'><strong><em>ρἰθμνν</em></strong></span> <span class='ocrx_word' id='word_1_135' title='bbox 979 2499 1219 2579; x_wconf 76' lang='grc' dir='ltr'><strong><em>προσλαβόνταθ</em></strong></span> <span class='ocrx_word' id='word_1_136' title='bbox 1259 2501 1368 2586; x_wconf 86' lang='lat' dir='ltr'><strong>Neque</strong></span> <span class='ocrx_word' id='word_1_137' title='bbox 1401 2523 1475 2566; x_wconf 84' lang='lat' dir='ltr'><strong>vero</strong></span> <span class='ocrx_word' id='word_1_138' title='bbox 1509 2503 1542 2564; x_wconf 90' lang='lat' dir='ltr'><strong>in</strong></span> <span class='ocrx_word' id='word_1_139' title='bbox 1574 2500 1777 2586; x_wconf 84' lang='lat' dir='ltr'><strong>sequentibus</strong></span> 
     </span>
     <span class='ocr_line' id='line_1_17' title="bbox 588 2605 1777 2685; baseline -0.002 -13"><span class='ocrx_word' id='word_1_140' title='bbox 588 2606 743 2672; x_wconf 86' lang='lat' dir='ltr'><strong>deficiunt</strong></span> <span class='ocrx_word' id='word_1_141' title='bbox 766 2608 917 2672; x_wconf 90' lang='lat' dir='ltr'><strong>dictiones</strong></span> <span class='ocrx_word' id='word_1_142' title='bbox 938 2607 1078 2674; x_wconf 83' lang='lat' dir='ltr'><strong>Stoicae:</strong></span> <span class='ocrx_word' id='word_1_143' title='bbox 1099 2614 1317 2673; x_wconf 89' lang='lat' dir='ltr'><strong>memorantur</strong></span> <span class='ocrx_word' id='word_1_144' title='bbox 1337 2609 1362 2674; x_wconf 80' lang='lat' dir='ltr'><strong>oi</strong></span> <span class='ocrx_word' id='word_1_145' title='bbox 1383 2607 1556 2685; x_wconf 77' lang='grc' dir='ltr'><strong><em>σπουδαῖοι,</em></strong></span> <span class='ocrx_word' id='word_1_146' title='bbox 1577 2607 1714 2671; x_wconf 82' lang='lat' dir='ltr'><strong>refertur</strong></span> <span class='ocrx_word' id='word_1_147' title='bbox 1737 2605 1777 2670; x_wconf 93' lang='lat' dir='ltr'><strong>ad</strong></span> 
     </span>
     <span class='ocr_line' id='line_1_18' title="bbox 589 2713 1777 2800; baseline -0.002 -22"><span class='ocrx_word' id='word_1_148' title='bbox 589 2715 627 2779; x_wconf 79' lang='grc' dir='ltr'><strong>τὸ</strong></span> <span class='ocrx_word' id='word_1_149' title='bbox 659 2714 780 2792; x_wconf 75' lang='grc' dir='ltr'><strong><em>πρέπον,</em></strong></span> <span class='ocrx_word' id='word_1_150' title='bbox 813 2715 940 2780; x_wconf 88' lang='lat' dir='ltr'><strong>tandem</strong></span> <span class='ocrx_word' id='word_1_151' title='bbox 972 2735 1047 2780; x_wconf 82' lang='lat' dir='ltr'><strong>vero</strong></span> <span class='ocrx_word' id='word_1_152' title='bbox 1077 2718 1110 2778; x_wconf 93' lang='lat' dir='ltr'><strong>in</strong></span> <span class='ocrx_word' id='word_1_153' title='bbox 1140 2717 1254 2800; x_wconf 88' lang='lat' dir='ltr'><strong>cepitis</strong></span> <span class='ocrx_word' id='word_1_154' title='bbox 1286 2716 1391 2798; x_wconf 91' lang='lat' dir='ltr'><strong>quarti</strong></span> <span class='ocrx_word' id='word_1_155' title='bbox 1421 2716 1514 2778; x_wconf 92' lang='lat' dir='ltr'><strong>initio</strong></span> <span class='ocrx_word' id='word_1_156' title='bbox 1543 2715 1590 2777; x_wconf 91' lang='lat' dir='ltr'><strong>ita</strong></span> <span class='ocrx_word' id='word_1_157' title='bbox 1610 2713 1777 2777; x_wconf 86' lang='lat' dir='ltr'><strong>disseritur</strong></span> 
     </span>
     <span class='ocr_line' id='line_1_19' title="bbox 589 2818 1777 2905; baseline -0.003 -20"><span class='ocrx_word' id='word_1_158' title='bbox 589 2819 659 2900; x_wconf 76' lang='grc' dir='ltr'><strong><em>περὶ</em></strong></span> <span class='ocrx_word' id='word_1_159' title='bbox 684 2827 739 2891; x_wconf 72' lang='grc' dir='ltr'><strong>σῆς</strong></span> <span class='ocrx_word' id='word_1_160' title='bbox 763 2822 961 2898; x_wconf 70' lang='grc' dir='ltr'><strong>εὐλογιστίας</strong></span> <span class='ocrx_word' id='word_1_161' title='bbox 984 2842 1127 2905; x_wconf 89' lang='lat' dir='ltr'><strong>-quae</strong></span> <span class='ocrx_word' id='word_1_162' title='bbox 1151 2824 1254 2885; x_wconf 86' lang='lat' dir='ltr'><strong>virtus</strong></span> <span class='ocrx_word' id='word_1_163' title='bbox 1279 2841 1354 2905; x_wconf 90' lang='lat' dir='ltr'><strong>prae</strong></span> <span class='ocrx_word' id='word_1_164' title='bbox 1378 2822 1489 2886; x_wconf 91' lang='lat' dir='ltr'><strong>ceteris</strong></span> <span class='ocrx_word' id='word_1_165' title='bbox 1512 2818 1689 2884; x_wconf 87' lang='lat' dir='ltr'><strong>Stoicorum</strong></span> <span class='ocrx_word' id='word_1_166' title='bbox 1714 2818 1777 2881; x_wconf 82' lang='lat' dir='ltr'><strong>fuit</strong></span> 
     </span>
     <span class='ocr_line' id='line_1_20' title="bbox 588 2924 1775 3012; baseline -0.003 -20"><span class='ocrx_word' id='word_1_167' title='bbox 588 2926 643 3007; x_wconf 86' lang='lat' dir='ltr'><strong>(cf.</strong></span> <span class='ocrx_word' id='word_1_168' title='bbox 670 2924 733 2992; x_wconf 90' lang='lat' dir='ltr'><strong>Cio.</strong></span> <span class='ocrx_word' id='word_1_169' title='bbox 758 2926 815 2991; x_wconf 86' lang='lat' dir='ltr'><strong>Off.</strong></span> <span class='ocrx_word' id='word_1_170' title='bbox 839 2928 864 2992; x_wconf 93' lang='grc' dir='ltr'><strong>Ι.</strong></span> <span class='ocrx_word' id='word_1_171' title='bbox 891 2927 1014 3007; x_wconf 84' lang='grc'>43)-</span> <span class='ocrx_word' id='word_1_172' title='bbox 1039 2933 1076 2991; x_wconf 92' lang='lat' dir='ltr'><strong>ut</strong></span> <span class='ocrx_word' id='word_1_173' title='bbox 1106 2929 1158 2991; x_wconf 94' lang='lat' dir='ltr'><strong>hic</strong></span> <span class='ocrx_word' id='word_1_174' title='bbox 1190 2948 1315 3011; x_wconf 93' lang='lat' dir='ltr'><strong>quoque</strong></span> <span class='ocrx_word' id='word_1_175' title='bbox 1346 2948 1384 2991; x_wconf 83' lang='lat' dir='ltr'><strong>ex</strong></span> <span class='ocrx_word' id='word_1_176' title='bbox 1415 2924 1589 3012; x_wconf 77' lang='lat' dir='ltr'><strong>Chrysippi</strong></span> <span class='ocrx_word' id='word_1_177' title='bbox 1622 2930 1775 2990; x_wconf 87' lang='lat' dir='ltr'><strong>sectatore</strong></span> 
     </span>
     <span class='ocr_line' id='line_1_21' title="bbox 591 3031 1773 3120; baseline -0.003 -21"><span class='ocrx_word' id='word_1_178' title='bbox 591 3034 729 3120; x_wconf 91' lang='lat' dir='ltr'><strong>quodam</strong></span> <span class='ocrx_word' id='word_1_179' title='bbox 760 3041 905 3099; x_wconf 90' lang='lat' dir='ltr'><strong>nostrum</strong></span> <span class='ocrx_word' id='word_1_180' title='bbox 937 3034 1063 3100; x_wconf 90' lang='lat' dir='ltr'><strong>haerere</strong></span> <span class='ocrx_word' id='word_1_181' title='bbox 1094 3035 1157 3099; x_wconf 89' lang='lat' dir='ltr'><strong>fere</strong></span> <span class='ocrx_word' id='word_1_182' title='bbox 1188 3039 1311 3099; x_wconf 90' lang='lat' dir='ltr'><strong>certum</strong></span> <span class='ocrx_word' id='word_1_183' title='bbox 1342 3036 1393 3098; x_wconf 90' lang='lat' dir='ltr'><strong>sit.</strong></span> <span class='ocrx_word' id='word_1_184' title='bbox 1428 3031 1496 3098; x_wconf 91' lang='lat' dir='ltr'><strong>Non</strong></span> <span class='ocrx_word' id='word_1_185' title='bbox 1527 3035 1636 3118; x_wconf 87' lang='lat' dir='ltr'><strong>ipsum</strong></span> <span class='ocrx_word' id='word_1_186' title='bbox 1666 3034 1773 3117; x_wconf 89' lang='lat' dir='ltr'><strong>itaque</strong></span> 
     </span>
     <span class='ocr_line' id='line_1_22' title="bbox 589 3137 1775 3227; baseline -0.006 -19"><span class='ocrx_word' id='word_1_187' title='bbox 589 3139 776 3208; x_wconf 88' lang='lat' dir='ltr'><strong>Crantorem</strong></span> <span class='ocrx_word' id='word_1_188' title='bbox 795 3145 936 3227; x_wconf 79' lang='lat' dir='ltr'><strong>inspexit</strong></span> <span class='ocrx_word' id='word_1_189' title='bbox 956 3142 1091 3206; x_wconf 68' lang='lat' dir='ltr'><strong>refertae</strong></span> <span class='ocrx_word' id='word_1_190' title='bbox 1115 3162 1182 3227; x_wconf 91' lang='lat' dir='ltr'><strong>cap.</strong></span> <span class='ocrx_word' id='word_1_191' title='bbox 1203 3140 1248 3204; x_wconf 93' lang='lat' dir='ltr'><strong>Ill</strong></span> <span class='ocrx_word' id='word_1_192' title='bbox 1268 3139 1535 3226; x_wconf 89' lang='lat' dir='ltr'><strong>ps.-Plutarehus,</strong></span> <span class='ocrx_word' id='word_1_193' title='bbox 1556 3138 1612 3203; x_wconf 91' lang='lat' dir='ltr'><strong>sed</strong></span> <span class='ocrx_word' id='word_1_194' title='bbox 1631 3137 1775 3203; x_wconf 87' lang='lat' dir='ltr'><strong>Stoicum</strong></span> 
     </span>
     <span class='ocr_line' id='line_1_23' title="bbox 589 3243 1774 3332; baseline -0.004 -20"><span class='ocrx_word' id='word_1_195' title='bbox 589 3250 778 3332; x_wconf 91' lang='lat' dir='ltr'><strong>scriptorem</strong></span> <span class='ocrx_word' id='word_1_196' title='bbox 811 3251 865 3332; x_wconf 92' lang='lat' dir='ltr'><strong>qui</strong></span> <span class='ocrx_word' id='word_1_197' title='bbox 896 3255 927 3312; x_wconf 91' lang='lat' dir='ltr'><strong>et</strong></span> <span class='ocrx_word' id='word_1_198' title='bbox 958 3247 1036 3313; x_wconf 90' lang='lat' dir='ltr'><strong>alios</strong></span> <span class='ocrx_word' id='word_1_199' title='bbox 1067 3252 1212 3311; x_wconf 89' lang='lat' dir='ltr'><strong>auctores</strong></span> <span class='ocrx_word' id='word_1_200' title='bbox 1243 3253 1275 3311; x_wconf 90' lang='lat' dir='ltr'><strong>et</strong></span> <span class='ocrx_word' id='word_1_201' title='bbox 1306 3243 1492 3311; x_wconf 86' lang='lat' dir='ltr'><strong>Crantorem</strong></span> <span class='ocrx_word' id='word_1_202' title='bbox 1524 3250 1661 3308; x_wconf 89' lang='lat' dir='ltr'><strong>sectatus</strong></span> <span class='ocrx_word' id='word_1_203' title='bbox 1690 3249 1774 3320; x_wconf 88' lang='lat' dir='ltr'><strong>erat,</strong></span> 
     </span>
     <span class='ocr_line' id='line_1_24' title="bbox 590 3351 1774 3439; baseline -0.003 -21"><span class='ocrx_word' id='word_1_204' title='bbox 590 3361 783 3439; x_wconf 91' lang='lat' dir='ltr'><strong>quapropter</strong></span> <span class='ocrx_word' id='word_1_205' title='bbox 805 3376 844 3419; x_wconf 87' lang='lat' dir='ltr'><strong>ex</strong></span> <span class='ocrx_word' id='word_1_206' title='bbox 867 3355 925 3419; x_wconf 91' lang='lat' dir='ltr'><strong>hoc</strong></span> <span class='ocrx_word' id='word_1_207' title='bbox 945 3358 1047 3439; x_wconf 89' lang='lat' dir='ltr'><strong>capite</strong></span> <span class='ocrx_word' id='word_1_208' title='bbox 1068 3375 1103 3419; x_wconf 89' lang='lat' dir='ltr'><strong>ea</strong></span> <span class='ocrx_word' id='word_1_209' title='bbox 1125 3353 1218 3417; x_wconf 93' lang='lat' dir='ltr'><strong>modo</strong></span> <span class='ocrx_word' id='word_1_210' title='bbox 1239 3351 1385 3419; x_wconf 90' lang='lat' dir='ltr'><strong>Crantori</strong></span> <span class='ocrx_word' id='word_1_211' title='bbox 1403 3352 1503 3417; x_wconf 89' lang='lat' dir='ltr'><strong>tribui</strong></span> <span class='ocrx_word' id='word_1_212' title='bbox 1524 3357 1673 3436; x_wconf 87' lang='lat' dir='ltr'><strong>possunt,</strong></span> <span class='ocrx_word' id='word_1_213' title='bbox 1694 3370 1774 3435; x_wconf 89' lang='lat' dir='ltr'><strong>quae</strong></span> 
     </span>
     <span class='ocr_line' id='line_1_25' title="bbox 589 3458 1239 3527; baseline -0.008 0"><span class='ocrx_word' id='word_1_214' title='bbox 589 3458 702 3527; x_wconf 90' lang='lat' dir='ltr'><strong>Cicero</strong></span> <span class='ocrx_word' id='word_1_215' title='bbox 725 3463 758 3524; x_wconf 91' lang='lat' dir='ltr'><strong>in</strong></span> <span class='ocrx_word' id='word_1_216' title='bbox 783 3459 971 3525; x_wconf 82' lang='lat' dir='ltr'><strong>Tusculanis</strong></span> <span class='ocrx_word' id='word_1_217' title='bbox 994 3482 1033 3525; x_wconf 87' lang='lat' dir='ltr'><strong>ex</strong></span> <span class='ocrx_word' id='word_1_218' title='bbox 1058 3481 1094 3524; x_wconf 92' lang='lat' dir='ltr'><strong>eo</strong></span> <span class='ocrx_word' id='word_1_219' title='bbox 1119 3458 1239 3523; x_wconf 88' lang='lat' dir='ltr'><strong>attulit.</strong></span> 
     </span>
    </p>

    <p class='ocr_par' dir='ltr' id='par_1_4' title="bbox 589 3563 1777 4389">
     <span class='ocr_line' id='line_1_26' title="bbox 636 3563 1776 3651; baseline -0.004 -21"><span class='ocrx_word' id='word_1_220' title='bbox 636 3567 669 3631; x_wconf 80' lang='grc'><strong>2.</strong></span> <span class='ocrx_word' id='word_1_221' title='bbox 705 3566 773 3631; x_wconf 92' lang='lat' dir='ltr'><strong>lam</strong></span> <span class='ocrx_word' id='word_1_222' title='bbox 803 3570 946 3651; x_wconf 91' lang='lat' dir='ltr'><strong>sequitur</strong></span> <span class='ocrx_word' id='word_1_223' title='bbox 977 3566 1057 3630; x_wconf 89' lang='lat' dir='ltr'><strong>alter</strong></span> <span class='ocrx_word' id='word_1_224' title='bbox 1087 3565 1176 3629; x_wconf 92' lang='lat' dir='ltr'><strong>locus</strong></span> <span class='ocrx_word' id='word_1_225' title='bbox 1207 3567 1310 3650; x_wconf 91' lang='lat' dir='ltr'><strong>capite</strong></span> <span class='ocrx_word' id='word_1_226' title='bbox 1341 3563 1393 3628; x_wconf 88' lang='lat' dir='ltr'><strong>VI.</strong></span> <span class='ocrx_word' id='word_1_227' title='bbox 1430 3563 1583 3643; x_wconf 82' lang='lat' dir='ltr'><strong>Quoniam</strong></span> <span class='ocrx_word' id='word_1_228' title='bbox 1615 3569 1689 3627; x_wconf 90' lang='lat' dir='ltr'><strong>sunt</strong></span> <span class='ocrx_word' id='word_1_229' title='bbox 1720 3565 1776 3647; x_wconf 93' lang='lat' dir='ltr'><strong>qui</strong></span> 
     </span>
     <span class='ocr_line' id='line_1_27' title="bbox 589 3669 1776 3739; baseline -0.004 -1"><span class='ocrx_word' id='word_1_230' title='bbox 589 3673 718 3738; x_wconf 91' lang='lat' dir='ltr'><strong>credant</strong></span> <span class='ocrx_word' id='word_1_231' title='bbox 753 3672 915 3739; x_wconf 79' lang='lat' dir='ltr'><strong>Crantoris</strong></span> <span class='ocrx_word' id='word_1_232' title='bbox 948 3672 1067 3737; x_wconf 90' lang='lat' dir='ltr'><strong>librum</strong></span> <span class='ocrx_word' id='word_1_233' title='bbox 1102 3674 1252 3737; x_wconf 91' lang='lat' dir='ltr'><strong>continuo</strong></span> <span class='ocrx_word' id='word_1_234' title='bbox 1284 3673 1317 3735; x_wconf 93' lang='lat' dir='ltr'><strong>in</strong></span> <span class='ocrx_word' id='word_1_235' title='bbox 1349 3670 1498 3735; x_wconf 91' lang='lat' dir='ltr'><strong>manibus</strong></span> <span class='ocrx_word' id='word_1_236' title='bbox 1527 3671 1625 3735; x_wconf 88' lang='lat' dir='ltr'><strong>fuisse</strong></span> <span class='ocrx_word' id='word_1_237' title='bbox 1655 3669 1776 3734; x_wconf 90' lang='lat' dir='ltr'><strong>rhetori</strong></span> 
     </span>
     <span class='ocr_line' id='line_1_28' title="bbox 589 3777 1777 3862; baseline -0.003 -19"><span class='ocrx_word' id='word_1_238' title='bbox 589 3785 712 3856; x_wconf 89' lang='lat' dir='ltr'><strong>nostro,</strong></span> <span class='ocrx_word' id='word_1_239' title='bbox 735 3801 847 3844; x_wconf 91' lang='lat' dir='ltr'><strong>moneo</strong></span> <span class='ocrx_word' id='word_1_240' title='bbox 867 3782 1039 3844; x_wconf 89' lang='lat' dir='ltr'><strong>transitum</strong></span> <span class='ocrx_word' id='word_1_241' title='bbox 1060 3777 1192 3843; x_wconf 88' lang='lat' dir='ltr'><strong>adeum</strong></span> <span class='ocrx_word' id='word_1_242' title='bbox 1212 3779 1273 3842; x_wconf 91' lang='lat' dir='ltr'><strong>sibi</strong></span> <span class='ocrx_word' id='word_1_243' title='bbox 1293 3780 1453 3862; x_wconf 85' lang='lat' dir='ltr'><strong>paravisse</strong></span> <span class='ocrx_word' id='word_1_244' title='bbox 1473 3782 1635 3842; x_wconf 89' lang='lat' dir='ltr'><strong>auctorem</strong></span> <span class='ocrx_word' id='word_1_245' title='bbox 1656 3787 1777 3840; x_wconf 90' lang='lat' dir='ltr'><strong>senten-</strong></span> 
     </span>
     <span class='ocr_line' id='line_1_29' title="bbox 589 3883 1774 3971; baseline -0.005 -21"><span class='ocrx_word' id='word_1_246' title='bbox 589 3890 651 3950; x_wconf 87' lang='lat' dir='ltr'><strong>tias</strong></span> <span class='ocrx_word' id='word_1_247' title='bbox 682 3886 822 3970; x_wconf 92' lang='lat' dir='ltr'><strong>undique</strong></span> <span class='ocrx_word' id='word_1_248' title='bbox 855 3908 894 3951; x_wconf 80' lang='lat' dir='ltr'><strong>ex</strong></span> <span class='ocrx_word' id='word_1_249' title='bbox 925 3886 1074 3951; x_wconf 88' lang='lat' dir='ltr'><strong>omnibus</strong></span> <span class='ocrx_word' id='word_1_250' title='bbox 1105 3891 1269 3971; x_wconf 86' lang='lat' dir='ltr'><strong>congestas</strong></span> <span class='ocrx_word' id='word_1_251' title='bbox 1301 3884 1391 3948; x_wconf 89' lang='lat' dir='ltr'><strong>nullo</strong></span> <span class='ocrx_word' id='word_1_252' title='bbox 1415 3884 1523 3949; x_wconf 93' lang='lat' dir='ltr'><strong>ordine</strong></span> <span class='ocrx_word' id='word_1_253' title='bbox 1546 3883 1774 3968; x_wconf 82' lang='lat' dir='ltr'><strong>proferentem:</strong></span> 
     </span>
     <span class='ocr_line' id='line_1_30' title="bbox 589 3987 1776 4073; baseline -0.005 -16"><span class='ocrx_word' id='word_1_254' title='bbox 589 3995 715 4058; x_wconf 86' lang='lat' dir='ltr'><strong>variam</strong></span> <span class='ocrx_word' id='word_1_255' title='bbox 747 4014 814 4057; x_wconf 92' lang='lat' dir='ltr'><strong>esse</strong></span> <span class='ocrx_word' id='word_1_256' title='bbox 846 3998 878 4057; x_wconf 89' lang='lat' dir='ltr'><strong>et</strong></span> <span class='ocrx_word' id='word_1_257' title='bbox 907 3991 1096 4056; x_wconf 89' lang='lat' dir='ltr'><strong>mutabilem</strong></span> <span class='ocrx_word' id='word_1_258' title='bbox 1127 3997 1244 4055; x_wconf 91' lang='lat' dir='ltr'><strong>sortem</strong></span> <span class='ocrx_word' id='word_1_259' title='bbox 1275 3990 1462 4067; x_wconf 89' lang='lat' dir='ltr'><strong>hominum,</strong></span> <span class='ocrx_word' id='word_1_260' title='bbox 1498 3991 1645 4073; x_wconf 85' lang='lat' dir='ltr'><strong>quamvis</strong></span> <span class='ocrx_word' id='word_1_261' title='bbox 1677 3987 1776 4052; x_wconf 91' lang='lat' dir='ltr'><strong>stulte</strong></span> 
     </span>
     <span class='ocr_line' id='line_1_31' title="bbox 590 4092 1774 4184; baseline -0.006 -21"><span class='ocrx_word' id='word_1_262' title='bbox 590 4098 742 4163; x_wconf 89' lang='lat' dir='ltr'><strong>mortales</strong></span> <span class='ocrx_word' id='word_1_263' title='bbox 764 4119 856 4184; x_wconf 90' lang='lat' dir='ltr'><strong>saepe</strong></span> <span class='ocrx_word' id='word_1_264' title='bbox 880 4099 1007 4163; x_wconf 80' lang='lat' dir='ltr'><strong>fortuna</strong></span> <span class='ocrx_word' id='word_1_265' title='bbox 1030 4097 1166 4163; x_wconf 89' lang='lat' dir='ltr'><strong>secunda</strong></span> <span class='ocrx_word' id='word_1_266' title='bbox 1189 4096 1374 4181; x_wconf 90' lang='lat' dir='ltr'><strong>superbiant</strong></span> <span class='ocrx_word' id='word_1_267' title='bbox 1398 4102 1562 4180; x_wconf 84' lang='lat' dir='ltr'><strong>tamquam</strong></span> <span class='ocrx_word' id='word_1_268' title='bbox 1586 4096 1613 4157; x_wconf 86' lang='lat' dir='ltr'><strong>si</strong></span> <span class='ocrx_word' id='word_1_269' title='bbox 1636 4092 1696 4158; x_wconf 76' lang='lat' dir='ltr'><strong>fixa</strong></span> <span class='ocrx_word' id='word_1_270' title='bbox 1720 4093 1774 4157; x_wconf 93' lang='lat' dir='ltr'><strong>du-</strong></span> 
     </span>
     <span class='ocr_line' id='line_1_32' title="bbox 591 4200 1775 4284; baseline -0.007 -14"><span class='ocrx_word' id='word_1_271' title='bbox 591 4212 692 4282; x_wconf 88' lang='lat' dir='ltr'><strong>raret;</strong></span> <span class='ocrx_word' id='word_1_272' title='bbox 721 4203 849 4269; x_wconf 93' lang='lat' dir='ltr'><strong>nullum</strong></span> <span class='ocrx_word' id='word_1_273' title='bbox 873 4210 940 4269; x_wconf 92' lang='lat' dir='ltr'><strong>tam</strong></span> <span class='ocrx_word' id='word_1_274' title='bbox 966 4203 1107 4269; x_wconf 84' lang='lat' dir='ltr'><strong>validum</strong></span> <span class='ocrx_word' id='word_1_275' title='bbox 1132 4224 1199 4268; x_wconf 92' lang='lat' dir='ltr'><strong>esse</strong></span> <span class='ocrx_word' id='word_1_276' title='bbox 1222 4204 1360 4274; x_wconf 78' lang='grc' dir='ltr'><strong><em>θλνοιθας</em></strong></span> <span class='ocrx_word' id='word_1_277' title='bbox 1384 4200 1549 4281; x_wconf 70' lang='grc' dir='ltr'><strong><em>φάρμακον</em></strong></span> <span class='ocrx_word' id='word_1_278' title='bbox 1572 4219 1667 4284; x_wconf 93' lang='lat' dir='ltr'><strong>quam</strong></span> <span class='ocrx_word' id='word_1_279' title='bbox 1692 4202 1775 4284; x_wconf 88' lang='lat' dir='ltr'><strong>cogi-</strong></span> 
     </span>
     <span class='ocr_line' id='line_1_33' title="bbox 592 4305 1774 4389; baseline -0.008 -13"><span class='ocrx_word' id='word_1_280' title='bbox 592 4315 748 4376; x_wconf 82' lang='lat' dir='ltr'><strong>tationem</strong></span> <span class='ocrx_word' id='word_1_281' title='bbox 772 4312 904 4376; x_wconf 86' lang='lat' dir='ltr'><strong>hancee:</strong></span> <span class='ocrx_word' id='word_1_282' title='bbox 925 4310 1034 4382; x_wconf 79' lang='grc' dir='ltr'><strong><em>θνντθις</em></strong></span> <span class='ocrx_word' id='word_1_283' title='bbox 1055 4310 1113 4380; x_wconf 79' lang='grc' dir='ltr'><strong>τὰς</strong></span> <span class='ocrx_word' id='word_1_284' title='bbox 1134 4312 1237 4389; x_wconf 76' lang='grc' dir='ltr'><strong><em>τύχας</em></strong></span> <span class='ocrx_word' id='word_1_285' title='bbox 1257 4307 1357 4387; x_wconf 69' lang='grc' dir='ltr'><strong><em>ὥσπερ</em></strong></span> <span class='ocrx_word' id='word_1_286' title='bbox 1376 4310 1446 4380; x_wconf 75' lang='grc' dir='ltr'><strong>τοὺς</strong></span> <span class='ocrx_word' id='word_1_287' title='bbox 1468 4307 1588 4379; x_wconf 73' lang='grc' dir='ltr'><strong><em>θνατοὺς</em></strong></span> <span class='ocrx_word' id='word_1_288' title='bbox 1609 4305 1774 4382; x_wconf 70' lang='grc' dir='ltr'><strong><em>ἀνθρώπους</em></strong></span> 
     </span>
    </p>
   </div>
   <div class='ocr_carea' id='block_1_3' title="bbox 589 4411 1776 4929">
    <p class='ocr_par' dir='ltr' id='par_1_5' title="bbox 589 4411 1776 4929">
     <span class='ocr_line' id='line_1_34' title="bbox 590 4411 1776 4503; baseline -0.007 -21"><span class='ocrx_word' id='word_1_289' title='bbox 590 4414 681 4496; x_wconf 58' lang='lat' dir='ltr'><strong>elren</strong></span> <span class='ocrx_word' id='word_1_290' title='bbox 695 4417 781 4503; x_wconf 93' lang='lat' dir='ltr'><strong>quod</strong></span> <span class='ocrx_word' id='word_1_291' title='bbox 792 4419 900 4502; x_wconf 92' lang='lat' dir='ltr'><strong>ipsum</strong></span> <span class='ocrx_word' id='word_1_292' title='bbox 912 4417 1069 4502; x_wconf 89' lang='lat' dir='ltr'><strong>praeclare</strong></span> <span class='ocrx_word' id='word_1_293' title='bbox 1081 4415 1235 4481; x_wconf 89' lang='lat' dir='ltr'><strong>illustrari</strong></span> <span class='ocrx_word' id='word_1_294' title='bbox 1248 4438 1337 4502; x_wconf 90' lang='lat' dir='ltr'><strong>posse</strong></span> <span class='ocrx_word' id='word_1_295' title='bbox 1350 4415 1455 4480; x_wconf 89' lang='lat' dir='ltr'><strong>verbis</strong></span> <span class='ocrx_word' id='word_1_296' title='bbox 1468 4414 1584 4498; x_wconf 84' lang='lat' dir='ltr'><strong>quibus</strong></span> <span class='ocrx_word' id='word_1_297' title='bbox 1594 4411 1776 4476; x_wconf 89' lang='lat' dir='ltr'><strong>Demetrius</strong></span> 
     </span>
     <span class='ocr_line' id='line_1_35' title="bbox 590 4517 1775 4603; baseline -0.008 -14"><span class='ocrx_word' id='word_1_298' title='bbox 590 4528 624 4589; x_wconf 91' lang='lat' dir='ltr'><strong>in</strong></span> <span class='ocrx_word' id='word_1_299' title='bbox 654 4523 736 4589; x_wconf 90' lang='lat' dir='ltr'><strong>libro</strong></span> <span class='ocrx_word' id='word_1_300' title='bbox 768 4523 835 4602; x_wconf 74' lang='grc' dir='ltr'><strong><em>περὶ</em></strong></span> <span class='ocrx_word' id='word_1_301' title='bbox 868 4523 968 4603; x_wconf 81' lang='grc' dir='ltr'><strong><em>σθχνσ</em></strong></span> <span class='ocrx_word' id='word_1_302' title='bbox 1000 4544 1077 4589; x_wconf 91' lang='lat' dir='ltr'><strong>usus</strong></span> <span class='ocrx_word' id='word_1_303' title='bbox 1101 4525 1152 4587; x_wconf 91' lang='lat' dir='ltr'><strong>sit.</strong></span> <span class='ocrx_word' id='word_1_304' title='bbox 1180 4560 1218 4569; x_wconf 97' lang='lat'>—</span> <span class='ocrx_word' id='word_1_305' title='bbox 1245 4521 1429 4587; x_wconf 84' lang='lat' dir='ltr'><strong>Afferuntur</strong></span> <span class='ocrx_word' id='word_1_306' title='bbox 1453 4519 1564 4584; x_wconf 92' lang='lat' dir='ltr'><strong>deinde</strong></span> <span class='ocrx_word' id='word_1_307' title='bbox 1587 4521 1656 4602; x_wconf 89' lang='lat' dir='ltr'><strong>ipsa</strong></span> <span class='ocrx_word' id='word_1_308' title='bbox 1680 4517 1775 4581; x_wconf 88' lang='lat' dir='ltr'><strong>verbe</strong></span> 
     </span>
     <span class='ocr_line' id='line_1_36' title="bbox 589 4624 1776 4715; baseline -0.008 -19"><span class='ocrx_word' id='word_1_309' title='bbox 589 4630 759 4708; x_wconf 85' lang='lat' dir='ltr'><strong>Demetrii,</strong></span> <span class='ocrx_word' id='word_1_310' title='bbox 784 4630 968 4715; x_wconf 89' lang='lat' dir='ltr'><strong>dictumque</strong></span> <span class='ocrx_word' id='word_1_311' title='bbox 992 4629 1072 4694; x_wconf 92' lang='lat' dir='ltr'><strong>illud</strong></span> <span class='ocrx_word' id='word_1_312' title='bbox 1097 4628 1134 4694; x_wconf 93' lang='lat' dir='ltr'><strong>de</strong></span> <span class='ocrx_word' id='word_1_313' title='bbox 1158 4630 1303 4693; x_wconf 84' lang='lat' dir='ltr'><strong>versibus</strong></span> <span class='ocrx_word' id='word_1_314' title='bbox 1327 4626 1492 4712; x_wconf 76' lang='lat' dir='ltr'><strong>Euripidis</strong></span> <span class='ocrx_word' id='word_1_315' title='bbox 1517 4624 1711 4703; x_wconf 62' lang='lat' dir='ltr'><strong>,esaiam</strong></span> <span class='ocrx_word' id='word_1_316' title='bbox 1734 4625 1776 4687; x_wconf 79' lang='grc' dir='ltr'><strong>σοὶ</strong></span> 
     </span>
     <span class='ocr_line' id='line_1_37' title="bbox 591 4727 1775 4818; baseline -0.007 -17"><span class='ocrx_word' id='word_1_317' title='bbox 591 4735 779 4818; x_wconf 73' lang='grc' dir='ltr'><strong><em>σφάλλοντα</em></strong></span> <span class='ocrx_word' id='word_1_318' title='bbox 810 4737 860 4801; x_wconf 74' lang='grc' dir='ltr'><strong>καὶ</strong></span> <span class='ocrx_word' id='word_1_319' title='bbox 885 4737 931 4812; x_wconf 70' lang='grc' dir='ltr'><strong>αθ</strong></span> <span class='ocrx_word' id='word_1_320' title='bbox 962 4734 1058 4815; x_wconf 77' lang='grc' dir='ltr'><strong><em>ιἰμὲροο</em></strong></span> <span class='ocrx_word' id='word_1_321' title='bbox 1081 4737 1122 4800; x_wconf 74' lang='grc' dir='ltr'><strong>σοὶ</strong></span> <span class='ocrx_word' id='word_1_322' title='bbox 1146 4736 1203 4811; x_wconf 76' lang='grc' dir='ltr'><strong>μὲν</strong></span> <span class='ocrx_word' id='word_1_323' title='bbox 1227 4737 1365 4801; x_wconf 74' lang='grc' dir='ltr'><strong>καθεῖλεν</strong></span> <span class='ocrx_word' id='word_1_324' title='bbox 1391 4732 1510 4813; x_wconf 76' lang='grc' dir='ltr'><strong><em>ὑψόθεν,</em></strong></span> <span class='ocrx_word' id='word_1_325' title='bbox 1531 4732 1572 4795; x_wconf 79' lang='grc' dir='ltr'><strong>σοὶ</strong></span> <span class='ocrx_word' id='word_1_326' title='bbox 1592 4727 1673 4812; x_wconf 63' lang='grc' dir='ltr'><strong>δῆν·</strong></span> <span class='ocrx_word' id='word_1_327' title='bbox 1693 4728 1775 4794; x_wconf 50' lang='lat' dir='ltr'><strong>atre?</strong></span> 
     </span>
     <span class='ocr_line' id='line_1_38' title="bbox 589 4836 1776 4929; baseline -0.007 -21"><span class='ocrx_word' id='word_1_328' title='bbox 589 4865 669 4929; x_wconf 84' lang='lat' dir='ltr'><strong>quos</strong></span> <span class='ocrx_word' id='word_1_329' title='bbox 700 4864 810 4908; x_wconf 82' lang='lat' dir='ltr'><strong>versus</strong></span> <span class='ocrx_word' id='word_1_330' title='bbox 841 4850 912 4908; x_wconf 90' lang='lat' dir='ltr'><strong>tum</strong></span> <span class='ocrx_word' id='word_1_331' title='bbox 947 4842 1077 4907; x_wconf 89' lang='lat' dir='ltr'><strong>demum</strong></span> <span class='ocrx_word' id='word_1_332' title='bbox 1107 4862 1234 4905; x_wconf 93' lang='lat' dir='ltr'><strong>summo</strong></span> <span class='ocrx_word' id='word_1_333' title='bbox 1266 4847 1359 4926; x_wconf 90' lang='lat' dir='ltr'><strong>poeta</strong></span> <span class='ocrx_word' id='word_1_334' title='bbox 1391 4840 1504 4926; x_wconf 89' lang='lat' dir='ltr'><strong>dignos</strong></span> <span class='ocrx_word' id='word_1_335' title='bbox 1534 4839 1598 4903; x_wconf 87' lang='lat' dir='ltr'><strong>fore</strong></span> <span class='ocrx_word' id='word_1_336' title='bbox 1622 4836 1776 4901; x_wconf 87' lang='lat' dir='ltr'><strong>iudicavit</strong></span> 
     </span>
    </p>
   </div>
   <div class='ocr_carea' id='block_1_4' title="bbox 590 4943 1775 5112">
    <p class='ocr_par' dir='ltr' id='par_1_6' title="bbox 590 4943 1775 5112">
     <span class='ocr_line' id='line_1_39' title="bbox 590 4943 1775 5026; baseline -0.005 -14"><span class='ocrx_word' id='word_1_337' title='bbox 590 4948 782 5026; x_wconf 85' lang='lat' dir='ltr'><strong>Phalereus,</strong></span> <span class='ocrx_word' id='word_1_338' title='bbox 814 4952 841 5012; x_wconf 90' lang='lat' dir='ltr'><strong>si</strong></span> <span class='ocrx_word' id='word_1_339' title='bbox 873 4971 934 5013; x_wconf 91' lang='lat' dir='ltr'><strong>non</strong></span> <span class='ocrx_word' id='word_1_340' title='bbox 968 4948 1034 5025; x_wconf 72' lang='lat' dir='ltr'><strong>„at</strong></span> <span class='ocrx_word' id='word_1_341' title='bbox 1065 4946 1185 5026; x_wconf 74' lang='grc' dir='ltr'><strong><em>ἧμέοοο”</em></strong></span> <span class='ocrx_word' id='word_1_342' title='bbox 1210 4948 1265 5012; x_wconf 91' lang='lat' dir='ltr'><strong>sed</strong></span> <span class='ocrx_word' id='word_1_343' title='bbox 1290 4946 1431 5025; x_wconf 62' lang='lat' dir='ltr'><strong>„ectypa</strong></span> <span class='ocrx_word' id='word_1_344' title='bbox 1457 4943 1584 5025; x_wconf 80' lang='grc' dir='ltr'><strong><em>χοθνον”</em></strong></span> <span class='ocrx_word' id='word_1_345' title='bbox 1610 4943 1775 5008; x_wconf 89' lang='lat' dir='ltr'><strong>diceretur.</strong></span> 
     </span>
     <span class='ocr_line' id='line_1_40' title="bbox 1601 5066 1632 5112; baseline -0.032 0"><span class='ocrx_word' id='word_1_346' title='bbox 1601 5066 1632 5112; x_wconf 73' lang='lat'><strong>24</strong></span> 
     </span>
    </p>
   </div>
   <div class='ocr_carea' id='block_1_5' title="bbox 0 0 2571 6148">
    <p class='ocr_par' dir='ltr' id='par_1_7' title="bbox 0 0 2571 6148">
     <span class='ocr_line' id='line_1_41' title="bbox 0 0 2571 6148; baseline 0 0"><span class='ocrx_word' id='word_1_347' title='bbox 0 0 2571 6148; x_wconf 95' lang='lat' dir='ltr'><strong> </strong></span> 
     </span>
    </p>
   </div>
  </div>
 </body>
</html>
