5125 6150
790 840 856 906 358
1304 856 1458 905 casuros.

788 1022 878 1088 Unde
912 1023 1024 1087 haecce
1058 1028 1164 1085 noster
1194 1021 1325 1098 habeat,
1358 1042 1414 1105 pro
1446 1026 1531 1086 certo
1562 1043 1623 1086 non
1653 1022 1746 1087 facile
1781 1022 1881 1101 dicas3
1915 1022 1969 1086 sed

789 1135 918 1215 propter
951 1129 1129 1193 Stoicorum
1163 1134 1331 1192 auctorum
1364 1129 1502 1212 vestigia
1532 1148 1611 1212 quae
1642 1127 1909 1213 deprehendimus
1938 1132 1971 1192 iu

789 1237 947 1321 capitibus
980 1235 1138 1320 prioribus
1178 1255 1289 1319 operae
1325 1240 1432 1298 tamen
1466 1238 1607 1319 pretium
1640 1236 1769 1302 videtur
1802 1235 1971 1312 adnotare,

789 1343 922 1410 Senecae
942 1342 1047 1407 Stoico
1065 1341 1197 1406 eandem
1216 1339 1372 1405 Demetrii
1390 1344 1581 1405 seutentiam
1598 1341 1683 1407 haud
1700 1345 1846 1430 ignotam
1857 1342 1971 1421 fuisse;

789 1471 864 1516 nam
883 1449 992 1515 scribit
1009 1452 1038 1513 is
1060 1451 1094 1512 in
1113 1447 1250 1533 epistula
1271 1446 1329 1511 91:
1357 1447 1521 1534 „Longam
1541 1468 1663 1513 moram
1683 1448 1770 1514 dedit
1788 1447 1882 1513 malis
1901 1468 1973 1533 pro

789 1557 973 1643 perentibus
1004 1557 1059 1641 qui
1089 1556 1174 1619 diem
1199 1554 1297 1619 dixit:
1323 1554 1400 1619 hora
1423 1561 1686 1641 momentumque
1708 1558 1862 1640 temporis
1884 1575 1974 1619 erer-

789 1664 894 1728 tsndis
910 1665 1053 1747 imperiis
1073 1660 1221 1726 sufficit”.
1243 1660 1489 1726 —Tenendum
1508 1669 1616 1727 autem
1635 1667 1692 1739 est,
1712 1663 1915 1727 haecomnia
1935 1661 1975 1726 de

788 1770 878 1833 sortia
890 1770 1100 1834 inconstantia
1113 1768 1184 1832 dici.
1197 1767 1227 1831 N
1229 1789 1289 1831 unc
1302 1769 1468 1832 audiamus
1480 1770 1599 1833 iterum
1611 1772 1796 1854 scriptorem
1808 1766 1974 1834 Crantoris

789 1875 886 1942 verba
916 1873 1117 1939 laudantem:
1149 1872 1276 1945 Τούτοις
1302 1873 1328 1938 δ’
1351 1874 1554 1951 ἑπομένως
1578 1876 1630 1938 καὶ
1655 1875 1669 1940 ό
1694 1875 1850 1953 Κράντωρ,
1875 1898 1978 1953 παρα-

790 1983 973 2059 μυθούμενος
999 1982 1047 2044 ἐπὶ
1074 1989 1110 2063 τῇ
1135 1986 1193 2044 τῶν
1215 1979 1325 2045 τέκνοιν
1348 1990 1478 2060 τελευτῇ
1501 1985 1551 2045 τὸν
1575 1981 1745 2045 Ἱπποκλέα
1769 1987 1867 2060 (cece,
1893 1989 1976 2046 tum·

790 2109 885 2174 quam
909 2108 992 2152 nunc
1011 2089 1153 2172 primum
1173 2084 1358 2152 Crantorem
1377 2108 1556 2152 memorans
1577 2087 1709 2152 titulum
1729 2090 1830 2172 operis
1852 2084 1976 2165 additi)

790 2196 886 2276 φηοῖ·
926 2199 1061 2273 ,Ταῦτα
1096 2192 1181 2271 γὰρ’
1225 2191 1410 2278 (quidnaml
1450 2193 1576 2259 Sortem
1606 2197 1837 2259 inconstantem
1869 2191 1976 2274 esset)

792 2306 903 2382 ,ποῖοα
917 2301 934 2374 οἱ
948 2301 1069 2382 οῖρχαόα
1083 2297 1161 2372 αὕτη
1175 2300 1448 2381 Φιλοσοφόαλέχει
1469 2325 1512 2364 τε
1532 2300 1599 2366 καὶ
1619 2300 1974 2381 παρακελεύεται·

790 2406 828 2475 ὧν
859 2412 884 2475 ci
915 2409 949 2485 δή
974 2432 1004 2473 τι
1028 2406 1108 2473 ἄλλο
1130 2410 1174 2484 μὴ
1198 2407 1436 2487 ἀποδεχόμεθα,
1461 2408 1496 2472 τό
1519 2433 1558 2487 γε
1582 2418 1733 2490 πολλαχῇ
1756 2404 1833 2472 εἶναι
1858 2408 1975 2486 ἐργώδη

792 2516 843 2581 καὶ
875 2516 1018 2581 δύσκολον
1049 2515 1099 2580 τόν
1127 2514 1194 2591 βίον
1219 2513 1305 2591 ἄγαν
1328 2515 1456 2588 οῖληθόο·
1482 2516 1534 2579 καῖ
1560 2515 1622 2594 γὰρ
1647 2516 1671 2579 εἰ
1694 2516 1739 2593 μη
1762 2516 1857 2596 φύοει
1880 2519 1976 2578 τοιοῦ-

791 2647 841 2688 τον
873 2622 939 2702 ἔχει
972 2622 1022 2687 τόν
1053 2624 1171 2702 τρόπον,
1201 2620 1259 2685 ύτθ
1280 2644 1320 2699 χε
1344 2623 1426 2699 ἡμῶν
1450 2622 1492 2692 εἰς
1515 2626 1605 2686 τοῦτο
1628 2622 1763 2702 οῖφῖκται
1786 2621 1974 2700 διαφθορᾶς·

791 2729 809 2806 οἵ
839 2754 881 2793 τε
915 2728 1062 2804 ἄδηλος
1093 2727 1194 2801 αὕτη
1226 2726 1331 2808 τύχη
1363 2728 1558 2809 πόρρωθεν
1590 2728 1687 2805 ύμῖν
1719 2729 1785 2791 καῖ
1817 2725 1876 2791 ἔτι
1907 2727 1975 2791 οῖπ·

790 2838 920 2917 οῖρχιῖς
956 2834 1244 2912 ἠκολούθηκεν,
1280 2835 1357 2899 οὐδ’
1393 2834 1451 2915 ἐφ’
1488 2834 1543 2897 ἑνὶ
1581 2835 1707 2913 ὑγιεῖ,
1744 2833 1905 2910 Φνοροένοις
1937 2857 1975 2897 τε

790 2943 941 3021 μόγνντοιό
971 2965 1018 3014 τις
1049 2941 1079 3005 ἐν
1110 2945 1188 3006 ποῖοι
1221 2945 1317 3006 κακοῦ
1340 2949 1449 3019 μοῖρα·
1474 2940 1517 3005 τόο
1540 2937 1603 3019 yar
1625 2963 1670 3005 τοι
1694 2939 1861 3020 οτέρματα
1885 2940 1974 3012 εὐθὺς

791 3050 884 3125 θνητόν
916 3047 988 3114 ὄντα
1012 3048 1129 3123 ταύτης
1153 3055 1284 3114 κοινοινεῖ
1305 3057 1360 3123 τοῖς
1385 3046 1507 3126 αἰτίας,
1531 3045 1565 3123 ἐξ
1588 3044 1620 3122 ἧς
1646 3048 1748 3128 οῖφνῖα
1771 3047 1828 3125 μὲν
1851 3051 1971 3127 ψυχῆς,

789 3159 864 3223 νθοοι
890 3182 924 3222 τε
948 3152 1001 3221 καὶ
1026 3156 1120 3231 κήδεα
1143 3157 1195 3220 καὶ
1219 3163 1311 3234 μοῖρα
1333 3157 1443 3230 θνητῶν
1467 3155 1562 3219 κεῖθεν
1586 3155 1657 3232 ύμῖν
1680 3152 1797 3234 ἓρπει”.
1827 3154 1973 3220 Ulterius

790 3264 937 3351 progredi
961 3264 1058 3328 verba
1081 3262 1258 3340 Crantoris,
1283 3267 1321 3325 ut
1343 3261 1486 3347 plerique
1509 3261 1643 3326 editores
1667 3268 1810 3338 censent,
1835 3281 1970 3346 negave-

789 3375 861 3436 rim.
894 3370 995 3435 Verba
1028 3371 1113 3434 enim
1148 3390 1228 3454 quac
1263 3374 1440 3453 sequuntur
1476 3374 1549 3445 ,τοῦ
1584 3369 1619 3442 δη
1651 3368 1742 3447 χάριν
1772 3368 1970 3445 ἐτραπόμεθα

790 3478 871 3555 δεῦρο
895 3476 976 3541 etc.”
1012 3475 1252 3561 compilatorem
1288 3476 1416 3559 sapiunt
1449 3473 1574 3539 diversa
1609 3477 1803 3551 testimonia,
1839 3471 1970 3539 vinculo

788 3585 874 3650 haud
893 3586 969 3648 satis
987 3590 1075 3668 apto,
1096 3587 1342 3648 connectentem.
1367 3580 1492 3646 Desinit
1512 3587 1619 3645 autem
1638 3582 1855 3667 fragmentum
1873 3602 1970 3646 versu

787 3693 891 3776 ignoti
910 3689 1075 3753 cuiusdam
1095 3695 1222 3774 poetae:
1246 3688 1299 3753 καὶ
1319 3695 1410 3765 μοῖρα
1434 3690 1543 3762 θνητῶν
1563 3689 1657 3752 κεῖθεν
1677 3684 1745 3765 ἥμιν
1765 3685 1864 3767 ἕρπει,
1886 3687 1968 3773 quod

788 3819 851 3861 nou
875 3801 998 3882 pugnat
1020 3817 1094 3860 cum
1117 3817 1204 3860 more
1235 3794 1397 3861 Crantoris
1405 3815 1413 3872 ;
1445 3815 1554 3859 revera
1586 3801 1693 3859 autem
1724 3799 1835 3879 poetae
1866 3796 1970 3859 cuius-

789 3903 863 3967 dam
893 3922 974 3978 esso,
1009 3922 1065 3965 noc
1095 3904 1195 3986 ipsius
1227 3899 1404 3978 Crantoris,
1429 3903 1537 3987 arguit
1560 3903 1663 3978 κεῖθεν,
1688 3900 1875 3966 adverbium
1897 3907 1969 3985 post

789 4009 884 4076 verba
916 4006 950 4083 ἐξ
980 4004 1014 4081 ἥς
1046 4029 1324 4093 supervacaneum.
1350 4045 1391 4058 ·-
1417 4005 1567 4073 Ceterum
1591 4006 1644 4072 vel
1668 4008 1769 4072 obiter
1791 4005 1897 4072 locum
1920 4011 1967 4072 in-

789 4117 935 4202 spicienti
966 4117 1187 4199 perspicuum,
1218 4117 1251 4177 ni
1279 4113 1380 4192 fallor,
1413 4117 1474 4179 erit
1506 4115 1600 4179 verba
1632 4114 1650 4190 η’
1679 4138 1713 4177 τε
1745 4113 1857 4187 ἄδηλος
1891 4112 1969 4187 αὕτη

790 4224 873 4302 τύχη
905 4220 1047 4301 πόρρωθεν
1076 4220 1222 4296 ἡμῖνκαὶ
1248 4219 1293 4284 ἔτι
1318 4222 1375 4285 ἄνι’
1399 4222 1500 4301 ἀρχῆς
1524 4219 1718 4295 ἠκολούθηκεν
1743 4218 1889 4287 Crantori
1913 4244 1970 4285 οιονι

789 4330 913 4406 deberi,
941 4328 995 4392 sod
1021 4330 1087 4391 sive
1110 4328 1236 4412 abipso
1256 4326 1491 4413 ps.-Plutarcho
1511 4330 1578 4392 sivo
1598 4327 1636 4391 ab
1657 4333 1783 4392 auctore
1805 4348 1901 4411 quem
1920 4327 1971 4392 hic

790 4437 956 4522 exscripsit
975 4433 1081 4498 addita
1101 4454 1184 4509 esse,
1204 4440 1242 4497 nt
1265 4437 1382 4499 arctius
1404 4434 1480 4499 haec
1503 4434 1704 4498 cohaererent
1726 4454 1800 4498 cum
1824 4439 1891 4498 tota
1910 4433 1971 4498 dis·

790 4544 953 4626 putatione
983 4540 1021 4604 do
1047 4540 1196 4622 ,fortunae
1227 4540 1340 4603 οῖοόόοι
1370 4540 1506 4617 irroratis,
1531 4561 1611 4625 quae
1634 4540 1780 4604 incohata
1803 4542 1905 4626 capite
1929 4538 1971 4604 IV

790 4649 993 4709 continuatur
1023 4666 1146 4730 quoque
1176 4648 1209 4708 in
1240 4648 1455 4731 sequentibus.
1489 4646 1572 4710 Nam
1606 4647 1700 4711 verba
1730 4667 1809 4731 quae
1833 4645 1972 4711 indicavi

790 4774 890 4836 neque
909 4759 983 4835 apta
1001 4759 1076 4817 sunt
1096 4750 1257 4818 Crantoris
1277 4755 1549 4839 argumentationi
1568 4775 1667 4838 neque
1687 4756 1880 4819 conveniunt
1899 4775 1971 4818 cum

792 4858 978 4923 Academiae
1001 4859 1135 4942 placitis.
1160 4858 1295 4924 Crantor
1318 4869 1487 4945 postquam
1511 4860 1634 4936 docuit,
1659 4861 1829 4925 hominum
1853 4863 1971 4936 vitam,

791 4965 917 5026 etiamsi
936 4982 996 5024 non
1015 4965 1061 5027 ita
1080 4971 1259 5049 comparata
1278 4967 1321 5028 sit
1341 4965 1378 5029 ab
1399 4969 1469 5050 ipsa
1487 4973 1614 5039 natura,
1635 4973 1672 5027 ut
1684 4972 1764 5029 esset
1776 4967 1971 5040 miserrima,

760 5303 936 5373 A
