5125 6150
1033 822 1162 869 ouoeuu
1186 821 1339 869 coeourur.
1712 806 1777 872 305

584 992 626 1058 II.
662 991 734 1056 Norr
766 993 898 1053 nietam.
939 984 997 1049 ΙΙΙ.
1027 986 1195 1050 Labuntur
1225 988 1333 1070 magis
1365 1006 1461 1070 quam
1493 987 1587 1050 humi
1617 989 1778 1054 incedunt.

585 1097 640 1162 IV.
674 1095 815 1162 Coronae
846 1113 924 1177 quae
951 1093 1055 1176 eapite
1079 1091 1286 1175 humerisque
1311 1097 1457 1176 gestant,
1483 1113 1545 1156 uon
1569 1100 1778 1159 maroeeount.

584 1203 623 1268 V.
650 1200 749 1267 Nulla
772 1221 825 1265 eoa
849 1199 963 1262 umbra
986 1199 1140 1280 sequitur.

633 1308 729 1371 Hune
759 1309 862 1391 igitur
892 1303 999 1368 locum
1027 1301 1147 1366 vlitius
1171 1302 1315 1367 admovit
1338 1303 1379 1367 ad
1402 1301 1567 1367 Heliodori
1591 1304 1780 1389 Aethiopica

584 1438 618 1500 p.
645 1411 712 1478 278
736 1410 794 1475 ud.
819 1410 927 1474 Didot.
954 1407 1105 1492 Disputat
1128 1408 1173 1472 ibi
1197 1406 1364 1484 Calauius,
1389 1409 1445 1491 qui
1470 1446 1512 1457 —
1537 1408 1621 1491 quod
1644 1411 1779 1474 minime

585 1516 820 1603 negligendum
845 1513 995 1597 -apud
1027 1513 1206 1597 Aegyptios
1235 1511 1377 1577 sacerdos
1404 1516 1489 1591 erat,
1514 1515 1548 1575 in
1571 1513 1656 1577 huno
1678 1515 1778 1580 ferme

585 1622 737 1688 modum:
772 1617 841 1684 Θεοὶ
867 1619 917 1682 καὶ
942 1617 1086 1694 δαίμονες
1110 1616 1329 1696 ἐπιφοιτῶντές
1353 1618 1383 1680 τ’
1407 1617 1438 1687 ές
1464 1619 1548 1692 ημᾶς
1572 1617 1623 1681 καὶ
1648 1619 1780 1700 ἀποφοι·

583 1733 718 1802 τῶντες,
750 1725 791 1795 εἷς
824 1721 903 1786 ἄλλο
935 1722 992 1799 μέν
1024 1719 1094 1800 ζῷον
1126 1722 1175 1784 ἐπ’
1207 1721 1366 1802 έλύχιςον,
1399 1722 1442 1793 εἷς
1474 1721 1645 1799 ἀνθρώπους
1676 1723 1701 1787 δ’
1727 1725 1776 1789 έπδ

584 1840 714 1898 πλεῑςον
744 1831 855 1899 αύτούς
884 1826 1080 1904 εύδοποιούσι,
1105 1828 1147 1907 τῷ
1171 1826 1261 1906 ὁμοίῳ
1287 1828 1379 1891 πλέον
1404 1829 1488 1904 ἡμᾶς
1512 1829 1554 1898 εἰς
1579 1830 1633 1902 την
1657 1833 1780 1909 φαντα-

584 1939 659 2003 σέαν
692 1935 892 2014 ὑπαγόμενοι.
925 1931 1008 2004 Τοὺς
1040 1933 1096 2007 μέν
1129 1931 1164 2005 aa
1195 1932 1355 2009 βεβήλους
1379 1930 1437 1996 κᾶν
1462 1931 1645 2011 διαλύύοιεν,
1670 1936 1724 2008 την
1748 1934 1779 1999 δὲ

585 2047 687 2122 σοφοῦ
720 2047 832 2119 γνῶσιν
866 2040 919 2103 οὐκ
956 2037 994 2102 δον
1030 2037 1222 2118 διαφύγοιεν,
1259 2039 1347 2102 αλλδ
1379 2045 1444 2109 τοῖς
1476 2040 1504 2100 τ’
1536 2037 1709 2118 ύφύαλμοῑς
1741 2039 1780 2105 δν

585 2150 749 2228 γνωσύεῑεν
779 2145 885 2216 οὶτενές
916 2143 1014 2208 διύλου
1046 2141 1216 2217 βλέποντες
1250 2142 1302 2205 καὶ
1334 2143 1376 2207 τὸ
1408 2142 1622 2223 βλέφαρον
1645 2144 1779 2209 οὔποτ’

586 2254 837 2328 έπιμύοντες
869 2251 921 2314 καὶ
954 2250 995 2326 τῷ
1027 2248 1205 2325 βαδίσματι
1240 2247 1342 2326 πλέον,
1373 2249 1407 2312 ού
1438 2248 1523 2313 κοντοὶ
1555 2248 1694 2323 διύςησιν
1717 2258 1781 2315 τοῖν

586 2360 690 2425 ποδοῖν
731 2357 796 2422 ούδέ
832 2355 998 2434 μετάθεσιν
1033 2354 1201 2434 ούννομένῳ,
1245 2353 1333 2417 ἀλλὰ
1376 2351 1483 2418 κατού
1526 2377 1616 2418 τινα
1651 2355 1781 2433 ῥύμην

586 2466 725 2544 ἀέριον
748 2463 800 2527 καὶ
826 2462 918 2540 ύρμην
941 2458 1174 2539 ύπαοαπύδιςον
1194 2459 1422 2535 τεμνόντων
1444 2462 1566 2533 μῖολλον
1586 2461 1628 2525 τὸ
1652 2461 1781 2539 περιέ-

585 2594 663 2653 χον
687 2570 703 2644 ἢ
729 2565 994 2645 διαπορευομένων.
1019 2564 1109 2644 Quod
1132 2570 1281 2650 apparet,
1306 2565 1358 2629 hie
1380 2564 1534 2629 habemus
1553 2567 1711 2628 σοσιιούαοο
1730 2568 1777 2630 τοο·

586 2684 620 2742 et
644 2675 763 2739 tertium
788 2676 917 2758 siguum
943 2677 975 2735 et
998 2690 1110 2754 operae
1135 2671 1275 2754 pretium
1299 2675 1347 2733 eet
1370 2669 1478 2734 videre
1501 2668 1585 2752 quod
1608 2671 1781 2756 Aegyptiis

587 2779 806 2846 sacerdotibus
826 2798 864 2841 ex
887 2774 1102 2842 Chaeremone
1124 2772 1212 2838 laudi
1235 2774 1289 2838 dat
1313 2773 1513 2860 Porphyrius
1537 2773 1575 2838 de
1598 2775 1779 2841 Abstinent.

587 2885 642 2952 lv.
666 2883 686 2948 6
712 2905 742 2967 p.
764 2882 846 2946 311:
873 2880 978 2958 πορεία
1001 2904 1036 2943 τε
1060 2878 1123 2957 γοὶρ
1147 2877 1297 2947 εὔτακτος
1321 2876 1356 2951 ἦν
1379 2878 1431 2940 καὶ
1455 2877 1593 2956 βλέμμα
1613 2880 1780 2955 καύεςηκδς

588 2988 808 3065 έτετηδεύετο,
831 2988 870 3058 ὥς
894 2983 945 3050 ύτε
969 2985 1143 3061 βουληύεῖεν
1168 2987 1211 3061 μη
1237 2983 1495 3061 σκαρδαμύττειν.
1521 2983 1631 3049 Etiam
1654 3005 1691 3050 aa
1710 3007 1781 3050 oon·

585 3095 754 3163 aidoranda
778 3099 853 3158 eunt
877 3112 957 3176 quae
981 3091 1065 3176 apud
1089 3090 1304 3155 Heliodorum
1326 3092 1476 3155 continuo
1501 3097 1697 3173 sequuntur:
1723 3094 1779 3158 Διὸ

588 3205 623 3277 δη
649 3204 701 3266 καὶ
727 3201 769 3265 τὰ
793 3198 978 3275 αγούλματα
1003 3202 1061 3259 τῶν
1084 3198 1153 3259 θεῶν
1179 3194 1344 3271 Αἰγύπτιοι
1368 3196 1409 3258 τὼ
1434 3193 1507 3258 τύδε
1528 3193 1707 3274 ζευγνύντες
1727 3197 1779 3260 καὶ

589 3306 690 3385 ὥσπερ
721 3306 854 3372 ένοῡντεο
887 3304 1000 3370 ι’ςῖοσιν.
1030 3299 1073 3365 Ἃ
1098 3300 1133 3372 δη
1157 3300 1208 3365 καὶ
1231 3299 1369 3379 Ὀμηοος
1396 3299 1500 3376 εἰδούς,
1525 3297 1583 3364 ύτε
1608 3300 1780 3378 Αἰγύπτιος

590 3414 641 3478 καὶ
668 3412 722 3483 τὴν
748 3410 831 3487 ἱερὸν
855 3406 1013 3471 παιδευσιν
1038 3404 1228 3484 ἕκδιδαχύεὶο
1253 3404 1450 3482 συμβολικῶς
1474 3411 1537 3475 τοῖς
1555 3402 1666 3490 έπεσιν
1689 3400 1781 3470 έναπ-

589 3518 691 3594 έύετο,
716 3523 780 3586 τοῖς
805 3513 979 3590 δυναμένοις
1004 3511 1136 3577 συνιέναι
1160 3510 1359 3575 καταλιπών·
1389 3511 1439 3573 έπὶ
1468 3507 1525 3587 μέν
1553 3516 1607 3582 της
1629 3513 1778 3585 Μηνᾶς·

589 3622 672 3686 δεινὼ
712 3620 743 3684 δέ
771 3620 797 3683 οἱ
832 3618 903 3683 σ’σσε
938 3617 1087 3698 φύανύεν,
1126 3617 1226 3693 εἰπών,
1270 3615 1320 3680 έπὶ
1354 3614 1385 3678 δέ
1420 3618 1474 3679 τοῦ
1511 3616 1690 3688 Ποσειδῶνος
1725 3618 1778 3683 τὸ·

585 3731 700 3809 Ἴχνεα
731 3726 794 3805 γοδς
827 3725 995 3803 μετύπισύε
1027 3724 1121 3789 ποδῶν
1148 3725 1196 3797 ἥδέ
1221 3721 1364 3797 ιονημύοιν
1390 3722 1476 3788 'Per’
1501 3719 1595 3799 έγνοιν
1619 3722 1779 3793 απιύντος·

590 3829 649 3900 οἷον
673 3831 787 3911 ῥέοντος
814 3832 842 3894 έν
867 3839 904 3909 τῇ
929 3829 1063 3909 πορεύμ,
1088 3848 1163 3892 nam
1188 3832 1235 3891 aet
1258 3848 1295 3891 ea
1318 3826 1470 3904 mirifica,
1493 3831 1543 3892 uti
1566 3828 1672 3904 vides,
1706 3829 1779 3894 boni

588 3937 761 4005 sacerdotis
792 3937 898 4020 opinio
929 3934 1118 3999 adverbium
1150 3934 1220 4011 ῥεῖ’
1252 3932 1338 4008 παροδ
1368 3933 1402 3995 τδ
1432 3935 1446 4011 ῥ
1456 3940 1513 3996 εῖν
1537 3952 1603 3996 esee
1627 3932 1778 4012 doetum3

572 4028 664 4109 ’hino
688 4042 793 4107 addit:
818 4045 906 4103 τοῦτο
926 4040 989 4118 γα’ρ
1009 4040 1054 4107 ύςι
1078 4040 1112 4102 τδ
1136 4040 1191 4117 ῥεῖ’
1215 4036 1358 4108 απιύντος
1384 4035 1436 4100 καὶ
1460 4037 1520 4117 ούχ
1545 4033 1581 4108 ὥς
1603 4060 1680 4111 τινες
1703 4039 1781 4113 ἦπού-

587 4172 717 4225 τηνται,
745 4147 852 4230 ῥᾳδίοις
877 4143 970 4222 έγνιον
994 4142 1282 4221 ὑπολαμβάνοντες.

635 4254 768 4318 Primum
799 4254 930 4338 signum
960 4250 998 4314 de
1026 4249 1172 4315 eordibue
1197 4248 1305 4312 divino
1329 4248 1452 4332 eorpori
1476 4267 1539 4310 non
1563 4246 1780 4312 adhaerescen-

586 4362 676 4426 tibue
712 4357 798 4444 apud
832 4358 1013 4442 Aegyptios
1047 4359 1262 4419 memoratum
1298 4374 1361 4417 non
1392 4353 1521 4415 invenio
1553 4358 1585 4416 et
1616 4355 1649 4416 in
1681 4373 1717 4416 ea
1747 4373 1782 4417 re

587 4465 704 4533 Graeci
740 4467 825 4529 uerte
859 4462 898 4526 ab
933 4460 1020 4525 Indie
1055 4459 1265 4537 dissidebant3
1302 4459 1420 4523 etenim
1456 4455 1627 4533 Iunonem,
1661 4455 1779 4538 2171,

586 4573 740 4639 videmus
763 4568 896 4643 λύματα
920 4567 1028 4631 πάντα
1054 4566 1257 4644 καύαέρουσαν
1279 4562 1331 4627 καὶ
1356 4563 1564 4643 οὶλειφομένην
1587 4563 1655 4627 λίπ’
1674 4566 1779 4645 ἐλαίῳ,

587 4676 772 4742 Vulcanum
792 4679 919 4749 autam,
943 4670 1058 4749 Σ414,
1079 4670 1211 4749 σπόγγῳ
1232 4669 1319 4749 ἀμφὶ
1341 4667 1488 4747 πούσοιπα
1509 4667 1560 4731 καὶ
1581 4665 1680 4752 ύμφοι
1699 4674 1780 4751 χεῖρ’

588 4778 843 4859 ἆπομοςγνύντα.

639 4888 784 4967 Quintum
813 4887 946 4970 signum
968 4888 1016 4948 eet
1040 4882 1078 4947 de
1101 4884 1233 4947 umbrae
1256 4881 1391 4957 defectu,
1416 4879 1454 4943 de
1478 4898 1540 4963 quo
1564 4882 1632 4965 ipse
1656 4902 1781 4969 quoque

1619 5301 1828 5385 Α
