<?xml version="1.0" encoding="UTF-8"?>
<!DOCTYPE html PUBLIC "-//W3C//DTD XHTML 1.0 Transitional//EN"
    "http://www.w3.org/TR/xhtml1/DTD/xhtml1-transitional.dtd">
<html xmlns="http://www.w3.org/1999/xhtml" xml:lang="en" lang="en">
 <head>
  <title>
</title>
<meta http-equiv="Content-Type" content="text/html;charset=utf-8" />
  <meta name='ocr-system' content='tesseract 3.04.00' />
  <meta name='ocr-capabilities' content='ocr_page ocr_carea ocr_par ocr_line ocrx_word'/>
</head>
<body>
  <div class='ocr_page' id='page_1' title='image "./mnemosyne04verdgoog_0157.png"; bbox 0 0 5125 6150; ppageno 0'>
   <div class='ocr_carea' id='block_1_1' title="bbox 768 788 1594 855">
    <p class='ocr_par' dir='ltr' id='par_1_1' title="bbox 768 788 1594 855">
     <span class='ocr_line' id='line_1_1' title="bbox 768 788 1594 855; baseline 0.002 -5"><span class='ocrx_word' id='word_1_1' title='bbox 768 788 832 851; x_wconf 77' lang='lat'><strong>156</strong></span> <span class='ocrx_word' id='word_1_2' title='bbox 1125 807 1334 855; x_wconf 64' lang='lat' dir='ltr'><strong>russonum!</strong></span> <span class='ocrx_word' id='word_1_3' title='bbox 1357 807 1423 854; x_wconf 85' lang='lat' dir='ltr'><strong>sse.</strong></span> <span class='ocrx_word' id='word_1_4' title='bbox 1447 806 1594 854; x_wconf 65' lang='lat' dir='ltr'><strong>nucum</strong></span> 
     </span>
    </p>
   </div>
   <div class='ocr_carea' id='block_1_2' title="bbox 764 968 1955 1474">
    <p class='ocr_par' dir='ltr' id='par_1_2' title="bbox 764 968 1955 1474">
     <span class='ocr_line' id='line_1_2' title="bbox 765 968 1952 1053; baseline -0.001 -20"><span class='ocrx_word' id='word_1_5' title='bbox 765 968 865 1034; x_wconf 85' lang='lat' dir='ltr'><strong>solere</strong></span> <span class='ocrx_word' id='word_1_6' title='bbox 883 991 958 1033; x_wconf 86' lang='lat' dir='ltr'><strong>enm</strong></span> <span class='ocrx_word' id='word_1_7' title='bbox 976 992 1008 1035; x_wconf 85' lang='lat' dir='ltr'><strong>v.</strong></span> <span class='ocrx_word' id='word_1_8' title='bbox 1028 972 1188 1035; x_wconf 85' lang='lat' dir='ltr'><strong>homerico</strong></span> <span class='ocrx_word' id='word_1_9' title='bbox 1207 969 1367 1047; x_wconf 77' lang='grc' dir='ltr'><strong><em>ὁμορτὸειν</em></strong></span> <span class='ocrx_word' id='word_1_10' title='bbox 1379 1003 1419 1026; x_wconf 93' lang='lat'>=</span> <span class='ocrx_word' id='word_1_11' title='bbox 1431 972 1603 1033; x_wconf 70' lang='grc' dir='ltr'><strong><em>ἀκολουθεῖν</em></strong></span> <span class='ocrx_word' id='word_1_12' title='bbox 1621 969 1758 1032; x_wconf 65' lang='lat' dir='ltr'><strong>esaan·</strong></span> <span class='ocrx_word' id='word_1_13' title='bbox 1778 1006 1820 1016; x_wconf 93' lang='lat'><em>-</em></span> <span class='ocrx_word' id='word_1_14' title='bbox 1841 971 1952 1053; x_wconf 78' lang='lat' dir='ltr'><strong>partio.</strong></span> 
     </span>
     <span class='ocr_line' id='line_1_3' title="bbox 766 1074 1955 1161; baseline -0.002 -25"><span class='ocrx_word' id='word_1_15' title='bbox 766 1075 920 1153; x_wconf 77' lang='grc' dir='ltr'><strong><em>ὁμαρτέων</em></strong></span> <span class='ocrx_word' id='word_1_16' title='bbox 943 1080 1078 1140; x_wconf 88' lang='lat' dir='ltr'><strong>occurrit</strong></span> <span class='ocrx_word' id='word_1_17' title='bbox 1103 1085 1149 1151; x_wconf 85' lang='grc' dir='ltr'><strong>Ω,</strong></span> <span class='ocrx_word' id='word_1_18' title='bbox 1163 1076 1229 1141; x_wconf 87' lang='grc'><strong>438</strong></span> <span class='ocrx_word' id='word_1_19' title='bbox 1254 1115 1296 1124; x_wconf 90' lang='lat'><em>-</em></span> <span class='ocrx_word' id='word_1_20' title='bbox 1322 1080 1377 1141; x_wconf 77' lang='lat' dir='ltr'><strong>vix</strong></span> <span class='ocrx_word' id='word_1_21' title='bbox 1399 1098 1480 1161; x_wconf 89' lang='lat' dir='ltr'><strong>opus</strong></span> <span class='ocrx_word' id='word_1_22' title='bbox 1502 1088 1551 1140; x_wconf 80' lang='lat' dir='ltr'><strong>est</strong></span> <span class='ocrx_word' id='word_1_23' title='bbox 1573 1096 1703 1138; x_wconf 89' lang='lat' dir='ltr'><strong>monere</strong></span> <span class='ocrx_word' id='word_1_24' title='bbox 1726 1075 1779 1153; x_wconf 71' lang='lat' dir='ltr'><strong>tol.</strong></span> <span class='ocrx_word' id='word_1_25' title='bbox 1799 1074 1955 1153; x_wconf 74' lang='grc' dir='ltr'><strong><em>Εὸαὸἱνιρὸἱ</em></strong></span> 
     </span>
     <span class='ocr_line' id='line_1_4' title="bbox 764 1177 1955 1267; baseline -0.002 -24"><span class='ocrx_word' id='word_1_26' title='bbox 764 1182 893 1243; x_wconf 75' lang='lat' dir='ltr'><strong>Iericou</strong></span> <span class='ocrx_word' id='word_1_27' title='bbox 923 1185 957 1245; x_wconf 92' lang='lat' dir='ltr'><strong>in</strong></span> <span class='ocrx_word' id='word_1_28' title='bbox 988 1191 1089 1257; x_wconf 78' lang='lat' dir='ltr'><strong>voce).</strong></span> <span class='ocrx_word' id='word_1_29' title='bbox 1123 1181 1242 1246; x_wconf 88' lang='lat' dir='ltr'><strong>Verum</strong></span> <span class='ocrx_word' id='word_1_30' title='bbox 1266 1183 1344 1267; x_wconf 93' lang='lat' dir='ltr'><strong>quid</strong></span> <span class='ocrx_word' id='word_1_31' title='bbox 1368 1183 1428 1246; x_wconf 89' lang='lat' dir='ltr'><strong>tibi</strong></span> <span class='ocrx_word' id='word_1_32' title='bbox 1451 1177 1599 1245; x_wconf 77' lang='lat' dir='ltr'><strong>videtur?</strong></span> <span class='ocrx_word' id='word_1_33' title='bbox 1621 1202 1723 1244; x_wconf 90' lang='lat' dir='ltr'><strong>nonne</strong></span> <span class='ocrx_word' id='word_1_34' title='bbox 1745 1180 1798 1244; x_wconf 85' lang='lat' dir='ltr'><strong>hio</strong></span> <span class='ocrx_word' id='word_1_35' title='bbox 1820 1181 1955 1243; x_wconf 79' lang='lat' dir='ltr'><strong>certissi-</strong></span> 
     </span>
     <span class='ocr_line' id='line_1_5' title="bbox 765 1285 1955 1370; baseline -0.001 -20"><span class='ocrx_word' id='word_1_36' title='bbox 765 1307 857 1350; x_wconf 89' lang='lat' dir='ltr'><strong>mum</strong></span> <span class='ocrx_word' id='word_1_37' title='bbox 876 1296 1021 1351; x_wconf 88' lang='lat' dir='ltr'><strong>tenemus</strong></span> <span class='ocrx_word' id='word_1_38' title='bbox 1041 1291 1263 1352; x_wconf 82' lang='lat' dir='ltr'><strong>testimonium</strong></span> <span class='ocrx_word' id='word_1_39' title='bbox 1281 1290 1417 1352; x_wconf 84' lang='lat' dir='ltr'><strong>verbnm</strong></span> <span class='ocrx_word' id='word_1_40' title='bbox 1437 1290 1600 1362; x_wconf 74' lang='grc' dir='ltr'><strong><em>ἀγνοεῖν</em></strong></span> <span class='ocrx_word' id='word_1_41' title='bbox 1621 1307 1694 1350; x_wconf 86' lang='lat' dir='ltr'><strong>oum</strong></span> <span class='ocrx_word' id='word_1_42' title='bbox 1709 1286 1859 1350; x_wconf 79' lang='lat' dir='ltr'><strong>derivatis</strong></span> <span class='ocrx_word' id='word_1_43' title='bbox 1870 1285 1955 1370; x_wconf 84' lang='lat' dir='ltr'><strong>epnd</strong></span> 
     </span>
     <span class='ocr_line' id='line_1_6' title="bbox 765 1387 1954 1474; baseline -0.005 -16"><span class='ocrx_word' id='word_1_44' title='bbox 765 1389 903 1458; x_wconf 76' lang='lat' dir='ltr'><strong>Graecos</strong></span> <span class='ocrx_word' id='word_1_45' title='bbox 926 1395 1040 1456; x_wconf 83' lang='lat' dir='ltr'><strong>eetetis</strong></span> <span class='ocrx_word' id='word_1_46' title='bbox 1064 1397 1248 1458; x_wconf 71' lang='lat' dir='ltr'><strong>recentioris</strong></span> <span class='ocrx_word' id='word_1_47' title='bbox 1271 1397 1339 1457; x_wconf 81' lang='lat' dir='ltr'><strong>vim</strong></span> <span class='ocrx_word' id='word_1_48' title='bbox 1363 1394 1512 1458; x_wconf 74' lang='lat' dir='ltr'>habuisse</span> <span class='ocrx_word' id='word_1_49' title='bbox 1532 1392 1656 1455; x_wconf 78' lang='lat' dir='ltr'><strong>errandi</strong></span> <span class='ocrx_word' id='word_1_50' title='bbox 1675 1398 1771 1474; x_wconf 83' lang='lat' dir='ltr'><strong>etque</strong></span> <span class='ocrx_word' id='word_1_51' title='bbox 1783 1387 1954 1473; x_wconf 72' lang='lat' dir='ltr'><strong>peccandi?</strong></span> 
     </span>
    </p>
   </div>
   <div class='ocr_carea' id='block_1_3' title="bbox 761 1604 1954 3887">
    <p class='ocr_par' dir='ltr' id='par_1_3' title="bbox 763 1604 1954 2424">
     <span class='ocr_line' id='line_1_7' title="bbox 810 1604 1954 1692; baseline -0.002 -20"><span class='ocrx_word' id='word_1_52' title='bbox 810 1608 989 1672; x_wconf 81' lang='lat' dir='ltr'><strong>Occurrunt</strong></span> <span class='ocrx_word' id='word_1_53' title='bbox 1007 1630 1083 1674; x_wconf 80' lang='lat' dir='ltr'><strong>sene</strong></span> <span class='ocrx_word' id='word_1_54' title='bbox 1102 1610 1154 1673; x_wconf 88' lang='lat' dir='ltr'><strong>hio</strong></span> <span class='ocrx_word' id='word_1_55' title='bbox 1173 1609 1241 1673; x_wconf 89' lang='lat' dir='ltr'><strong>illie</strong></span> <span class='ocrx_word' id='word_1_56' title='bbox 1260 1608 1382 1674; x_wconf 84' lang='lat' dir='ltr'><strong>leviore</strong></span> <span class='ocrx_word' id='word_1_57' title='bbox 1400 1608 1558 1692; x_wconf 74' lang='lat' dir='ltr'><strong>quaedem</strong></span> <span class='ocrx_word' id='word_1_58' title='bbox 1577 1607 1694 1671; x_wconf 79' lang='lat' dir='ltr'><strong>dumne</strong></span> <span class='ocrx_word' id='word_1_59' title='bbox 1711 1627 1792 1690; x_wconf 82' lang='lat' dir='ltr'><strong>qnae</strong></span> <span class='ocrx_word' id='word_1_60' title='bbox 1812 1604 1864 1671; x_wconf 82' lang='lat' dir='ltr'><strong>vel</strong></span> <span class='ocrx_word' id='word_1_61' title='bbox 1884 1609 1954 1670; x_wconf 86' lang='lat' dir='ltr'><strong>sine</strong></span> 
     </span>
     <span class='ocr_line' id='line_1_8' title="bbox 763 1711 1954 1799; baseline -0.003 -21"><span class='ocrx_word' id='word_1_62' title='bbox 763 1713 990 1799; x_wconf 78' lang='lat' dir='ltr'><strong>theologorum</strong></span> <span class='ocrx_word' id='word_1_63' title='bbox 1021 1736 1079 1798; x_wconf 91' lang='lat' dir='ltr'><strong>ope</strong></span> <span class='ocrx_word' id='word_1_64' title='bbox 1109 1718 1224 1778; x_wconf 77' lang='lat' dir='ltr'><strong>sarcire</strong></span> <span class='ocrx_word' id='word_1_65' title='bbox 1247 1714 1413 1778; x_wconf 85' lang='lat' dir='ltr'><strong>nudemus.</strong></span> <span class='ocrx_word' id='word_1_66' title='bbox 1444 1712 1539 1798; x_wconf 80' lang='lat' dir='ltr'><strong>Apud</strong></span> <span class='ocrx_word' id='word_1_67' title='bbox 1564 1713 1701 1775; x_wconf 73' lang='grc' dir='ltr'><strong><em>Μοταννι</em></strong></span> <span class='ocrx_word' id='word_1_68' title='bbox 1723 1733 1750 1776; x_wconf 93' lang='lat' dir='ltr'><strong>e.</strong></span> <span class='ocrx_word' id='word_1_69' title='bbox 1774 1733 1807 1797; x_wconf 80' lang='lat' dir='ltr'><strong>g.</strong></span> <span class='ocrx_word' id='word_1_70' title='bbox 1831 1711 1896 1775; x_wconf 87' lang='lat' dir='ltr'><strong>IV:</strong></span> <span class='ocrx_word' id='word_1_71' title='bbox 1911 1711 1954 1775; x_wconf 86' lang='lat'><strong>30</strong></span> 
     </span>
     <span class='ocr_line' id='line_1_9' title="bbox 763 1816 1954 1904; baseline -0.003 -20"><span class='ocrx_word' id='word_1_72' title='bbox 763 1818 835 1884; x_wconf 87' lang='lat' dir='ltr'><strong>ooll.</strong></span> <span class='ocrx_word' id='word_1_73' title='bbox 860 1820 973 1883; x_wconf 60' lang='lat' dir='ltr'><strong>Mada.</strong></span> <span class='ocrx_word' id='word_1_74' title='bbox 998 1819 1078 1883; x_wconf 87' lang='lat' dir='ltr'><strong>XIII</strong></span> <span class='ocrx_word' id='word_1_75' title='bbox 1092 1841 1099 1882; x_wconf 76' lang='grc' dir='ltr'><strong><em>ε</em></strong></span> <span class='ocrx_word' id='word_1_76' title='bbox 1113 1819 1154 1884; x_wconf 86' lang='grc'><strong>31</strong></span> <span class='ocrx_word' id='word_1_77' title='bbox 1170 1842 1255 1904; x_wconf 89' lang='lat' dir='ltr'><strong>seqq.</strong></span> <span class='ocrx_word' id='word_1_78' title='bbox 1280 1823 1314 1882; x_wconf 93' lang='lat' dir='ltr'><strong>in</strong></span> <span class='ocrx_word' id='word_1_79' title='bbox 1339 1818 1507 1904; x_wconf 78' lang='lat' dir='ltr'><strong>propatulo</strong></span> <span class='ocrx_word' id='word_1_80' title='bbox 1530 1824 1578 1881; x_wconf 87' lang='lat' dir='ltr'><strong>est</strong></span> <span class='ocrx_word' id='word_1_81' title='bbox 1597 1816 1716 1902; x_wconf 83' lang='lat' dir='ltr'><strong>triplici</strong></span> <span class='ocrx_word' id='word_1_82' title='bbox 1733 1817 1954 1902; x_wconf 77' lang='lat' dir='ltr'><strong>dittographie</strong></span> 
     </span>
     <span class='ocr_line' id='line_1_10' title="bbox 763 1922 1952 2010; baseline -0.006 -22"><span class='ocrx_word' id='word_1_83' title='bbox 763 1931 922 2010; x_wconf 79' lang='lat' dir='ltr'><strong>expuncta</strong></span> <span class='ocrx_word' id='word_1_84' title='bbox 952 1926 1139 1990; x_wconf 81' lang='lat' dir='ltr'><strong>rescribere:</strong></span> <span class='ocrx_word' id='word_1_85' title='bbox 1171 1928 1222 1987; x_wconf 76' lang='grc' dir='ltr'><strong>καὶ</strong></span> <span class='ocrx_word' id='word_1_86' title='bbox 1252 1924 1379 2001; x_wconf 77' lang='grc' dir='ltr'><strong><em>ἔλεγεν·</em></strong></span> <span class='ocrx_word' id='word_1_87' title='bbox 1405 1931 1470 1994; x_wconf 83' lang='grc' dir='ltr'><strong>πώς</strong></span> <span class='ocrx_word' id='word_1_88' title='bbox 1493 1925 1685 1999; x_wconf 74' lang='grc' dir='ltr'><strong><em>ὁμοιώσωμεν</em></strong></span> <span class='ocrx_word' id='word_1_89' title='bbox 1709 1924 1762 1996; x_wconf 80' lang='grc' dir='ltr'><strong><em>τὸρν</em></strong></span> <span class='ocrx_word' id='word_1_90' title='bbox 1784 1922 1952 1998; x_wconf 84' lang='grc' dir='ltr'><strong><em>βασιλείαν</em></strong></span> 
     </span>
     <span class='ocr_line' id='line_1_11' title="bbox 763 2024 1953 2108; baseline -0.005 -14"><span class='ocrx_word' id='word_1_91' title='bbox 763 2035 818 2095; x_wconf 82' lang='grc' dir='ltr'><strong>τοῦ</strong></span> <span class='ocrx_word' id='word_1_92' title='bbox 849 2033 932 2108; x_wconf 80' lang='grc' dir='ltr'><strong><em>ὁεοΐι;</em></strong></span> <span class='ocrx_word' id='word_1_93' title='bbox 965 2028 1096 2106; x_wconf 79' lang='grc' dir='ltr'><strong><em>(ἐστιν)</em></strong></span> <span class='ocrx_word' id='word_1_94' title='bbox 1128 2032 1168 2101; x_wconf 63' lang='lat' dir='ltr'><strong>ee</strong></span> <span class='ocrx_word' id='word_1_95' title='bbox 1200 2032 1305 2099; x_wconf 79' lang='grc' dir='ltr'><strong><em>κάννας</em></strong></span> <span class='ocrx_word' id='word_1_96' title='bbox 1321 2030 1346 2106; x_wconf 86' lang='grc'><strong>1)</strong></span> <span class='ocrx_word' id='word_1_97' title='bbox 1378 2030 1530 2099; x_wconf 77' lang='grc' dir='ltr'><strong><em>σινάπεως</em></strong></span> <span class='ocrx_word' id='word_1_98' title='bbox 1560 2025 1611 2104; x_wconf 80' lang='grc' dir='ltr'><strong>ὃς,</strong></span> <span class='ocrx_word' id='word_1_99' title='bbox 1642 2025 1717 2092; x_wconf 77' lang='grc' dir='ltr'><strong><em>ὁταν</em></strong></span> <span class='ocrx_word' id='word_1_100' title='bbox 1747 2036 1850 2106; x_wconf 71' lang='grc' dir='ltr'><strong><em>σπαρῇ</em></strong></span> <span class='ocrx_word' id='word_1_101' title='bbox 1873 2024 1953 2108; x_wconf 73' lang='grc' dir='ltr'><strong>[ἐπὶ</strong></span> 
     </span>
     <span class='ocr_line' id='line_1_12' title="bbox 764 2131 1952 2218; baseline -0.006 -19"><span class='ocrx_word' id='word_1_102' title='bbox 764 2145 836 2209; x_wconf 76' lang='grc' dir='ltr'><strong><em>τῆς</em></strong></span> <span class='ocrx_word' id='word_1_103' title='bbox 865 2140 974 2218; x_wconf 72' lang='grc' dir='ltr'><strong><em>γῆς],</em></strong></span> <span class='ocrx_word' id='word_1_104' title='bbox 1006 2135 1179 2212; x_wconf 77' lang='grc' dir='ltr'><strong><em>μιαρώτερος</em></strong></span> <span class='ocrx_word' id='word_1_105' title='bbox 1211 2139 1335 2198; x_wconf 75' lang='grc' dir='ltr'><strong><em>πάντων</em></strong></span> <span class='ocrx_word' id='word_1_106' title='bbox 1360 2137 1418 2198; x_wconf 77' lang='grc' dir='ltr'><strong>τῶν</strong></span> <span class='ocrx_word' id='word_1_107' title='bbox 1442 2134 1629 2210; x_wconf 71' lang='grc' dir='ltr'><strong><em>σπερμάτων</em></strong></span> <span class='ocrx_word' id='word_1_108' title='bbox 1652 2133 1718 2196; x_wconf 81' lang='grc' dir='ltr'><strong><em>ε’στὸ</em></strong></span> <span class='ocrx_word' id='word_1_109' title='bbox 1743 2137 1801 2195; x_wconf 85' lang='grc' dir='ltr'><strong>τών</strong></span> <span class='ocrx_word' id='word_1_110' title='bbox 1825 2131 1873 2194; x_wconf 77' lang='grc' dir='ltr'><strong>ἐπὶ</strong></span> <span class='ocrx_word' id='word_1_111' title='bbox 1898 2137 1952 2201; x_wconf 76' lang='grc' dir='ltr'><strong><em>τῆς</em></strong></span> 
     </span>
     <span class='ocr_line' id='line_1_13' title="bbox 763 2236 1953 2322; baseline -0.006 -17"><span class='ocrx_word' id='word_1_112' title='bbox 763 2249 826 2320; x_wconf 73' lang='grc' dir='ltr'><strong>γῆς</strong></span> <span class='ocrx_word' id='word_1_113' title='bbox 849 2242 918 2318; x_wconf 76' lang='grc' dir='ltr'><strong>καὶ,</strong></span> <span class='ocrx_word' id='word_1_114' title='bbox 943 2237 1017 2304; x_wconf 75' lang='grc' dir='ltr'><strong><em>ὅταν</em></strong></span> <span class='ocrx_word' id='word_1_115' title='bbox 1036 2244 1196 2322; x_wconf 71' lang='grc' dir='ltr'><strong><em>[σπαρῇ]</em></strong></span> <span class='ocrx_word' id='word_1_116' title='bbox 1226 2240 1383 2319; x_wconf 60' lang='lat' dir='ltr'><strong>evadato,</strong></span> <span class='ocrx_word' id='word_1_117' title='bbox 1396 2239 1422 2317; x_wconf 84' lang='lat'><strong>²)</strong></span> <span class='ocrx_word' id='word_1_118' title='bbox 1442 2240 1543 2321; x_wconf 76' lang='grc' dir='ltr'><strong>[αα1],</strong></span> <span class='ocrx_word' id='word_1_119' title='bbox 1562 2241 1684 2315; x_wconf 74' lang='grc' dir='ltr'><strong><em>γίνεται</em></strong></span> <span class='ocrx_word' id='word_1_120' title='bbox 1705 2237 1809 2318; x_wconf 81' lang='grc' dir='ltr'><strong><em>μεῖζον</em></strong></span> <span class='ocrx_word' id='word_1_121' title='bbox 1829 2236 1953 2300; x_wconf 80' lang='grc' dir='ltr'><strong><em>πάντων</em></strong></span> 
     </span>
     <span class='ocr_line' id='line_1_14' title="bbox 764 2345 1086 2424; baseline 0 -14"><span class='ocrx_word' id='word_1_122' title='bbox 764 2349 824 2410; x_wconf 77' lang='grc' dir='ltr'><strong>τῶν</strong></span> <span class='ocrx_word' id='word_1_123' title='bbox 847 2345 997 2424; x_wconf 77' lang='grc' dir='ltr'><strong><em>λαχάνων</em></strong></span> <span class='ocrx_word' id='word_1_124' title='bbox 1022 2347 1086 2410; x_wconf 85' lang='grc' dir='ltr'><strong><em>ιιτέ.</em></strong></span> 
     </span>
    </p>

    <p class='ocr_par' dir='ltr' id='par_1_4' title="bbox 763 2448 1954 3484">
     <span class='ocr_line' id='line_1_15' title="bbox 809 2448 1949 2536; baseline -0.004 -21"><span class='ocrx_word' id='word_1_125' title='bbox 809 2450 905 2536; x_wconf 83' lang='lat' dir='ltr'><strong>Apud</strong></span> <span class='ocrx_word' id='word_1_126' title='bbox 939 2450 1076 2516; x_wconf 91' lang='lat' dir='ltr'><strong>eundem</strong></span> <span class='ocrx_word' id='word_1_127' title='bbox 1108 2448 1260 2516; x_wconf 83' lang='lat' dir='ltr'>v111:27</span> <span class='ocrx_word' id='word_1_128' title='bbox 1281 2473 1367 2535; x_wconf 89' lang='lat' dir='ltr'><strong>seqq.</strong></span> <span class='ocrx_word' id='word_1_129' title='bbox 1401 2471 1512 2514; x_wconf 91' lang='lat' dir='ltr'><strong>omnes</strong></span> <span class='ocrx_word' id='word_1_130' title='bbox 1541 2449 1697 2513; x_wconf 76' lang='lat' dir='ltr'><strong>editiones</strong></span> <span class='ocrx_word' id='word_1_131' title='bbox 1727 2448 1861 2512; x_wconf 85' lang='lat' dir='ltr'><strong>hebent:</strong></span> <span class='ocrx_word' id='word_1_132' title='bbox 1898 2449 1949 2511; x_wconf 76' lang='grc' dir='ltr'><strong>καὶ</strong></span> 
     </span>
     <span class='ocr_line' id='line_1_16' title="bbox 764 2555 1954 2635; baseline -0.005 -14"><span class='ocrx_word' id='word_1_133' title='bbox 764 2557 889 2635; x_wconf 72' lang='grc' dir='ltr'><strong><em>ἐξῆλθεν</em></strong></span> <span class='ocrx_word' id='word_1_134' title='bbox 921 2558 935 2621; x_wconf 92' lang='grc' dir='ltr'><strong><em>ὁ</em></strong></span> <span class='ocrx_word' id='word_1_135' title='bbox 966 2560 1161 2631; x_wconf 75' lang='grc' dir='ltr'><strong><em>Ἰησοῦς</em></strong></span> <span class='ocrx_word' id='word_1_136' title='bbox 1187 2558 1237 2620; x_wconf 79' lang='grc' dir='ltr'><strong>καὶ</strong></span> <span class='ocrx_word' id='word_1_137' title='bbox 1270 2558 1301 2619; x_wconf 90' lang='grc' dir='ltr'><strong><em>ἐν</em></strong></span> <span class='ocrx_word' id='word_1_138' title='bbox 1327 2567 1365 2634; x_wconf 70' lang='grc' dir='ltr'><strong><em>τῇ</em></strong></span> <span class='ocrx_word' id='word_1_139' title='bbox 1390 2555 1446 2635; x_wconf 71' lang='grc' dir='ltr'><strong>ὁδῷ</strong></span> <span class='ocrx_word' id='word_1_140' title='bbox 1470 2557 1613 2631; x_wconf 78' lang='grc' dir='ltr'><strong><em>ἐπηρώτα</em></strong></span> <span class='ocrx_word' id='word_1_141' title='bbox 1637 2557 1706 2625; x_wconf 79' lang='grc' dir='ltr'><strong><em>τοὺς</em></strong></span> <span class='ocrx_word' id='word_1_142' title='bbox 1730 2555 1876 2630; x_wconf 77' lang='grc' dir='ltr'><strong><em>μαθητάς</em></strong></span> <span class='ocrx_word' id='word_1_143' title='bbox 1901 2556 1954 2616; x_wconf 78' lang='grc' dir='ltr'><strong>αὖ·</strong></span> 
     </span>
     <span class='ocr_line' id='line_1_17' title="bbox 764 2656 1951 2739; baseline -0.006 -12"><span class='ocrx_word' id='word_1_144' title='bbox 764 2668 819 2727; x_wconf 82' lang='grc' dir='ltr'><strong>τοῦ</strong></span> <span class='ocrx_word' id='word_1_145' title='bbox 922 2665 991 2726; x_wconf 84' lang='grc' dir='ltr'><strong><em>σι’νιι</em></strong></span> <span class='ocrx_word' id='word_1_146' title='bbox 1022 2686 1064 2736; x_wconf 90' lang='grc' dir='ltr'><strong>με</strong></span> <span class='ocrx_word' id='word_1_147' title='bbox 1095 2662 1238 2737; x_wconf 75' lang='grc' dir='ltr'><strong><em>λέγουσιν</em></strong></span> <span class='ocrx_word' id='word_1_148' title='bbox 1269 2663 1295 2725; x_wconf 82' lang='lat' dir='ltr'><strong>ol</strong></span> <span class='ocrx_word' id='word_1_149' title='bbox 1326 2659 1472 2739; x_wconf 82' lang='grc' dir='ltr'><strong><em>άνὸραπιι</em></strong></span> <span class='ocrx_word' id='word_1_150' title='bbox 1505 2657 1598 2735; x_wconf 81' lang='grc' dir='ltr'><strong><em>εἶναι;</em></strong></span> <span class='ocrx_word' id='word_1_151' title='bbox 1631 2662 1657 2724; x_wconf 82' lang='grc' dir='ltr'><strong>αι’</strong></span> <span class='ocrx_word' id='word_1_152' title='bbox 1689 2660 1720 2723; x_wconf 85' lang='grc' dir='ltr'><strong>δὲ</strong></span> <span class='ocrx_word' id='word_1_153' title='bbox 1752 2656 1842 2724; x_wconf 83' lang='grc' dir='ltr'><strong><em>εἶπαν</em></strong></span> <span class='ocrx_word' id='word_1_154' title='bbox 1867 2661 1951 2734; x_wconf 74' lang='grc' dir='ltr'><strong><em>αὐτῷ</em></strong></span> 
     </span>
     <span class='ocr_line' id='line_1_18' title="bbox 765 2763 1952 2842; baseline -0.003 -11"><span class='ocrx_word' id='word_1_155' title='bbox 765 2769 911 2842; x_wconf 63' lang='lat' dir='ltr'><strong>teroem</strong></span> <span class='ocrx_word' id='word_1_156' title='bbox 941 2765 987 2831; x_wconf 76' lang='grc' dir='ltr'><strong><em>ὅτι</em></strong></span> <span class='ocrx_word' id='word_1_157' title='bbox 1012 2766 1152 2839; x_wconf 74' lang='grc' dir='ltr'><strong><em>Ἰωάννην</em></strong></span> <span class='ocrx_word' id='word_1_158' title='bbox 1176 2768 1227 2832; x_wconf 87' lang='grc' dir='ltr'><strong><em>τὸν</em></strong></span> <span class='ocrx_word' id='word_1_159' title='bbox 1250 2766 1432 2842; x_wconf 78' lang='grc' dir='ltr'><strong><em>βαπτιστην</em></strong></span> <span class='ocrx_word' id='word_1_160' title='bbox 1466 2767 1519 2829; x_wconf 68' lang='lat' dir='ltr'><strong>sai</strong></span> <span class='ocrx_word' id='word_1_161' title='bbox 1543 2765 1635 2828; x_wconf 73' lang='grc' dir='ltr'><strong><em>ἄλλοι</em></strong></span> <span class='ocrx_word' id='word_1_162' title='bbox 1659 2768 1780 2842; x_wconf 73' lang='grc' dir='ltr'><strong><em>Ἠλίαν,</em></strong></span> <span class='ocrx_word' id='word_1_163' title='bbox 1805 2763 1896 2828; x_wconf 82' lang='grc' dir='ltr'><strong><em>άλλιι</em></strong></span> <span class='ocrx_word' id='word_1_164' title='bbox 1921 2764 1952 2828; x_wconf 82' lang='grc' dir='ltr'><strong>δὲ</strong></span> 
     </span>
     <span class='ocr_line' id='line_1_19' title="bbox 765 2870 1953 2951; baseline -0.003 -15"><span class='ocrx_word' id='word_1_165' title='bbox 765 2870 811 2937; x_wconf 78' lang='grc' dir='ltr'><strong><em>ὅτι</em></strong></span> <span class='ocrx_word' id='word_1_166' title='bbox 834 2870 879 2945; x_wconf 79' lang='grc' dir='ltr'><strong><em>εἷς</em></strong></span> <span class='ocrx_word' id='word_1_167' title='bbox 903 2879 961 2936; x_wconf 85' lang='grc' dir='ltr'><strong>τών</strong></span> <span class='ocrx_word' id='word_1_168' title='bbox 984 2879 1156 2950; x_wconf 76' lang='grc' dir='ltr'><strong><em>προφητῶν.</em></strong></span> <span class='ocrx_word' id='word_1_169' title='bbox 1181 2873 1234 2936; x_wconf 73' lang='grc' dir='ltr'><strong>καὶ</strong></span> <span class='ocrx_word' id='word_1_170' title='bbox 1258 2874 1382 2944; x_wconf 76' lang='grc' dir='ltr'><strong><em>αὐτὸς</em></strong></span> <span class='ocrx_word' id='word_1_171' title='bbox 1406 2873 1546 2951; x_wconf 75' lang='grc' dir='ltr'><strong><em>ἐπηρώτα</em></strong></span> <span class='ocrx_word' id='word_1_172' title='bbox 1570 2871 1701 2942; x_wconf 78' lang='grc' dir='ltr'><strong><em>αὐτοὺς·</em></strong></span> <span class='ocrx_word' id='word_1_173' title='bbox 1723 2871 1811 2945; x_wconf 80' lang='grc' dir='ltr'><strong><em>ὑμεῖς</em></strong></span> <span class='ocrx_word' id='word_1_174' title='bbox 1831 2871 1863 2933; x_wconf 83' lang='grc' dir='ltr'><strong><em>δέ</em></strong></span> <span class='ocrx_word' id='word_1_175' title='bbox 1882 2871 1953 2934; x_wconf 77' lang='grc' dir='ltr'><strong><em>τίνα</em></strong></span> 
     </span>
     <span class='ocr_line' id='line_1_20' title="bbox 764 2974 1952 3063; baseline -0.004 -21"><span class='ocrx_word' id='word_1_176' title='bbox 764 3003 806 3053; x_wconf 82' lang='grc' dir='ltr'><strong>με</strong></span> <span class='ocrx_word' id='word_1_177' title='bbox 833 2979 947 3055; x_wconf 76' lang='grc' dir='ltr'><strong><em>λέγετε</em></strong></span> <span class='ocrx_word' id='word_1_178' title='bbox 971 2974 1064 3056; x_wconf 82' lang='grc' dir='ltr'><strong><em>εἶναι;</em></strong></span> <span class='ocrx_word' id='word_1_179' title='bbox 1096 2977 1168 3041; x_wconf 90' lang='lat' dir='ltr'><strong>Non</strong></span> <span class='ocrx_word' id='word_1_180' title='bbox 1191 2998 1243 3042; x_wconf 89' lang='lat' dir='ltr'><strong>me</strong></span> <span class='ocrx_word' id='word_1_181' title='bbox 1267 2977 1354 3063; x_wconf 83' lang='lat' dir='ltr'><strong>fugit</strong></span> <span class='ocrx_word' id='word_1_182' title='bbox 1377 2998 1440 3062; x_wconf 91' lang='lat' dir='ltr'><strong>quo</strong></span> <span class='ocrx_word' id='word_1_183' title='bbox 1464 2997 1558 3042; x_wconf 87' lang='lat' dir='ltr'><strong>sensu</strong></span> <span class='ocrx_word' id='word_1_184' title='bbox 1582 2979 1612 3038; x_wconf 83' lang='grc' dir='ltr'><strong><em>ἐν</em></strong></span> <span class='ocrx_word' id='word_1_185' title='bbox 1637 2986 1674 3056; x_wconf 70' lang='grc' dir='ltr'><strong><em>τῇ</em></strong></span> <span class='ocrx_word' id='word_1_186' title='bbox 1700 2986 1780 3056; x_wconf 70' lang='grc' dir='ltr'><strong><em>κοινῇ</em></strong></span> <span class='ocrx_word' id='word_1_187' title='bbox 1804 2976 1952 3054; x_wconf 73' lang='grc' dir='ltr'><strong>διαλέκτῳ</strong></span> 
     </span>
     <span class='ocr_line' id='line_1_21' title="bbox 763 3080 1954 3169; baseline -0.003 -21"><span class='ocrx_word' id='word_1_188' title='bbox 763 3083 933 3169; x_wconf 76' lang='lat' dir='ltr'><strong>aliquando</strong></span> <span class='ocrx_word' id='word_1_189' title='bbox 957 3090 1131 3168; x_wconf 84' lang='lat' dir='ltr'><strong>usurpetur</strong></span> <span class='ocrx_word' id='word_1_190' title='bbox 1152 3085 1257 3154; x_wconf 80' lang='grc' dir='ltr'><strong><em>αὐτὸι.</em></strong></span> <span class='ocrx_word' id='word_1_191' title='bbox 1281 3080 1330 3148; x_wconf 84' lang='lat' dir='ltr'><strong>cf.</strong></span> <span class='ocrx_word' id='word_1_192' title='bbox 1354 3106 1387 3147; x_wconf 82' lang='lat' dir='ltr'><strong>v.</strong></span> <span class='ocrx_word' id='word_1_193' title='bbox 1407 3105 1434 3147; x_wconf 85' lang='lat' dir='ltr'><strong>e.</strong></span> <span class='ocrx_word' id='word_1_194' title='bbox 1459 3087 1525 3146; x_wconf 83' lang='grc' dir='ltr'><strong>Αοὸ.</strong></span> <span class='ocrx_word' id='word_1_195' title='bbox 1550 3087 1653 3164; x_wconf 77' lang='lat' dir='ltr'><strong>Apoet.</strong></span> <span class='ocrx_word' id='word_1_196' title='bbox 1673 3081 1816 3158; x_wconf 76' lang='lat'>111210;</span> <span class='ocrx_word' id='word_1_197' title='bbox 1841 3103 1954 3147; x_wconf 82' lang='lat' dir='ltr'><strong>rerum</strong></span> 
     </span>
     <span class='ocr_line' id='line_1_22' title="bbox 764 3188 1951 3270; baseline -0.001 -18"><span class='ocrx_word' id='word_1_198' title='bbox 764 3190 887 3260; x_wconf 77' lang='grc' dir='ltr'><strong><em>αὐτὸς</em></strong></span> <span class='ocrx_word' id='word_1_199' title='bbox 912 3190 1051 3266; x_wconf 85' lang='grc' dir='ltr'><strong><em>ἐπηρώτα</em></strong></span> <span class='ocrx_word' id='word_1_200' title='bbox 1074 3191 1188 3259; x_wconf 79' lang='grc' dir='ltr'><strong><em>αὐτούς</em></strong></span> <span class='ocrx_word' id='word_1_201' title='bbox 1209 3227 1251 3237; x_wconf 96' lang='grc'>-</span> <span class='ocrx_word' id='word_1_202' title='bbox 1271 3196 1416 3254; x_wconf 80' lang='lat' dir='ltr'><strong>vertunt:</strong></span> <span class='ocrx_word' id='word_1_203' title='bbox 1438 3190 1525 3270; x_wconf 75' lang='lat' dir='ltr'><strong>ipse</strong></span> <span class='ocrx_word' id='word_1_204' title='bbox 1547 3188 1743 3268; x_wconf 76' lang='grc' dir='ltr'><strong><em>ν’νὸστνοραοίὁ</em></strong></span> <span class='ocrx_word' id='word_1_205' title='bbox 1765 3209 1832 3252; x_wconf 84' lang='lat' dir='ltr'><strong>eos</strong></span> <span class='ocrx_word' id='word_1_206' title='bbox 1854 3224 1896 3234; x_wconf 89' lang='lat'>-</span> <span class='ocrx_word' id='word_1_207' title='bbox 1917 3190 1951 3251; x_wconf 89' lang='lat' dir='ltr'><strong>in</strong></span> 
     </span>
     <span class='ocr_line' id='line_1_23' title="bbox 764 3292 1952 3359; baseline 0.001 -3"><span class='ocrx_word' id='word_1_208' title='bbox 764 3294 823 3358; x_wconf 89' lang='lat' dir='ltr'><strong>hoe</strong></span> <span class='ocrx_word' id='word_1_209' title='bbox 854 3302 940 3359; x_wconf 83' lang='lat' dir='ltr'><strong>oerte</strong></span> <span class='ocrx_word' id='word_1_210' title='bbox 964 3297 1117 3359; x_wconf 81' lang='lat' dir='ltr'><strong>orationis</strong></span> <span class='ocrx_word' id='word_1_211' title='bbox 1140 3301 1293 3359; x_wconf 83' lang='lat' dir='ltr'><strong>contextu</strong></span> <span class='ocrx_word' id='word_1_212' title='bbox 1316 3294 1488 3358; x_wconf 83' lang='lat' dir='ltr'><strong>absurdum</strong></span> <span class='ocrx_word' id='word_1_213' title='bbox 1513 3300 1570 3357; x_wconf 79' lang='lat' dir='ltr'><strong>est.</strong></span> <span class='ocrx_word' id='word_1_214' title='bbox 1594 3293 1759 3358; x_wconf 77' lang='lat' dir='ltr'><strong>Sententia</strong></span> <span class='ocrx_word' id='word_1_215' title='bbox 1782 3295 1873 3357; x_wconf 86' lang='lat' dir='ltr'><strong>enixe</strong></span> <span class='ocrx_word' id='word_1_216' title='bbox 1897 3292 1952 3357; x_wconf 87' lang='lat' dir='ltr'><strong>fle-</strong></span> 
     </span>
     <span class='ocr_line' id='line_1_24' title="bbox 763 3396 1161 3484; baseline 0.005 -23"><span class='ocrx_word' id='word_1_217' title='bbox 763 3402 866 3484; x_wconf 78' lang='lat' dir='ltr'><strong>gitet:</strong></span> <span class='ocrx_word' id='word_1_218' title='bbox 891 3396 1022 3477; x_wconf 73' lang='grc' dir='ltr'><strong><em>αὖθις,</em></strong></span> <span class='ocrx_word' id='word_1_219' title='bbox 1046 3423 1161 3463; x_wconf 73' lang='lat' dir='ltr'><strong>rursus.</strong></span> 
     </span>
    </p>

    <p class='ocr_par' dir='ltr' id='par_1_5' title="bbox 761 3502 1954 3887">
     <span class='ocr_line' id='line_1_25' title="bbox 809 3502 1954 3588; baseline -0.002 -20"><span class='ocrx_word' id='word_1_220' title='bbox 809 3505 903 3588; x_wconf 86' lang='lat' dir='ltr'><strong>Apud</strong></span> <span class='ocrx_word' id='word_1_221' title='bbox 934 3506 1071 3569; x_wconf 89' lang='lat' dir='ltr'><strong>eundem</strong></span> <span class='ocrx_word' id='word_1_222' title='bbox 1102 3504 1225 3569; x_wconf 73' lang='lat' dir='ltr'><strong>Xlzdl</strong></span> <span class='ocrx_word' id='word_1_223' title='bbox 1248 3526 1313 3588; x_wconf 86' lang='lat' dir='ltr'><strong>seq.</strong></span> <span class='ocrx_word' id='word_1_224' title='bbox 1341 3506 1409 3584; x_wconf 79' lang='grc' dir='ltr'><strong>(καὶ</strong></span> <span class='ocrx_word' id='word_1_225' title='bbox 1433 3503 1633 3581; x_wconf 69' lang='grc' dir='ltr'><strong><em>διελογίζοντο</em></strong></span> <span class='ocrx_word' id='word_1_226' title='bbox 1657 3504 1731 3583; x_wconf 77' lang='grc' dir='ltr'><strong><em>πρὸς</em></strong></span> <span class='ocrx_word' id='word_1_227' title='bbox 1753 3502 1879 3574; x_wconf 81' lang='grc' dir='ltr'><strong><em>ἑαυτοὺς</em></strong></span> <span class='ocrx_word' id='word_1_228' title='bbox 1904 3503 1954 3566; x_wconf 88' lang='grc' dir='ltr'><strong>λέ-</strong></span> 
     </span>
     <span class='ocr_line' id='line_1_26' title="bbox 763 3607 1951 3687; baseline -0.002 -14"><span class='ocrx_word' id='word_1_229' title='bbox 763 3633 889 3686; x_wconf 74' lang='grc' dir='ltr'><strong><em>γοντες·</em></strong></span> <span class='ocrx_word' id='word_1_230' title='bbox 926 3612 980 3673; x_wconf 84' lang='grc' dir='ltr'><strong><em>ε’άν</em></strong></span> <span class='ocrx_word' id='word_1_231' title='bbox 1011 3611 1146 3684; x_wconf 75' lang='grc' dir='ltr'><strong><em>εἴπαμεν</em></strong></span> <span class='ocrx_word' id='word_1_232' title='bbox 1178 3611 1212 3686; x_wconf 75' lang='grc' dir='ltr'><strong>ἐξ</strong></span> <span class='ocrx_word' id='word_1_233' title='bbox 1242 3613 1385 3687; x_wconf 80' lang='grc' dir='ltr'><strong><em>οὐρανοῦ,</em></strong></span> <span class='ocrx_word' id='word_1_234' title='bbox 1416 3611 1491 3687; x_wconf 84' lang='grc' dir='ltr'><strong><em>ἐρεῖ·</em></strong></span> <span class='ocrx_word' id='word_1_235' title='bbox 1524 3609 1574 3673; x_wconf 84' lang='grc' dir='ltr'><strong>διά</strong></span> <span class='ocrx_word' id='word_1_236' title='bbox 1606 3612 1637 3671; x_wconf 80' lang='grc' dir='ltr'><strong>σι’</strong></span> <span class='ocrx_word' id='word_1_237' title='bbox 1667 3611 1721 3672; x_wconf 80' lang='grc' dir='ltr'><strong><em>οὖν</em></strong></span> <span class='ocrx_word' id='word_1_238' title='bbox 1745 3607 1951 3672; x_wconf 79' lang='grc' dir='ltr'><strong><em>ἐπιστεύσατε</em></strong></span> 
     </span>
     <span class='ocr_line' id='line_1_27' title="bbox 763 3714 1952 3794; baseline -0.003 -16"><span class='ocrx_word' id='word_1_239' title='bbox 763 3717 865 3790; x_wconf 53' lang='lat' dir='ltr'><strong>adrem</strong></span> <span class='ocrx_word' id='word_1_240' title='bbox 902 3716 978 3778; x_wconf 79' lang='grc' dir='ltr'><strong>άλλ’</strong></span> <span class='ocrx_word' id='word_1_241' title='bbox 1007 3716 1027 3754; x_wconf 59' lang='lat'><strong><em>³</em></strong></span> <span class='ocrx_word' id='word_1_242' title='bbox 1055 3715 1206 3789; x_wconf 77' lang='grc' dir='ltr'><strong><em>εἴπαμεν·</em></strong></span> <span class='ocrx_word' id='word_1_243' title='bbox 1244 3717 1277 3792; x_wconf 76' lang='grc' dir='ltr'><strong>ἐξ</strong></span> <span class='ocrx_word' id='word_1_244' title='bbox 1312 3718 1470 3794; x_wconf 81' lang='grc' dir='ltr'><strong><em>άνὸρώπιιν</em></strong></span> <span class='ocrx_word' id='word_1_245' title='bbox 1503 3753 1543 3764; x_wconf 91' lang='grc'>-</span> <span class='ocrx_word' id='word_1_246' title='bbox 1578 3714 1748 3792; x_wconf 72' lang='grc' dir='ltr'><strong><em>ἐφοβοῦντο</em></strong></span> <span class='ocrx_word' id='word_1_247' title='bbox 1778 3716 1829 3778; x_wconf 87' lang='grc' dir='ltr'><strong><em>τὸν</em></strong></span> <span class='ocrx_word' id='word_1_248' title='bbox 1864 3714 1952 3792; x_wconf 82' lang='grc' dir='ltr'><strong><em>λαὸν)</em></strong></span> 
     </span>
     <span class='ocr_line' id='line_1_28' title="bbox 761 3818 1950 3887; baseline 0.001 -4"><span class='ocrx_word' id='word_1_249' title='bbox 761 3818 832 3884; x_wconf 83' lang='grc' dir='ltr'><strong><em>1ιιοο</em></strong></span> <span class='ocrx_word' id='word_1_250' title='bbox 867 3818 984 3884; x_wconf 79' lang='lat' dir='ltr'><strong>elarius</strong></span> <span class='ocrx_word' id='word_1_251' title='bbox 1022 3830 1070 3885; x_wconf 89' lang='lat' dir='ltr'><strong>est</strong></span> <span class='ocrx_word' id='word_1_252' title='bbox 1108 3843 1182 3885; x_wconf 88' lang='lat' dir='ltr'><strong>oum</strong></span> <span class='ocrx_word' id='word_1_253' title='bbox 1215 3822 1406 3887; x_wconf 85' lang='lat' dir='ltr'><strong>minusculis</strong></span> <span class='ocrx_word' id='word_1_254' title='bbox 1437 3820 1599 3886; x_wconf 88' lang='lat' dir='ltr'><strong>nonnullis</strong></span> <span class='ocrx_word' id='word_1_255' title='bbox 1629 3821 1833 3885; x_wconf 80' lang='lat' dir='ltr'><strong>inserendum</strong></span> <span class='ocrx_word' id='word_1_256' title='bbox 1864 3838 1950 3884; x_wconf 90' lang='lat' dir='ltr'><strong>esse:</strong></span> 
     </span>
    </p>
   </div>
   <div class='ocr_carea' id='block_1_4' title="bbox 646 3926 1870 4011">
    <p class='ocr_par' dir='ltr' id='par_1_6' title="bbox 646 3926 1870 4011">
     <span class='ocr_line' id='line_1_29' title="bbox 646 3926 1870 4011; baseline 0.001 -23"><span class='ocrx_word' id='word_1_257' title='bbox 646 3973 655 3988; x_wconf 85' lang='grc'><strong><em>.</em></strong></span> <span class='ocrx_word' id='word_1_258' title='bbox 762 3927 838 3989; x_wconf 74' lang='grc' dir='ltr'><strong><em>ὁλλ·</em></strong></span> <span class='ocrx_word' id='word_1_259' title='bbox 861 3927 979 4001; x_wconf 77' lang='grc' dir='ltr'><strong><em>(ἐὰν)</em></strong></span> <span class='ocrx_word' id='word_1_260' title='bbox 1004 3926 1138 3998; x_wconf 78' lang='grc' dir='ltr'><strong><em>εἴπομεν</em></strong></span> <span class='ocrx_word' id='word_1_261' title='bbox 1162 3927 1258 4011; x_wconf 89' lang='lat' dir='ltr'><strong>idque</strong></span> <span class='ocrx_word' id='word_1_262' title='bbox 1280 3932 1380 3992; x_wconf 90' lang='lat' dir='ltr'><strong>miror</strong></span> <span class='ocrx_word' id='word_1_263' title='bbox 1404 3926 1586 3992; x_wconf 85' lang='lat' dir='ltr'><strong>Belionium</strong></span> <span class='ocrx_word' id='word_1_264' title='bbox 1609 3929 1870 4011; x_wconf 81' lang='lat' dir='ltr'><strong>praetermisisse.</strong></span> 
     </span>
    </p>
   </div>
   <div class='ocr_carea' id='block_1_5' title="bbox 761 4031 1949 4640">
    <p class='ocr_par' dir='ltr' id='par_1_7' title="bbox 761 4031 1949 4640">
     <span class='ocr_line' id='line_1_30' title="bbox 807 4031 1948 4117; baseline -0.002 -22"><span class='ocrx_word' id='word_1_265' title='bbox 807 4031 844 4095; x_wconf 91' lang='lat' dir='ltr'><strong>In</strong></span> <span class='ocrx_word' id='word_1_266' title='bbox 874 4031 933 4096; x_wconf 76' lang='lat' dir='ltr'><strong>Ev.</strong></span> <span class='ocrx_word' id='word_1_267' title='bbox 966 4053 1027 4096; x_wconf 85' lang='lat' dir='ltr'><strong>seo.</strong></span> <span class='ocrx_word' id='word_1_268' title='bbox 1059 4033 1246 4095; x_wconf 76' lang='grc' dir='ltr'><strong><em>Μαὸὁάαενινι</em></strong></span> <span class='ocrx_word' id='word_1_269' title='bbox 1276 4031 1391 4096; x_wconf 80' lang='lat' dir='ltr'>V11:9</span> <span class='ocrx_word' id='word_1_270' title='bbox 1414 4054 1479 4117; x_wconf 84' lang='lat' dir='ltr'><strong>seq.</strong></span> <span class='ocrx_word' id='word_1_271' title='bbox 1511 4032 1634 4097; x_wconf 82' lang='lat' dir='ltr'><strong>editur:</strong></span> <span class='ocrx_word' id='word_1_272' title='bbox 1672 4032 1689 4105; x_wconf 80' lang='grc' dir='ltr'><strong><em>ἥ</em></strong></span> <span class='ocrx_word' id='word_1_273' title='bbox 1721 4056 1769 4103; x_wconf 84' lang='grc' dir='ltr'><strong><em>τις</em></strong></span> <span class='ocrx_word' id='word_1_274' title='bbox 1801 4032 1836 4108; x_wconf 80' lang='grc' dir='ltr'><strong>ἐξ</strong></span> <span class='ocrx_word' id='word_1_275' title='bbox 1866 4031 1948 4108; x_wconf 79' lang='grc' dir='ltr'><strong><em>ὑμῶν</em></strong></span> 
     </span>
     <span class='ocr_line' id='line_1_31' title="bbox 761 4134 1946 4216; baseline -0.002 -16"><span class='ocrx_word' id='word_1_276' title='bbox 761 4136 933 4215; x_wconf 77' lang='grc' dir='ltr'><strong><em>άνὸραπος,</em></strong></span> <span class='ocrx_word' id='word_1_277' title='bbox 957 4134 989 4200; x_wconf 84' lang='grc' dir='ltr'><strong><em>ὁν</em></strong></span> <span class='ocrx_word' id='word_1_278' title='bbox 1013 4137 1133 4211; x_wconf 71' lang='grc' dir='ltr'><strong><em>αἰτήσει</em></strong></span> <span class='ocrx_word' id='word_1_279' title='bbox 1159 4138 1173 4199; x_wconf 88' lang='grc' dir='ltr'><strong><em>ὁ</em></strong></span> <span class='ocrx_word' id='word_1_280' title='bbox 1197 4137 1260 4208; x_wconf 67' lang='lat' dir='ltr'><strong>vido</strong></span> <span class='ocrx_word' id='word_1_281' title='bbox 1283 4141 1379 4202; x_wconf 78' lang='grc' dir='ltr'><strong><em>αὐτοῦ</em></strong></span> <span class='ocrx_word' id='word_1_282' title='bbox 1402 4138 1502 4216; x_wconf 83' lang='grc' dir='ltr'><strong><em>άρτιν,</em></strong></span> <span class='ocrx_word' id='word_1_283' title='bbox 1523 4142 1567 4212; x_wconf 76' lang='grc' dir='ltr'><strong>μη</strong></span> <span class='ocrx_word' id='word_1_284' title='bbox 1589 4140 1669 4201; x_wconf 85' lang='grc' dir='ltr'><strong><em>λίὸιν</em></strong></span> <span class='ocrx_word' id='word_1_285' title='bbox 1688 4137 1825 4201; x_wconf 73' lang='grc' dir='ltr'><strong><em>ἐπιδώσει</em></strong></span> <span class='ocrx_word' id='word_1_286' title='bbox 1846 4138 1946 4214; x_wconf 55' lang='lat' dir='ltr'><strong>odedu</strong></span> 
     </span>
     <span class='ocr_line' id='line_1_32' title="bbox 763 4242 1949 4327; baseline -0.002 -20"><span class='ocrx_word' id='word_1_287' title='bbox 763 4244 780 4307; x_wconf 75' lang='lat' dir='ltr'><strong>ti</strong></span> <span class='ocrx_word' id='word_1_288' title='bbox 816 4243 868 4305; x_wconf 79' lang='grc' dir='ltr'><strong>ιιαὸ</strong></span> <span class='ocrx_word' id='word_1_289' title='bbox 893 4243 913 4281; x_wconf 59' lang='lat'><strong><em>³</em></strong></span> <span class='ocrx_word' id='word_1_290' title='bbox 937 4243 1025 4320; x_wconf 79' lang='grc' dir='ltr'><strong><em>ὁχὸὺν</em></strong></span> <span class='ocrx_word' id='word_1_291' title='bbox 1061 4243 1202 4316; x_wconf 70' lang='grc' dir='ltr'><strong><em>αἰτήσει,</em></strong></span> <span class='ocrx_word' id='word_1_292' title='bbox 1239 4245 1283 4315; x_wconf 76' lang='grc' dir='ltr'><strong>μη</strong></span> <span class='ocrx_word' id='word_1_293' title='bbox 1315 4242 1384 4320; x_wconf 78' lang='grc' dir='ltr'><strong><em>ὁφιν</em></strong></span> <span class='ocrx_word' id='word_1_294' title='bbox 1416 4242 1553 4306; x_wconf 75' lang='grc' dir='ltr'><strong><em>ἐπιδώσει</em></strong></span> <span class='ocrx_word' id='word_1_295' title='bbox 1586 4244 1687 4319; x_wconf 75' lang='grc' dir='ltr'><strong><em>αώτῷ;</em></strong></span> <span class='ocrx_word' id='word_1_296' title='bbox 1724 4242 1779 4307; x_wconf 85' lang='lat' dir='ltr'><strong>sed</strong></span> <span class='ocrx_word' id='word_1_297' title='bbox 1813 4246 1949 4327; x_wconf 80' lang='lat' dir='ltr'><strong>scriptor</strong></span> 
     </span>
     <span class='ocr_line' id='line_1_33' title="bbox 761 4345 1948 4430; baseline 0.001 -21"><span class='ocrx_word' id='word_1_298' title='bbox 761 4347 872 4430; x_wconf 79' lang='lat' dir='ltr'><strong>procul</strong></span> <span class='ocrx_word' id='word_1_299' title='bbox 894 4346 992 4411; x_wconf 90' lang='lat' dir='ltr'><strong>dubio</strong></span> <span class='ocrx_word' id='word_1_300' title='bbox 1015 4346 1161 4410; x_wconf 85' lang='lat' dir='ltr'><strong>dederet:</strong></span> <span class='ocrx_word' id='word_1_301' title='bbox 1186 4347 1203 4419; x_wconf 75' lang='grc' dir='ltr'>ἢ</span> <span class='ocrx_word' id='word_1_302' title='bbox 1229 4349 1281 4409; x_wconf 73' lang='lat' dir='ltr'><strong>mi</strong></span> <span class='ocrx_word' id='word_1_303' title='bbox 1304 4348 1386 4422; x_wconf 84' lang='grc' dir='ltr'><strong>&lt;εὸ&gt;</strong></span> <span class='ocrx_word' id='word_1_304' title='bbox 1407 4348 1496 4424; x_wconf 68' lang='lat' dir='ltr'><strong>ixdie</strong></span> <span class='ocrx_word' id='word_1_305' title='bbox 1516 4348 1647 4417; x_wconf 73' lang='grc' dir='ltr'><strong><em>αἰτήσει.</em></strong></span> <span class='ocrx_word' id='word_1_306' title='bbox 1668 4345 1819 4412; x_wconf 84' lang='lat' dir='ltr'><strong>Ceterum</strong></span> <span class='ocrx_word' id='word_1_307' title='bbox 1837 4346 1948 4411; x_wconf 81' lang='lat' dir='ltr'><strong>eedem</strong></span> 
     </span>
     <span class='ocr_line' id='line_1_34' title="bbox 761 4449 1949 4537; baseline 0.003 -25"><span class='ocrx_word' id='word_1_308' title='bbox 761 4450 920 4514; x_wconf 81' lang='lat' dir='ltr'><strong>medicine</strong></span> <span class='ocrx_word' id='word_1_309' title='bbox 942 4451 1099 4515; x_wconf 76' lang='lat' dir='ltr'><strong>sanandus</strong></span> <span class='ocrx_word' id='word_1_310' title='bbox 1122 4458 1171 4515; x_wconf 87' lang='lat' dir='ltr'><strong>est</strong></span> <span class='ocrx_word' id='word_1_311' title='bbox 1192 4449 1282 4514; x_wconf 87' lang='lat' dir='ltr'><strong>locus</strong></span> <span class='ocrx_word' id='word_1_312' title='bbox 1301 4450 1475 4534; x_wconf 77' lang='lat' dir='ltr'><strong>parallelus</strong></span> <span class='ocrx_word' id='word_1_313' title='bbox 1493 4453 1566 4515; x_wconf 84' lang='grc' dir='ltr'><strong><em>Ιινο.</em></strong></span> <span class='ocrx_word' id='word_1_314' title='bbox 1588 4452 1656 4515; x_wconf 90' lang='lat' dir='ltr'><strong>XI:</strong></span> <span class='ocrx_word' id='word_1_315' title='bbox 1673 4452 1711 4516; x_wconf 97' lang='lat' dir='ltr'><strong>ll</strong></span> <span class='ocrx_word' id='word_1_316' title='bbox 1725 4473 1790 4537; x_wconf 88' lang='lat' dir='ltr'><strong>seq.</strong></span> <span class='ocrx_word' id='word_1_317' title='bbox 1809 4455 1844 4516; x_wconf 93' lang='lat' dir='ltr'><strong>in</strong></span> <span class='ocrx_word' id='word_1_318' title='bbox 1864 4453 1949 4516; x_wconf 86' lang='lat' dir='ltr'><strong>huno</strong></span> 
     </span>
     <span class='ocr_line' id='line_1_35' title="bbox 761 4554 1949 4640; baseline 0.003 -24"><span class='ocrx_word' id='word_1_319' title='bbox 761 4554 913 4618; x_wconf 89' lang='lat' dir='ltr'><strong>modum:</strong></span> <span class='ocrx_word' id='word_1_320' title='bbox 945 4560 1015 4619; x_wconf 84' lang='grc' dir='ltr'><strong><em>τὸνα</em></strong></span> <span class='ocrx_word' id='word_1_321' title='bbox 1046 4557 1077 4621; x_wconf 85' lang='grc' dir='ltr'><strong><em>δέ</em></strong></span> <span class='ocrx_word' id='word_1_322' title='bbox 1109 4555 1143 4630; x_wconf 78' lang='grc' dir='ltr'><strong>ἐξ</strong></span> <span class='ocrx_word' id='word_1_323' title='bbox 1174 4558 1256 4631; x_wconf 85' lang='grc' dir='ltr'><strong><em>ώμών</em></strong></span> <span class='ocrx_word' id='word_1_324' title='bbox 1287 4559 1368 4637; x_wconf 84' lang='grc' dir='ltr'><strong><em>[τὸν</em></strong></span> <span class='ocrx_word' id='word_1_325' title='bbox 1399 4557 1571 4640; x_wconf 88' lang='grc' dir='ltr'><strong><em>πατέρα]</em></strong></span> <span class='ocrx_word' id='word_1_326' title='bbox 1597 4560 1680 4635; x_wconf 82' lang='grc' dir='ltr'><strong>&lt;εὸ&gt;</strong></span> <span class='ocrx_word' id='word_1_327' title='bbox 1705 4559 1825 4631; x_wconf 75' lang='grc' dir='ltr'><strong><em>αἰτήσει</em></strong></span> <span class='ocrx_word' id='word_1_328' title='bbox 1848 4558 1862 4621; x_wconf 92' lang='grc' dir='ltr'><strong><em>ὁ</em></strong></span> <span class='ocrx_word' id='word_1_329' title='bbox 1886 4558 1949 4629; x_wconf 63' lang='lat' dir='ltr'><strong>vids</strong></span> 
     </span>
    </p>
   </div>
   <div class='ocr_carea' id='block_1_6' title="bbox 794 4808 1057 4949">
    <p class='ocr_par' dir='ltr' id='par_1_8' title="bbox 794 4808 1057 4949">
     <span class='ocr_line' id='line_1_36' title="bbox 796 4808 1002 4869; baseline 0.015 -13"><span class='ocrx_word' id='word_1_330' title='bbox 796 4810 822 4869; x_wconf 93' lang='lat' dir='ltr'><strong>l)</strong></span> <span class='ocrx_word' id='word_1_331' title='bbox 840 4808 918 4869; x_wconf 70' lang='grc' dir='ltr'><strong><em>ιιὸιαην</em></strong></span> <span class='ocrx_word' id='word_1_332' title='bbox 935 4810 1002 4859; x_wconf 86' lang='lat' dir='ltr'><strong>eodd.</strong></span> 
     </span>
     <span class='ocr_line' id='line_1_37' title="bbox 794 4889 1057 4949; baseline 0.008 -13"><span class='ocrx_word' id='word_1_333' title='bbox 794 4891 822 4947; x_wconf 66' lang='grc' dir='ltr'><strong>ὁ)</strong></span> <span class='ocrx_word' id='word_1_334' title='bbox 840 4889 973 4949; x_wconf 68' lang='grc' dir='ltr'><strong><em>ἀναβαίνει</em></strong></span> <span class='ocrx_word' id='word_1_335' title='bbox 990 4892 1057 4939; x_wconf 85' lang='lat' dir='ltr'><strong>eodd.</strong></span> 
     </span>
    </p>
   </div>
   <div class='ocr_carea' id='block_1_7' title="bbox 0 0 2568 6150">
    <p class='ocr_par' dir='ltr' id='par_1_9' title="bbox 0 0 2568 6150">
     <span class='ocr_line' id='line_1_38' title="bbox 0 0 2568 6150; baseline 0 0"><span class='ocrx_word' id='word_1_336' title='bbox 0 0 2568 6150; x_wconf 95' lang='lat' dir='ltr'><strong> </strong></span> 
     </span>
    </p>
   </div>
  </div>
 </body>
</html>
