<?xml version="1.0" encoding="UTF-8"?>
<!DOCTYPE html PUBLIC "-//W3C//DTD XHTML 1.0 Transitional//EN"
    "http://www.w3.org/TR/xhtml1/DTD/xhtml1-transitional.dtd">
<html xmlns="http://www.w3.org/1999/xhtml" xml:lang="en" lang="en">
 <head>
  <title>
</title>
<meta http-equiv="Content-Type" content="text/html;charset=utf-8" />
  <meta name='ocr-system' content='tesseract 3.04.00' />
  <meta name='ocr-capabilities' content='ocr_page ocr_carea ocr_par ocr_line ocrx_word'/>
</head>
<body>
  <div class='ocr_page' id='page_1' title='image "./mnemosyne04verdgoog_0879.png"; bbox 0 0 5125 6150; ppageno 0'>
   <div class='ocr_carea' id='block_1_1' title="bbox 837 1246 1731 1338">
    <p class='ocr_par' dir='ltr' id='par_1_1' title="bbox 837 1246 1731 1338">
     <span class='ocr_line' id='line_1_1' title="bbox 837 1246 1731 1338; baseline 0.001 -1"><span class='ocrx_word' id='word_1_1' title='bbox 837 1248 911 1338; x_wconf 86' lang='lat' dir='ltr'>All</span> <span class='ocrx_word' id='word_1_2' title='bbox 940 1246 1166 1338; x_wconf 80' lang='lat' dir='ltr'>CATULLI</span> <span class='ocrx_word' id='word_1_3' title='bbox 1196 1248 1414 1338; x_wconf 82' lang='lat' dir='ltr'>CARMEN</span> <span class='ocrx_word' id='word_1_4' title='bbox 1444 1247 1731 1338; x_wconf 85' lang='lat' dir='ltr'>XXXXVIIII.</span> 
     </span>
    </p>
   </div>
   <div class='ocr_carea' id='block_1_2' title="bbox 1229 1469 1353 1510">
    <p class='ocr_par' dir='ltr' id='par_1_2' title="bbox 1229 1469 1353 1510">
     <span class='ocr_line' id='line_1_2' title="bbox 1229 1469 1353 1510; baseline -0.008 0"><span class='ocrx_word' id='word_1_5' title='bbox 1229 1469 1353 1510; x_wconf 77' lang='lat' dir='ltr'>SCRlPSl&#39;l&#39;</span> 
     </span>
    </p>
   </div>
   <div class='ocr_carea' id='block_1_3' title="bbox 1104 1621 1469 1702">
    <p class='ocr_par' dir='ltr' id='par_1_3' title="bbox 1104 1621 1469 1702">
     <span class='ocr_line' id='line_1_3' title="bbox 1104 1621 1469 1702; baseline -0.003 -2"><span class='ocrx_word' id='word_1_6' title='bbox 1104 1636 1141 1701; x_wconf 83' lang='lat' dir='ltr'>P.</span> <span class='ocrx_word' id='word_1_7' title='bbox 1174 1636 1215 1700; x_wconf 82' lang='lat' dir='ltr'>u.</span> <span class='ocrx_word' id='word_1_8' title='bbox 1249 1621 1469 1702; x_wconf 77' lang='lat' dir='ltr'>nsusm.</span> 
     </span>
    </p>
   </div>
   <div class='ocr_carea' id='block_1_4' title="bbox 1195 1935 1382 1980">
    <p class='ocr_par' dir='ltr' id='par_1_4' title="bbox 1195 1935 1382 1980">
     <span class='ocr_line' id='line_1_4' title="bbox 1195 1935 1382 1980; baseline 0.005 -1"><span class='ocrx_word' id='word_1_9' title='bbox 1195 1935 1382 1980; x_wconf 57' lang='lat' dir='ltr'>-omw-</span> 
     </span>
    </p>
   </div>
   <div class='ocr_carea' id='block_1_5' title="bbox 683 2194 1878 4286">
    <p class='ocr_par' dir='ltr' id='par_1_5' title="bbox 915 2194 1484 2279">
     <span class='ocr_line' id='line_1_5' title="bbox 915 2194 1484 2279; baseline 0.004 -20"><span class='ocrx_word' id='word_1_10' title='bbox 915 2195 1131 2259; x_wconf 86' lang='lat' dir='ltr'>Disertissime</span> <span class='ocrx_word' id='word_1_11' title='bbox 1154 2194 1285 2259; x_wconf 89' lang='lat' dir='ltr'>Romuli</span> <span class='ocrx_word' id='word_1_12' title='bbox 1309 2204 1484 2279; x_wconf 80' lang='lat' dir='ltr'>nepotum,</span> 
     </span>
    </p>

    <p class='ocr_par' dir='ltr' id='par_1_6' title="bbox 915 2300 1651 2386">
     <span class='ocr_line' id='line_1_6' title="bbox 915 2300 1651 2386; baseline 0.003 -22"><span class='ocrx_word' id='word_1_13' title='bbox 915 2301 998 2380; x_wconf 82' lang='lat' dir='ltr'>Quot</span> <span class='ocrx_word' id='word_1_14' title='bbox 1022 2306 1098 2364; x_wconf 91' lang='lat' dir='ltr'>sunt</span> <span class='ocrx_word' id='word_1_15' title='bbox 1120 2305 1261 2386; x_wconf 81' lang='lat' dir='ltr'>quotque</span> <span class='ocrx_word' id='word_1_16' title='bbox 1286 2301 1390 2377; x_wconf 87' lang='lat' dir='ltr'>fuere,</span> <span class='ocrx_word' id='word_1_17' title='bbox 1414 2301 1523 2366; x_wconf 89' lang='lat' dir='ltr'>Marce</span> <span class='ocrx_word' id='word_1_18' title='bbox 1545 2300 1651 2379; x_wconf 79' lang='lat' dir='ltr'>Tulli,</span> 
     </span>
    </p>

    <p class='ocr_par' dir='ltr' id='par_1_7' title="bbox 915 2405 1563 2490">
     <span class='ocr_line' id='line_1_7' title="bbox 915 2405 1563 2490; baseline 0.002 -20"><span class='ocrx_word' id='word_1_19' title='bbox 915 2406 1062 2490; x_wconf 82' lang='lat' dir='ltr'>Quotque</span> <span class='ocrx_word' id='word_1_20' title='bbox 1085 2412 1158 2490; x_wconf 90' lang='lat' dir='ltr'>post</span> <span class='ocrx_word' id='word_1_21' title='bbox 1182 2405 1253 2470; x_wconf 87' lang='lat' dir='ltr'>eliis</span> <span class='ocrx_word' id='word_1_22' title='bbox 1277 2414 1373 2471; x_wconf 91' lang='lat' dir='ltr'>erunt</span> <span class='ocrx_word' id='word_1_23' title='bbox 1396 2408 1430 2470; x_wconf 89' lang='lat' dir='ltr'>in</span> <span class='ocrx_word' id='word_1_24' title='bbox 1453 2410 1563 2484; x_wconf 87' lang='lat' dir='ltr'>aunis,</span> 
     </span>
    </p>

    <p class='ocr_par' dir='ltr' id='par_1_8' title="bbox 914 2509 1476 2577">
     <span class='ocr_line' id='line_1_8' title="bbox 914 2509 1476 2577; baseline 0 -1"><span class='ocrx_word' id='word_1_25' title='bbox 914 2509 1041 2577; x_wconf 76' lang='lat' dir='ltr'>Gratias</span> <span class='ocrx_word' id='word_1_26' title='bbox 1066 2511 1124 2575; x_wconf 93' lang='lat' dir='ltr'>tibi</span> <span class='ocrx_word' id='word_1_27' title='bbox 1149 2514 1306 2575; x_wconf 81' lang='lat' dir='ltr'>maximas</span> <span class='ocrx_word' id='word_1_28' title='bbox 1329 2509 1476 2576; x_wconf 77' lang='lat' dir='ltr'>Catullus</span> 
     </span>
    </p>

    <p class='ocr_par' dir='ltr' id='par_1_9' title="bbox 913 2619 1478 2703">
     <span class='ocr_line' id='line_1_9' title="bbox 913 2619 1478 2703; baseline 0.004 -23"><span class='ocrx_word' id='word_1_29' title='bbox 913 2619 994 2703; x_wconf 87' lang='lat' dir='ltr'>Agit</span> <span class='ocrx_word' id='word_1_30' title='bbox 1017 2619 1173 2701; x_wconf 88' lang='lat' dir='ltr'>pessimus</span> <span class='ocrx_word' id='word_1_31' title='bbox 1197 2619 1343 2681; x_wconf 91' lang='lat' dir='ltr'>omnium</span> <span class='ocrx_word' id='word_1_32' title='bbox 1367 2624 1478 2701; x_wconf 83' lang='lat' dir='ltr'>poeta,</span> 
     </span>
    </p>

    <p class='ocr_par' dir='ltr' id='par_1_10' title="bbox 912 2722 1486 2807">
     <span class='ocr_line' id='line_1_10' title="bbox 912 2722 1486 2807; baseline 0 -20"><span class='ocrx_word' id='word_1_33' title='bbox 912 2722 1015 2787; x_wconf 81' lang='lat' dir='ltr'>Tanto</span> <span class='ocrx_word' id='word_1_34' title='bbox 1039 2725 1198 2807; x_wconf 87' lang='lat' dir='ltr'>pessimus</span> <span class='ocrx_word' id='word_1_35' title='bbox 1222 2725 1368 2787; x_wconf 91' lang='lat' dir='ltr'>omnium</span> <span class='ocrx_word' id='word_1_36' title='bbox 1392 2729 1486 2807; x_wconf 89' lang='lat' dir='ltr'>poeta</span> 
     </span>
    </p>

    <p class='ocr_par' dir='ltr' id='par_1_11' title="bbox 683 2827 1877 3528">
     <span class='ocr_line' id='line_1_11' title="bbox 914 2827 1619 2912; baseline 0 -20"><span class='ocrx_word' id='word_1_37' title='bbox 914 2827 1037 2906; x_wconf 79' lang='lat' dir='ltr'>Quanto</span> <span class='ocrx_word' id='word_1_38' title='bbox 1061 2834 1097 2891; x_wconf 91' lang='lat' dir='ltr'>tu</span> <span class='ocrx_word' id='word_1_39' title='bbox 1121 2830 1263 2912; x_wconf 91' lang='lat' dir='ltr'>optimus</span> <span class='ocrx_word' id='word_1_40' title='bbox 1288 2830 1433 2892; x_wconf 91' lang='lat' dir='ltr'>omnium</span> <span class='ocrx_word' id='word_1_41' title='bbox 1458 2833 1619 2912; x_wconf 90' lang='lat' dir='ltr'>patronus.</span> 
     </span>
     <span class='ocr_line' id='line_1_12' title="bbox 685 2932 1877 3019; baseline 0.001 -20"><span class='ocrx_word' id='word_1_42' title='bbox 685 2932 833 3000; x_wconf 78' lang='lat' dir='ltr'>Catullus</span> <span class='ocrx_word' id='word_1_43' title='bbox 856 2933 939 3019; x_wconf 93' lang='lat' dir='ltr'>quod</span> <span class='ocrx_word' id='word_1_44' title='bbox 964 2940 1001 2996; x_wconf 93' lang='lat' dir='ltr'>ut</span> <span class='ocrx_word' id='word_1_45' title='bbox 1024 2936 1057 2997; x_wconf 93' lang='lat' dir='ltr'>in</span> <span class='ocrx_word' id='word_1_46' title='bbox 1082 2954 1113 2997; x_wconf 90' lang='lat' dir='ltr'>re</span> <span class='ocrx_word' id='word_1_47' title='bbox 1138 2932 1283 2999; x_wconf 83' lang='lat' dir='ltr'>Ciceroni</span> <span class='ocrx_word' id='word_1_48' title='bbox 1308 2934 1385 2998; x_wconf 92' lang='lat' dir='ltr'>bene</span> <span class='ocrx_word' id='word_1_49' title='bbox 1408 2940 1482 2998; x_wconf 87' lang='lat' dir='ltr'>nota</span> <span class='ocrx_word' id='word_1_50' title='bbox 1502 2936 1671 2998; x_wconf 79' lang='lat' dir='ltr'>materiam</span> <span class='ocrx_word' id='word_1_51' title='bbox 1692 2936 1819 3018; x_wconf 83' lang='lat' dir='ltr'>ipsam,</span> <span class='ocrx_word' id='word_1_52' title='bbox 1840 2935 1877 3000; x_wconf 89' lang='lat' dir='ltr'>ad</span> 
     </span>
     <span class='ocr_line' id='line_1_13' title="bbox 685 3039 1877 3125; baseline 0 -20"><span class='ocrx_word' id='word_1_53' title='bbox 685 3059 782 3125; x_wconf 89' lang='lat' dir='ltr'>quam</span> <span class='ocrx_word' id='word_1_54' title='bbox 807 3041 943 3125; x_wconf 86' lang='lat' dir='ltr'>pertinet</span> <span class='ocrx_word' id='word_1_55' title='bbox 967 3039 1025 3103; x_wconf 94' lang='lat' dir='ltr'>hoc</span> <span class='ocrx_word' id='word_1_56' title='bbox 1049 3041 1248 3124; x_wconf 65' lang='lat' dir='ltr'>poematium</span> <span class='ocrx_word' id='word_1_57' title='bbox 1273 3060 1336 3104; x_wconf 90' lang='lat' dir='ltr'>non</span> <span class='ocrx_word' id='word_1_58' title='bbox 1360 3041 1486 3124; x_wconf 85' lang='lat' dir='ltr'>tetigit,</span> <span class='ocrx_word' id='word_1_59' title='bbox 1512 3039 1587 3103; x_wconf 91' lang='lat' dir='ltr'>hinc</span> <span class='ocrx_word' id='word_1_60' title='bbox 1609 3059 1667 3124; x_wconf 88' lang='lat' dir='ltr'>par</span> <span class='ocrx_word' id='word_1_61' title='bbox 1689 3046 1740 3104; x_wconf 88' lang='lat' dir='ltr'>est</span> <span class='ocrx_word' id='word_1_62' title='bbox 1760 3042 1877 3107; x_wconf 83' lang='lat' dir='ltr'>conisa·</span> 
     </span>
     <span class='ocr_line' id='line_1_14' title="bbox 683 3144 1876 3230; baseline 0.002 -21"><span class='ocrx_word' id='word_1_63' title='bbox 683 3155 830 3210; x_wconf 90' lang='lat' dir='ltr'>turarum</span> <span class='ocrx_word' id='word_1_64' title='bbox 855 3148 946 3230; x_wconf 81' lang='lat' dir='ltr'>quasi</span> <span class='ocrx_word' id='word_1_65' title='bbox 970 3145 1130 3230; x_wconf 88' lang='lat' dir='ltr'>quandam</span> <span class='ocrx_word' id='word_1_66' title='bbox 1155 3151 1297 3230; x_wconf 80' lang='lat' dir='ltr'>segetem</span> <span class='ocrx_word' id='word_1_67' title='bbox 1320 3144 1439 3210; x_wconf 87' lang='lat' dir='ltr'>laetam</span> <span class='ocrx_word' id='word_1_68' title='bbox 1459 3147 1652 3229; x_wconf 83' lang='lat' dir='ltr'>provenisse.</span> <span class='ocrx_word' id='word_1_69' title='bbox 1678 3145 1783 3211; x_wconf 84' lang='lat' dir='ltr'>Verba</span> <span class='ocrx_word' id='word_1_70' title='bbox 1803 3146 1876 3211; x_wconf 87' lang='lat' dir='ltr'>baec</span> 
     </span>
     <span class='ocr_line' id='line_1_15' title="bbox 683 3250 1877 3334; baseline 0.001 -20"><span class='ocrx_word' id='word_1_71' title='bbox 683 3251 867 3314; x_wconf 88' lang='lat' dir='ltr'>Baehrensii</span> <span class='ocrx_word' id='word_1_72' title='bbox 883 3250 906 3327; x_wconf 92' lang='lat'>¹)</span> <span class='ocrx_word' id='word_1_73' title='bbox 931 3255 1020 3325; x_wconf 87' lang='lat' dir='ltr'>sunt,</span> <span class='ocrx_word' id='word_1_74' title='bbox 1046 3252 1101 3334; x_wconf 92' lang='lat' dir='ltr'>qui</span> <span class='ocrx_word' id='word_1_75' title='bbox 1124 3252 1515 3314; x_wconf 83' lang='lat' dir='ltr'>ceterorum&#39;coniecturis</span> <span class='ocrx_word' id='word_1_76' title='bbox 1539 3253 1654 3315; x_wconf 85' lang='lat' dir='ltr'>acriter</span> <span class='ocrx_word' id='word_1_77' title='bbox 1677 3257 1710 3315; x_wconf 91' lang='lat' dir='ltr'>et</span> <span class='ocrx_word' id='word_1_78' title='bbox 1735 3274 1811 3316; x_wconf 91' lang='lat' dir='ltr'>cum</span> <span class='ocrx_word' id='word_1_79' title='bbox 1832 3254 1877 3315; x_wconf 90' lang='lat' dir='ltr'>in·</span> 
     </span>
     <span class='ocr_line' id='line_1_16' title="bbox 684 3355 1874 3441; baseline 0 -22"><span class='ocrx_word' id='word_1_80' title='bbox 684 3358 868 3441; x_wconf 80' lang='lat' dir='ltr'>dignatione</span> <span class='ocrx_word' id='word_1_81' title='bbox 903 3355 1041 3439; x_wconf 87' lang='lat' dir='ltr'>quadam</span> <span class='ocrx_word' id='word_1_82' title='bbox 1076 3358 1251 3439; x_wconf 81' lang='lat' dir='ltr'>perstrictis</span> <span class='ocrx_word' id='word_1_83' title='bbox 1285 3355 1387 3419; x_wconf 83' lang='lat' dir='ltr'>facere</span> <span class='ocrx_word' id='word_1_84' title='bbox 1422 3362 1529 3420; x_wconf 89' lang='lat' dir='ltr'>tamen</span> <span class='ocrx_word' id='word_1_85' title='bbox 1564 3377 1626 3421; x_wconf 90' lang='lat' dir='ltr'>nou</span> <span class='ocrx_word' id='word_1_86' title='bbox 1655 3360 1766 3439; x_wconf 90' lang='lat' dir='ltr'>potuit</span> <span class='ocrx_word' id='word_1_87' title='bbox 1798 3360 1874 3441; x_wconf 91' lang='lat' dir='ltr'>quin</span> 
     </span>
     <span class='ocr_line' id='line_1_17' title="bbox 684 3461 1815 3528; baseline 0.003 -3"><span class='ocrx_word' id='word_1_88' title='bbox 684 3461 800 3525; x_wconf 78' lang='lat' dir='ltr'>fidrrcia</span> <span class='ocrx_word' id='word_1_89' title='bbox 822 3483 949 3526; x_wconf 91' lang='lat' dir='ltr'>summa</span> <span class='ocrx_word' id='word_1_90' title='bbox 972 3482 1062 3526; x_wconf 88' lang='lat' dir='ltr'>suam</span> <span class='ocrx_word' id='word_1_91' title='bbox 1088 3465 1121 3525; x_wconf 91' lang='lat' dir='ltr'>in</span> <span class='ocrx_word' id='word_1_92' title='bbox 1145 3484 1178 3525; x_wconf 89' lang='lat' dir='ltr'>re</span> <span class='ocrx_word' id='word_1_93' title='bbox 1201 3464 1323 3525; x_wconf 88' lang='lat' dir='ltr'>incerta</span> <span class='ocrx_word' id='word_1_94' title='bbox 1347 3461 1585 3526; x_wconf 85' lang='lat' dir='ltr'>commendaret</span> <span class='ocrx_word' id='word_1_95' title='bbox 1610 3464 1815 3528; x_wconf 86' lang='lat' dir='ltr'>sententiam.</span> 
     </span>
    </p>

    <p class='ocr_par' dir='ltr' id='par_1_12' title="bbox 729 3566 1874 3653">
     <span class='ocr_line' id='line_1_18' title="bbox 729 3566 1874 3653; baseline 0.002 -23"><span class='ocrx_word' id='word_1_96' title='bbox 729 3567 843 3631; x_wconf 79' lang='lat' dir='ltr'>Totam</span> <span class='ocrx_word' id='word_1_97' title='bbox 863 3576 1005 3651; x_wconf 83' lang='lat' dir='ltr'>segetem</span> <span class='ocrx_word' id='word_1_98' title='bbox 1024 3566 1195 3653; x_wconf 91' lang='lat' dir='ltr'>diligenter</span> <span class='ocrx_word' id='word_1_99' title='bbox 1214 3567 1380 3632; x_wconf 86' lang='lat' dir='ltr'>collectam</span> <span class='ocrx_word' id='word_1_100' title='bbox 1402 3570 1550 3652; x_wconf 79' lang='lat' dir='ltr'>exposuit</span> <span class='ocrx_word' id='word_1_101' title='bbox 1569 3567 1732 3632; x_wconf 87' lang='lat' dir='ltr'>Robinson</span> <span class='ocrx_word' id='word_1_102' title='bbox 1745 3566 1874 3646; x_wconf 72' lang='lat' dir='ltr'>illus&#39;),</span> 
     </span>
    </p>

    <p class='ocr_par' dir='ltr' id='par_1_13' title="bbox 684 3671 1878 4286">
     <span class='ocr_line' id='line_1_19' title="bbox 684 3671 1876 3758; baseline 0 -21"><span class='ocrx_word' id='word_1_103' title='bbox 684 3676 739 3758; x_wconf 90' lang='lat' dir='ltr'>qui</span> <span class='ocrx_word' id='word_1_104' title='bbox 771 3675 839 3756; x_wconf 88' lang='lat' dir='ltr'>ipse</span> <span class='ocrx_word' id='word_1_105' title='bbox 870 3671 1069 3736; x_wconf 88' lang='lat' dir='ltr'>Balsaccium</span> <span class='ocrx_word' id='word_1_106' title='bbox 1101 3679 1229 3736; x_wconf 86' lang='lat' dir='ltr'>secutus</span> <span class='ocrx_word' id='word_1_107' title='bbox 1260 3675 1314 3758; x_wconf 90' lang='lat' dir='ltr'>agi</span> <span class='ocrx_word' id='word_1_108' title='bbox 1344 3676 1377 3736; x_wconf 90' lang='lat' dir='ltr'>in</span> <span class='ocrx_word' id='word_1_109' title='bbox 1403 3674 1461 3737; x_wconf 89' lang='lat' dir='ltr'>hae</span> <span class='ocrx_word' id='word_1_110' title='bbox 1485 3676 1664 3758; x_wconf 86' lang='lat' dir='ltr'>gratiarum</span> <span class='ocrx_word' id='word_1_111' title='bbox 1688 3676 1817 3739; x_wconf 88' lang='lat' dir='ltr'>actione</span> <span class='ocrx_word' id='word_1_112' title='bbox 1840 3674 1876 3737; x_wconf 91' lang='lat' dir='ltr'>de</span> 
     </span>
     <span class='ocr_line' id='line_1_20' title="bbox 684 3777 1875 3863; baseline -0.003 -19"><span class='ocrx_word' id='word_1_113' title='bbox 684 3800 778 3844; x_wconf 89' lang='lat' dir='ltr'>causa</span> <span class='ocrx_word' id='word_1_114' title='bbox 805 3777 911 3863; x_wconf 85' lang='lat' dir='ltr'>aliqua</span> <span class='ocrx_word' id='word_1_115' title='bbox 934 3798 952 3841; x_wconf 90' lang='lat' dir='ltr'>a</span> <span class='ocrx_word' id='word_1_116' title='bbox 975 3777 1082 3841; x_wconf 74' lang='lat' dir='ltr'>Tullio</span> <span class='ocrx_word' id='word_1_117' title='bbox 1108 3778 1234 3843; x_wconf 87' lang='lat' dir='ltr'>defensa</span> <span class='ocrx_word' id='word_1_118' title='bbox 1257 3779 1429 3843; x_wconf 88' lang='lat' dir='ltr'>arbitratus</span> <span class='ocrx_word' id='word_1_119' title='bbox 1452 3785 1509 3843; x_wconf 90' lang='lat' dir='ltr'>eet.</span> <span class='ocrx_word' id='word_1_120' title='bbox 1543 3779 1654 3863; x_wconf 92' lang='lat' dir='ltr'>Nuper</span> <span class='ocrx_word' id='word_1_121' title='bbox 1678 3799 1756 3844; x_wconf 90' lang='lat' dir='ltr'>vero</span> <span class='ocrx_word' id='word_1_122' title='bbox 1779 3779 1875 3844; x_wconf 89' lang='lat' dir='ltr'>Hart-</span> 
     </span>
     <span class='ocr_line' id='line_1_21' title="bbox 684 3882 1875 3970; baseline 0 -21"><span class='ocrx_word' id='word_1_123' title='bbox 684 3905 821 3949; x_wconf 88' lang='lat' dir='ltr'>mannus</span> <span class='ocrx_word' id='word_1_124' title='bbox 841 3890 948 3948; x_wconf 90' lang='lat' dir='ltr'>noster</span> <span class='ocrx_word' id='word_1_125' title='bbox 971 3883 1008 3947; x_wconf 91' lang='lat' dir='ltr'>de</span> <span class='ocrx_word' id='word_1_126' title='bbox 1031 3882 1221 3949; x_wconf 90' lang='lat' dir='ltr'>Cantoribus</span> <span class='ocrx_word' id='word_1_127' title='bbox 1243 3885 1457 3969; x_wconf 78' lang='lat' dir='ltr'>Euphorionis</span> <span class='ocrx_word' id='word_1_128' title='bbox 1481 3885 1733 3970; x_wconf 86' lang='lat' dir='ltr'>disputationem</span> <span class='ocrx_word' id='word_1_129' title='bbox 1758 3885 1875 3962; x_wconf 88' lang='lat' dir='ltr'>edidit,</span> 
     </span>
     <span class='ocr_line' id='line_1_22' title="bbox 685 3988 1874 4076; baseline 0.003 -22"><span class='ocrx_word' id='word_1_130' title='bbox 685 4012 781 4075; x_wconf 91' lang='lat' dir='ltr'>quam</span> <span class='ocrx_word' id='word_1_131' title='bbox 806 3992 932 4075; x_wconf 87' lang='lat' dir='ltr'>magnis</span> <span class='ocrx_word' id='word_1_132' title='bbox 955 3988 1104 4052; x_wconf 88' lang='lat' dir='ltr'>laudibus</span> <span class='ocrx_word' id='word_1_133' title='bbox 1128 3996 1284 4054; x_wconf 86' lang='lat' dir='ltr'>nostrates</span> <span class='ocrx_word' id='word_1_134' title='bbox 1309 3989 1406 4054; x_wconf 93' lang='lat' dir='ltr'>multi</span> <span class='ocrx_word' id='word_1_135' title='bbox 1430 3989 1626 4055; x_wconf 84' lang='lat' dir='ltr'>extulerunt.</span> <span class='ocrx_word' id='word_1_136' title='bbox 1652 3989 1688 4054; x_wconf 90' lang='lat' dir='ltr'>ln</span> <span class='ocrx_word' id='word_1_137' title='bbox 1713 4012 1778 4076; x_wconf 92' lang='lat' dir='ltr'>qua</span> <span class='ocrx_word' id='word_1_138' title='bbox 1802 4014 1874 4057; x_wconf 91' lang='lat' dir='ltr'>cum</span> 
     </span>
     <span class='ocr_line' id='line_1_23' title="bbox 685 4093 1875 4181; baseline 0.003 -22"><span class='ocrx_word' id='word_1_139' title='bbox 685 4096 723 4160; x_wconf 88' lang='lat' dir='ltr'>da</span> <span class='ocrx_word' id='word_1_140' title='bbox 747 4094 868 4161; x_wconf 88' lang='lat' dir='ltr'>Catulli</span> <span class='ocrx_word' id='word_1_141' title='bbox 892 4100 960 4158; x_wconf 89' lang='lat' dir='ltr'>arte</span> <span class='ocrx_word' id='word_1_142' title='bbox 984 4093 1090 4159; x_wconf 87' lang='lat' dir='ltr'>multa</span> <span class='ocrx_word' id='word_1_143' title='bbox 1114 4095 1296 4160; x_wconf 87' lang='lat' dir='ltr'>doctissime</span> <span class='ocrx_word' id='word_1_144' title='bbox 1320 4102 1352 4159; x_wconf 93' lang='grc'>11</span> <span class='ocrx_word' id='word_1_145' title='bbox 1374 4095 1613 4181; x_wconf 83' lang='lat' dir='ltr'>elegantissime</span> <span class='ocrx_word' id='word_1_146' title='bbox 1633 4100 1784 4180; x_wconf 81' lang='lat' dir='ltr'>exposuit</span> <span class='ocrx_word' id='word_1_147' title='bbox 1805 4105 1875 4162; x_wconf 88' lang='lat' dir='ltr'>tum</span> 
     </span>
     <span class='ocr_line' id='line_1_24' title="bbox 685 4199 1878 4286; baseline 0.003 -21"><span class='ocrx_word' id='word_1_148' title='bbox 685 4202 722 4267; x_wconf 90' lang='lat' dir='ltr'>de</span> <span class='ocrx_word' id='word_1_149' title='bbox 745 4202 904 4286; x_wconf 84' lang='lat' dir='ltr'>poematio</span> <span class='ocrx_word' id='word_1_150' title='bbox 925 4199 1008 4284; x_wconf 90' lang='lat' dir='ltr'>quod</span> <span class='ocrx_word' id='word_1_151' title='bbox 1028 4222 1123 4284; x_wconf 84' lang='lat' dir='ltr'>supra</span> <span class='ocrx_word' id='word_1_152' title='bbox 1143 4201 1294 4286; x_wconf 88' lang='lat' dir='ltr'>descripsi</span> <span class='ocrx_word' id='word_1_153' title='bbox 1313 4223 1405 4265; x_wconf 90' lang='lat' dir='ltr'>suam</span> <span class='ocrx_word' id='word_1_154' title='bbox 1425 4203 1647 4285; x_wconf 85' lang='lat' dir='ltr'>pronuntiavit</span> <span class='ocrx_word' id='word_1_155' title='bbox 1668 4206 1878 4277; x_wconf 88' lang='lat' dir='ltr'>sententiam,</span> 
     </span>
    </p>
   </div>
   <div class='ocr_carea' id='block_1_6' title="bbox 683 4306 1878 4710">
    <p class='ocr_par' dir='ltr' id='par_1_14' title="bbox 683 4306 1878 4710">
     <span class='ocr_line' id='line_1_25' title="bbox 684 4306 1878 4395; baseline 0.002 -23"><span class='ocrx_word' id='word_1_156' title='bbox 684 4328 764 4393; x_wconf 89' lang='lat' dir='ltr'>quae</span> <span class='ocrx_word' id='word_1_157' title='bbox 794 4309 906 4371; x_wconf 86' lang='lat' dir='ltr'>ceteris</span> <span class='ocrx_word' id='word_1_158' title='bbox 939 4307 1088 4370; x_wconf 91' lang='lat' dir='ltr'>omnibus</span> <span class='ocrx_word' id='word_1_159' title='bbox 1119 4307 1195 4371; x_wconf 88' lang='lat' dir='ltr'>adeo</span> <span class='ocrx_word' id='word_1_160' title='bbox 1227 4308 1310 4372; x_wconf 92' lang='lat' dir='ltr'>mibi</span> <span class='ocrx_word' id='word_1_161' title='bbox 1341 4307 1470 4372; x_wconf 86' lang='lat' dir='ltr'>videtur</span> <span class='ocrx_word' id='word_1_162' title='bbox 1500 4306 1692 4392; x_wconf 88' lang='lat' dir='ltr'>probabilior</span> <span class='ocrx_word' id='word_1_163' title='bbox 1722 4314 1762 4372; x_wconf 94' lang='lat' dir='ltr'>ut</span> <span class='ocrx_word' id='word_1_164' title='bbox 1784 4331 1878 4395; x_wconf 87' lang='lat' dir='ltr'>argu-</span> 
     </span>
     <span class='ocr_line' id='line_1_26' title="bbox 683 4415 1877 4498; baseline 0.001 -19"><span class='ocrx_word' id='word_1_165' title='bbox 683 4420 867 4479; x_wconf 87' lang='lat' dir='ltr'>mentorum</span> <span class='ocrx_word' id='word_1_166' title='bbox 908 4415 977 4476; x_wconf 90' lang='lat' dir='ltr'>eius</span> <span class='ocrx_word' id='word_1_167' title='bbox 1018 4434 1178 4477; x_wconf 91' lang='lat' dir='ltr'>summam</span> <span class='ocrx_word' id='word_1_168' title='bbox 1214 4435 1287 4478; x_wconf 89' lang='lat' dir='ltr'>cum</span> <span class='ocrx_word' id='word_1_169' title='bbox 1325 4416 1442 4478; x_wconf 81' lang='lat' dir='ltr'>exteris</span> <span class='ocrx_word' id='word_1_170' title='bbox 1477 4433 1602 4498; x_wconf 90' lang='lat' dir='ltr'>quoque</span> <span class='ocrx_word' id='word_1_171' title='bbox 1637 4419 1877 4481; x_wconf 88' lang='lat' dir='ltr'>communicare</span> 
     </span>
     <span class='ocr_line' id='line_1_27' title="bbox 685 4518 1877 4603; baseline -0.002 -16"><span class='ocrx_word' id='word_1_172' title='bbox 685 4520 804 4596; x_wconf 81' lang='lat' dir='ltr'>velim,</span> <span class='ocrx_word' id='word_1_173' title='bbox 829 4540 891 4603; x_wconf 90' lang='lat' dir='ltr'>quo</span> <span class='ocrx_word' id='word_1_174' title='bbox 914 4519 997 4582; x_wconf 89' lang='lat' dir='ltr'>fecto</span> <span class='ocrx_word' id='word_1_175' title='bbox 1022 4519 1060 4583; x_wconf 93' lang='lat' dir='ltr'>de</span> <span class='ocrx_word' id='word_1_176' title='bbox 1083 4541 1154 4583; x_wconf 91' lang='lat' dir='ltr'>meo</span> <span class='ocrx_word' id='word_1_177' title='bbox 1178 4521 1252 4583; x_wconf 87' lang='lat' dir='ltr'>novi</span> <span class='ocrx_word' id='word_1_178' title='bbox 1272 4518 1423 4603; x_wconf 88' lang='lat' dir='ltr'>quiddam</span> <span class='ocrx_word' id='word_1_179' title='bbox 1444 4519 1612 4583; x_wconf 88' lang='lat' dir='ltr'>additurus</span> <span class='ocrx_word' id='word_1_180' title='bbox 1632 4540 1716 4585; x_wconf 88' lang='lat' dir='ltr'>sum.</span> <span class='ocrx_word' id='word_1_181' title='bbox 1744 4520 1877 4585; x_wconf 85' lang='grc'><strong>1111111</strong></span> 
     </span>
     <span class='ocr_line' id='line_1_28' title="bbox 685 4627 1261 4710; baseline -0.002 -21"><span class='ocrx_word' id='word_1_182' title='bbox 685 4627 905 4692; x_wconf 89' lang='lat' dir='ltr'>Hartmannus</span> <span class='ocrx_word' id='word_1_183' title='bbox 928 4630 1171 4710; x_wconf 87' lang='lat' dir='ltr'>argumentatus</span> <span class='ocrx_word' id='word_1_184' title='bbox 1196 4632 1261 4689; x_wconf 89' lang='lat' dir='ltr'>est:</span> 
     </span>
    </p>
   </div>
   <div class='ocr_carea' id='block_1_7' title="bbox 720 4830 1777 4982">
    <p class='ocr_par' dir='ltr' id='par_1_15' title="bbox 720 4830 1777 4982">
     <span class='ocr_line' id='line_1_29' title="bbox 720 4830 1777 4899; baseline 0.004 -18"><span class='ocrx_word' id='word_1_185' title='bbox 720 4836 746 4894; x_wconf 82' lang='grc'>1)</span> <span class='ocrx_word' id='word_1_186' title='bbox 764 4835 854 4883; x_wconf 73' lang='lat' dir='ltr'>Catulli</span> <span class='ocrx_word' id='word_1_187' title='bbox 873 4832 1015 4882; x_wconf 81' lang='lat' dir='ltr'>Veronensis</span> <span class='ocrx_word' id='word_1_188' title='bbox 1033 4830 1103 4881; x_wconf 87' lang='lat' dir='ltr'>Liber</span> <span class='ocrx_word' id='word_1_189' title='bbox 1120 4833 1219 4896; x_wconf 85' lang='lat' dir='ltr'>interpr.</span> <span class='ocrx_word' id='word_1_190' title='bbox 1238 4835 1304 4881; x_wconf 84' lang='lat' dir='ltr'>dem.</span> <span class='ocrx_word' id='word_1_191' title='bbox 1324 4832 1450 4881; x_wconf 83' lang='lat' dir='ltr'>Baehrens.</span> <span class='ocrx_word' id='word_1_192' title='bbox 1471 4833 1564 4898; x_wconf 82' lang='lat' dir='ltr'>Lipsiae</span> <span class='ocrx_word' id='word_1_193' title='bbox 1583 4834 1655 4893; x_wconf 82' lang='grc'><strong>1881,</strong></span> <span class='ocrx_word' id='word_1_194' title='bbox 1675 4851 1695 4899; x_wconf 88' lang='lat' dir='ltr'>p.</span> <span class='ocrx_word' id='word_1_195' title='bbox 1717 4836 1777 4885; x_wconf 76' lang='lat' dir='ltr'>ael.</span> 
     </span>
     <span class='ocr_line' id='line_1_30' title="bbox 720 4914 1548 4982; baseline 0 -19"><span class='ocrx_word' id='word_1_196' title='bbox 720 4916 746 4972; x_wconf 77' lang='lat'>2)</span> <span class='ocrx_word' id='word_1_197' title='bbox 765 4919 783 4963; x_wconf 78' lang='lat' dir='ltr'>A</span> <span class='ocrx_word' id='word_1_198' title='bbox 802 4918 971 4977; x_wconf 82' lang='lat' dir='ltr'>Commentary</span> <span class='ocrx_word' id='word_1_199' title='bbox 988 4931 1018 4963; x_wconf 90' lang='lat' dir='ltr'>on</span> <span class='ocrx_word' id='word_1_200' title='bbox 1038 4914 1156 4962; x_wconf 69' lang='lat' dir='ltr'>Catullus.</span> <span class='ocrx_word' id='word_1_201' title='bbox 1175 4915 1265 4962; x_wconf 81' lang='lat' dir='ltr'>Orlord</span> <span class='ocrx_word' id='word_1_202' title='bbox 1286 4917 1358 4973; x_wconf 85' lang='grc'><strong>1888,</strong></span> <span class='ocrx_word' id='word_1_203' title='bbox 1376 4932 1398 4979; x_wconf 89' lang='lat' dir='ltr'>p.</span> <span class='ocrx_word' id='word_1_204' title='bbox 1418 4917 1472 4965; x_wconf 79' lang='lat' dir='ltr'>lot.</span> <span class='ocrx_word' id='word_1_205' title='bbox 1546 4980 1548 4982; x_wconf 12' lang='grc' dir='ltr'><strong><em>ι</em></strong></span> 
     </span>
    </p>
   </div>
   <div class='ocr_carea' id='block_1_8' title="bbox 0 0 2568 6150">
    <p class='ocr_par' dir='ltr' id='par_1_16' title="bbox 0 0 2568 6150">
     <span class='ocr_line' id='line_1_31' title="bbox 0 0 2568 6150; baseline 0 0"><span class='ocrx_word' id='word_1_206' title='bbox 0 0 2568 6150; x_wconf 95' lang='lat' dir='ltr'> </span> 
     </span>
    </p>
   </div>
  </div>
 </body>
</html>
