5125 6150
1044 853 1158 902 rmum
1180 853 1354 903 16111111.
1714 835 1778 903 387

595 1019 681 1097 1116,
718 1019 802 1105 quod
832 1022 991 1084 incertum
1021 1019 1101 1084 latet
1130 1021 1164 1083 iu
1195 1024 1342 1105 corrupto
1371 1019 1480 1097 1154,
1513 1022 1541 1085 si
1571 1022 1674 1106 igitur
1704 1021 1781 1087 haec

595 1129 706 1192 omnia
736 1126 913 1203 considero,
946 1128 1084 1211 suspicio
1116 1125 1197 1190 mihi
1228 1128 1340 1203 oritur,
1369 1125 1524 1192 Plautum
1553 1127 1602 1191 bis
1632 1133 1782 1192 tractasse

594 1238 828 1319 argumentum
859 1230 1066 1299 Carchedonii
1097 1238 1129 1297 61
1159 1231 1293 1297 edidisse
1323 1232 1464 1297 fabulam
1492 1233 1590 1299 semel
1614 1255 1726 1319 puram
1750 1239 1783 1299 et

592 1342 821 1404 intaminatam
840 1360 915 1403 cum
934 1337 1084 1424 prologo,
1105 1340 1160 1423 qui
1180 1344 1341 1423 superest,
1362 1338 1491 1417 deinde,
1515 1361 1589 1404 cum
1612 1360 1781 1426 argumen-

595 1453 671 1510 tum
694 1448 839 1511 ieiunum
862 1452 894 1511 et
916 1467 1030 1531 parum
1054 1444 1154 1509 hilare
1174 1447 1282 1510 minus
1301 1444 1488 1530 placuisset,
1508 1449 1626 1512 iterum
1644 1450 1781 1512 mixtam

596 1574 674 1617 cum
708 1573 866 1639 anonyma
901 1554 1026 1617 omissis
1060 1557 1137 1616 tuuc
1171 1551 1362 1637 quibusdam
1397 1558 1429 1616 et
1459 1555 1609 1631 mutatis,
1646 1575 1780 1638 quorum

595 1660 732 1742 pristina
755 1660 894 1744 vestigia
917 1659 1057 1722 servavit
1077 1654 1179 1720 adhuc
1199 1656 1350 1743 prologus
1366 1656 1400 1737 ¹).
1425 1656 1515 1722 Hauc
1534 1664 1641 1724 autem
1662 1680 1781 1726 novam

595 1764 686 1828 dedit
717 1765 775 1829 sub
806 1766 933 1829 nomine
961 1760 1096 1828 Poenuli
1119 1768 1151 1828 et
1174 1765 1241 1827 siue
1263 1762 1413 1849 prologo,
1438 1784 1512 1828 cum
1535 1762 1603 1829 fieri
1626 1785 1688 1830 uon
1711 1787 1781 1851 pos-

594 1877 662 1948 set,
695 1873 771 1955 quin
802 1873 835 1933 in
866 1869 951 1934 nuda
981 1890 1088 1933 rerum
1118 1867 1252 1934 Poenuli
1282 1867 1434 1934 relatione
1458 1872 1570 1935 statim
1593 1872 1781 1956 proderetur

595 1978 752 2063 ambigua
781 1975 906 2042 fabulae
929 1981 1042 2041 natura
1065 1981 1097 2041 61
1121 1978 1305 2061 argumenti
1330 1980 1559 2063 repugnantia,
1584 1998 1663 2062 quae
1686 1978 1781 2044 lecto

595 2105 666 2147 rem
697 2082 749 2147 vel
780 2089 989 2168 spectatorem
1018 2081 1132 2169 longae
1164 2082 1289 2147 fabulae
1317 2091 1529 2168 praetereunt.
1560 2083 1651 2150 Nova
1674 2083 1782 2150 fabula

593 2191 711 2275 prioris
734 2191 921 2253 memoriam
946 2188 1154 2254 oblitteravit.
1179 2186 1262 2255 (lum
1285 2195 1393 2254 autem
1416 2196 1487 2275 post
1509 2188 1619 2255 Plauti
1637 2198 1782 2277 tempora

594 2294 759 2360 Poenulus
790 2296 954 2380 agebatur,
985 2295 1178 2359 recitabatur
1206 2298 1320 2361 unicus
1344 2297 1399 2381 qui
1423 2301 1585 2382 supererat
1608 2297 1780 2384 prologus,

595 2408 711 2468 auctus
735 2423 767 2466 ν.
793 2401 856 2466 103
881 2410 912 2468 61
938 2401 1002 2466 104
1025 2409 1058 2467 61
1081 2402 1211 2467 fortasse
1234 2401 1325 2478 aliis,
1349 2402 1451 2468 veluti
1477 2403 1663 2482 lle-120,
1687 2410 1781 2489 atque

596 2510 651 2574 hic
682 2507 750 2573 illic
780 2514 987 2585 retractatus,
1012 2514 1049 2573 ut
1073 2509 1185 2574 docent
1207 2530 1238 2575 v.
1266 2508 1444 2595 1191161
1469 2509 1657 2588 124-127,
1682 2512 1781 2575 61116

595 2616 726 2681 transiit
757 2615 919 2680 comoedia
948 2636 1023 2679 cum
1052 2614 1153 2681 alieno
1176 2614 1310 2701 prologo
1335 2618 1368 2679 iu
1391 2615 1545 2682 editiones
1568 2619 1682 2682 aetatis
1705 2615 1780 2681 Var-

594 2724 746 2788 roniauae
771 2728 802 2786 ot
825 2724 1022 2807 posteriores.

634 2967 661 3030 1)
676 2965 758 3014 Veluti
777 2966 805 3014 de
821 2964 851 3014 iis
867 2981 926 3029 quac
943 2967 998 3013 sunt
1015 2964 1040 3013 in
1057 2963 1157 3029 prologo
1175 2979 1197 3015 ν,
1216 2964 1347 3013 los-118
1364 2963 1389 3013 iu
1407 2963 1483 3028 prima
1499 2964 1603 3014 editione
1619 2965 1696 3031 ipsum
1714 2965 1779 3016 Han·

602 3064 690 3101 nouum
707 3049 782 3114 egisse
799 3053 856 3114 puto
874 3049 899 3098 in
915 3063 943 3098 aa
961 3064 1028 3098 scena
1044 3063 1103 3112 quae
1120 3063 1183 3098 nunc
1200 3050 1236 3097 est
1254 3046 1276 3096 V
1295 3047 1318 3097 l.

1394 3214 1778 3223 ——-—.-—-....

1048 3341 1091 3387 ΑΙ)
1114 3339 1337 3389 ΡΙιῐΙΤΔΒΟΗΠΜ.

645 3476 799 3542 Themist.
826 3474 845 3539 3
869 3473 990 3555 (Sint).
1013 3475 1131 3549 ίταμῶς
1157 3475 1312 3551 ὑφίστατο
1335 3475 1392 3546 τοὶς
1417 3475 1489 3556 πρὸς
1508 3475 1578 3547 τοὺς
1599 3476 1779 3554 δυναμένους

599 3586 633 3650 ἐν
664 3594 701 3665 τῇ
732 3582 819 3649 πόλει
847 3582 900 3647 καί
924 3581 1132 3660 τρωτεύουσας
1157 3583 1332 3664 ἀπεχθείας
1340 3630 1348 3660 ,
1373 3581 1517 3658 μάλιστα
1540 3583 1572 3648 δὲ
1595 3586 1782 3662 Ἀριστείδην

598 3694 653 3757 τὸν
686 3691 891 3770 Λυσιμάχου,
924 3692 977 3765 τίρν
1008 3690 1146 3753 ἐναντίαν
1175 3690 1223 3753 cisi
1247 3688 1440 3767 πορευόμενον
1463 3691 1556 3770 αὐτῷ.
1579 3690 1704 3757 Dixerit
1727 3692 1782 3759 ali·

598 3799 674 3883 quis
700 3796 798 3860 -id
830 3796 914 3881 quod
936 3798 1071 3861 minime
1094 3798 1136 3860 sit
1158 3798 1304 3881 ineptum
1329 3833 1370 3843 -
1394 3802 1466 3861 aute
1488 3799 1674 3878 Ἀριστείδην
1696 3822 1783 3887 repe·

599 3904 732 3969 tendam
760 3924 827 3968 6116
858 3905 1123 3988 praepositionem
1155 3901 1237 3982 τρίς.
1261 3900 1419 3987 liquidem
1443 3908 1551 3969 tamen
1574 3904 1636 3971 alia
1657 3911 1780 3975 ratione

597 4012 709 4078 locum
739 4009 972 4075 emendandum
1003 4028 1128 4074 censeo:
1160 4029 1216 4095 pro
1247 4008 1390 4085 μάλιστα
1422 4010 1454 4075 δέ
1476 4012 1613 4078 rescribo
1636 4015 1780 4089 μάλιστα

599 4120 657 4183 δίε
689 4119 893 4195 inimicitiae,
928 4136 1008 4201 quae
1038 4118 1068 4180 61
1097 4121 1186 4180 erant
1216 4136 1291 4179 cum
1319 4115 1474 4194 Aristide,
1498 4138 1592 4182 causa
1614 4127 1703 4186 erant
1726 4143 1783 4187 cur

600 4225 748 4288 omnium
772 4221 861 4288 fieret
883 4221 1041 4288 nobilium
1064 4222 1272 4287 adversarius.

646 4390 767 4456 Public.
796 4390 837 4454 14
861 4389 979 4470 (Sint).
1014 4388 1190 4455 Novissimi
1226 4388 1378 4475 Capitolii
1412 4391 1505 4462 κίονες
1540 4412 1614 4457 cum
1649 4395 1782 4463 Athenis

600 4518 750 4563 mensura
780 4497 1019 4585 elegantissima
1048 4497 1184 4561 firisssnt
1211 4499 1311 4575 eaesi,
1341 4495 1461 4562 Romae
1492 4500 1609 4564 iterum
1638 4504 1720 4566 cassi
1749 4510 1782 4569 et

600 4605 693 4691 politi
726 4606 759 4670 οὐ
790 4610 930 4670 τοσοῦτον
961 4602 1053 4686 ἔσχον
1081 4604 1263 4683 γλαφυρίας
1296 4597 1362 4669 ὅσον
1393 4607 1558 4677 ρὶτιίιλεσαυ
1588 4611 1781 4691 συμμετρίας

601 4716 654 4777 τοῦ
686 4715 782 4776 καλοῦ
811 4711 938 4776 διάκενοι
964 4711 1015 4775 καὶ
1040 4709 1172 4789 λαγαροὶ
1197 4710 1357 4790 Φαυίντες.
1381 4709 1609 4793 Ι111616τέρα
1633 4721 1705 4781 aute
1728 4723 1780 4783 τοῦ

600 4824 712 4883 nasei:
738 4819 816 4882 iusto
838 4817 1024 4905 graciliores
1047 4822 1080 4882 61
1102 4816 1249 4883 exiliores
1271 4817 1410 4883 fuerunt.
1435 4818 1563 4885 Etenim
1586 4824 1779 4902 συμμετρίας

602 4929 655 4991 τοῦ
679 4930 776 4991 καλοῦ
802 4925 895 4990 nihili
918 4932 974 4991 est.
1584 4926 1614 4992 J.
1637 4928 1666 4994 J.
1691 4930 1734 4996 H.
