5125 6150
1133 852 1276 899 rrorrue.
1731 833 1796 899 393

604 1038 667 1081 non
691 1016 729 1081 de
753 1019 886 1081 viatoria
908 1021 1028 1080 uertere
1048 1014 1099 1080 vel
1120 1015 1231 1080 Vitelli
1249 1018 1424 1100 imperium
1444 996 1705 1081 vindicare‘illud
1718 1017 1796 1081 fuit:

604 1122 814 1206 inquietabant
834 1121 1057 1187 tantummodo
1075 1120 1241 1186 Vitelliani
1261 1121 1417 1184 victoriam
1438 1125 1469 1186 et
1472 1144 1577 1204 paoem
1589 1122 1796 1200 moretonium

605 1228 684 1292 haee
713 1233 789 1291 sunt
818 1226 962 1292 eiusdem
985 1230 1032 1292 rei
1056 1230 1185 1292 nomine
1210 1227 1281 1291 duo.
1306 1225 1391 1291 'lum
1414 1228 1475 1292 hoo
1499 1227 1588 1291 addit
1611 1229 1705 1292 vietis
1729 1230 1799 1292 uni-

606 1354 682 1396 eum
716 1332 871 1398 eolaeium
906 1354 973 1397 esee
1010 1332 1110 1398 solere
1141 1332 1269 1398 eaedem
1301 1335 1571 1418 sanguinemque,
1605 1332 1689 1418 quod
1723 1339 1799 1397 tune

605 1436 771 1503 Vitelliani
797 1458 922 1523 quoque
947 1441 1024 1502 vieti
1049 1440 1113 1502 eint
1136 1437 1286 1523 amplexi.
1312 1437 1399 1523 Ergo
1419 1440 1464 1503 eie
1483 1437 1647 1524 legemus:
1670 1443 1801 1515 „eontra

607 1543 775 1609 Vitelliani
808 1591 904 1610 .....
938 1547 1116 1628 inquietare
1152 1545 1339 1620 victoriam,
1376 1546 1492 1607 morari
1527 1564 1655 1628 paoem;
1692 1544 1801 1609 domes

608 1671 742 1735 araeque
768 1672 878 1715 eruore
905 1651 1046 1727 foedare,
1066 1670 1215 1735 suprema
1236 1652 1331 1715 viotie
1352 1649 1482 1727 eolaoie,
1504 1650 1799 1735 amplectebantur”

609 1762 647 1820 ut
666 1758 762 1819 aanor
776 1756 957 1839 -foedare
974 1754 1206 1839 quodammodo
1219 1757 1261 1819 eit
1275 1754 1363 1819 verbi
1376 1755 1628 1837 amplectebantur
1639 1757 1799 1821 obiectum

608 1868 641 1926 et
665 1863 872 1946 appositionis
895 1860 963 1926 loeo
987 1861 1103 1926 habeat
1124 1884 1261 1943 suprema
1283 1859 1372 1924 vietis
1394 1861 1517 1924 solaria.

656 1969 737 2031 Ann.
761 1965 818 2044 111,
843 1966 896 2031 49.
922 1965 1105 2034 Clutorium
1125 1967 1291 2043 Priscum,
1314 1988 1433 2032 venum
1453 1966 1549 2032 illum
1570 1975 1713 2053 poetam,
1735 1967 1803 2033 sola

607 2071 741 2137 Vitellia
764 2075 948 2137 testimonio
972 2094 1030 2138 suo
1053 2074 1204 2138 iuvabat:

656 2179 732 2256 „sed
756 2180 966 2264 arguentibus
989 2178 1028 2243 ad
1052 2181 1226 2263 perniciem
1250 2177 1323 2263 plue
1348 2178 1422 2242 fidei
1446 2179 1540 2243 fuit.”

655 2284 726 2348 Non
757 2283 887 2370 virgula
918 2284 970 2348 hie
1001 2305 1081 2369 opue
1105 2290 1153 2348 eet
1176 2283 1214 2348 ad
1239 2285 1402 2368 scriptoris
1426 2287 1618 2349 sententiam
1643 2284 1802 2350 declaran-

610 2391 685 2456 dam
694 2412 701 2469 ;
733 2390 928 2455 monendum
959 2390 1182 2455 tantummodo
1206 2396 1317 2455 estne
1342 2429 1382 2439 -—
1408 2390 1441 2454 id
1466 2391 1548 2475 quod
1574 2390 1673 2478 vulgo
1695 2392 1732 2455 fit
1758 2429 1800 2441 -

608 2499 652 2560 ad
676 2496 842 2579 perniciem
873 2517 946 2560 oum
980 2497 1171 2577 araaeatibae
1200 2500 1366 2582 iungetur,
1399 2517 1480 2580 quae
1511 2496 1722 2561 intolerabilis
1753 2504 1803 2562 eet

610 2603 796 2667 verbositas.
829 2601 912 2668 Cum
936 2602 1010 2684 plue
1032 2603 1114 2684 fidei
1137 2602 1211 2686 suit
1238 2603 1439 2687 iungendum
1471 2601 1553 2667 illud
1585 2608 1649 2679 eet,
1682 2610 1719 2667 ut
1743 2603 1801 2669 hec

610 2708 713 2772 dieat:
746 2710 823 2792 „qui
850 2728 950 2792 greve
973 2707 1120 2772 dicebant
1144 2710 1365 2772 testimonium
1390 2707 1463 2792 plue
1487 2707 1655 2785 valebant,
1681 2707 1720 2773 ad
1743 2709 1802 2773 mi-

610 2834 719 2878 eerum
742 2834 833 2878 reum
857 2812 1086 2897 perdendum.”
1517 2811 1524 2820 “

1058 2934 1355 3015 (Coaliaaabaatur).

1062 3235 1240 3283 eoerrouu.
1265 3217 1280 3282 I
1305 3218 1357 3283 55.

656 3370 767 3455 Nuper
791 3390 865 3434 oum
889 3390 1031 3434 versarer
1054 3372 1086 3433 in
1112 3371 1232 3434 Arium
1258 3368 1384 3435 fabulae
1403 3369 1647 3457 Prolegomenie
1669 3375 1802 3437 couscri-

608 3461 721 3525 bendie
751 3467 783 3524 et
815 3460 853 3524 de
882 3458 991 3544 Epope
1023 3462 1134 3524 evium
1166 3481 1241 3546 rege
1272 3460 1426 3526 nonnulla
1457 3462 1575 3526 ehertie
1599 3462 1800 3540 mandarem,

608 3550 707 3615 incidi
739 3554 771 3614 in
804 3549 1022 3636 Horepolliuie
1054 3550 1213 3635 quendam
1235 3550 1343 3615 locum
1368 3572 1385 3615 a
1409 3554 1479 3617 viro
1504 3552 1594 3618 doato
1618 3551 1700 3618 Oder
1722 3554 1802 3618 indi-

610 3648 738 3722 catum,
761 3641 817 3704 ubi
841 3643 917 3706 haee
940 3641 1111 3727 leguntur:

658 3730 721 3797 ὅθεν
746 3732 796 3795 nai
823 3732 872 3795 ort
897 3738 955 3795 τῶν
978 3734 1060 3795 θείων
1083 3736 1243 3810 σκήπτρων
1267 3731 1424 3813 novatae
1448 3732 1629 3811 προοίμνοίς
1654 3738 1745 3798 ἕοτον.

658 3822 807 3906 upupae,
832 3825 883 3887 oui
906 3825 1094 3907 aegyptiace
1119 3822 1282 3901 νοούκονφοο
1307 3821 1360 3887 vel
1383 3824 1557 3902 κοννούφοος
1582 3845 1696 3889 nomen
1720 3825 1799 3901 fuit,

609 3913 646 3977 fit
672 3916 801 3977 mentio.
829 3911 1023 3997 „Horapollo
1046 3912 1134 3977 redet
1156 3934 1219 3976 von
1244 3912 1316 3977 dem
1341 3913 1486 4000 Verruge
1509 3916 1717 3994 (οροτίμηοος)
1741 3914 1799 3977 den

612 4004 689 4081 „der
714 4002 904 4087 Wiedehopf
924 4024 983 4069 vor
1005 4002 1121 4067 andern
1149 4002 1269 4088 Vigeln
1293 4004 1406 4069 hebe”.

657 4093 747 4172 Quod
779 4096 807 4157 ei
839 4093 941 4159 dicere
971 4091 1076 4157 voluit
1104 4092 1296 4179 Horapollo,
1321 4097 1401 4159 mire
1425 4093 1552 4159 loeutus
1576 4100 1640 4173 est;
1666 4094 1721 4159 sed
1744 4103 1801 4159 aut

610 4186 741 4270 egregie
765 4182 859 4249 fallor
881 4191 937 4248 aut
960 4186 1148 4267 interpretes
1171 4183 1250 4249 lusit
1273 4206 1360 4249 error
1382 4183 1522 4262 librarii,
1547 4204 1642 4268 quem
1666 4204 1801 4271 arguere

610 4274 740 4338 videtur
770 4274 822 4337 ort
852 4276 1055 4359 praepositio.
1089 4273 1249 4360 Legatur:
1283 4274 1334 4338 ort
1365 4279 1424 4338 τῶν
1447 4270 1529 4338 θείων
1552 4277 1712 4354 σκήπτρων
1737 4298 1802 4340 νοον-

611 4366 718 4444 natea
740 4367 919 4443 προτομή
944 4365 1035 4428 ἐστιν.

657 4455 774 4519 Lenior
805 4457 956 4520 eorrectio
979 4456 1059 4520 soret
1083 4454 1330 4531 πρότμησιν,
1355 4454 1409 4518 sed
1433 4455 1552 4519 frustra
1576 4476 1692 4540 quaere
1714 4455 1800 4521 loeoe

610 4546 668 4610 ubi
699 4545 870 4622 πρόομνοις
896 4582 934 4593 -
961 4546 998 4610 de
1031 4566 1094 4629 qua
1118 4566 1194 4610 voce
1219 4544 1282 4608 vid.
1308 4543 1428 4609 scholia
1452 4544 1491 4609 ad
1513 4544 1610 4610 Hom.
1636 4546 1744 4611 Λ424
1769 4553 1801 4609 et

611 4657 673 4701 van
693 4636 888 4701 Herwerden
908 4639 941 4699 in
960 4636 1076 4700 Lexioo
1096 4635 1200 4720 euppl.
1222 4641 1255 4699 et
1275 4633 1349 4698 dial.
1370 4654 1439 4699 ev.
1454 4635 1542 4699 —id
1561 4636 1644 4720 quod
1664 4638 1799 4715 προτομή

611 4726 736 4803 valeat,
765 4726 887 4810 effipiam
910 4726 1043 4808 eorporis
1061 4733 1179 4807 partem
1201 4724 1381 4807 superiorem
1404 4726 1584 4789 eahibeatem
1607 4727 1723 4807 (εἰκόνα
1746 4724 1799 4799 ἕως

610 4823 664 4881 τοῦ
689 4818 860 4896 ὀμφαλοῦ).
887 4819 998 4896 {toalea
1023 4815 1053 4880 il
1079 4816 1127 4879 iul
1152 4821 1211 4879 τῶν
1234 4814 1358 4892 ἀλόγων
1378 4812 1457 4896 ζῴων
1480 4820 1496 4892 ἦ
1518 4821 1651 4896 aaroni
1673 4816 1800 4893 ἐλέγετο

609 4906 790 4992 (Heeyoh.).
1585 4907 1614 4971 J.
1639 4926 1669 4972 u.
1694 4908 1731 4972 L.

1109 5013 1302 5021 *ss
1622 5053 1653 5104 οο
