5125 6150
1114 878 1234 927 urens.
1702 859 1766 924 429

579 1047 716 1111 πιόντα
747 1042 812 1107 τόν
843 1044 1001 1125 χρόνον,
1034 1043 1068 1122 ἐξ
1099 1041 1167 1109 όσσυ
1201 1043 1360 1122 θσίβησεν,
1385 1045 1542 1122 οίλιθμενος
1567 1043 1686 1123 διοίγει,
1712 1046 1782 1110 ubi.

579 1151 831 1238 expungendum
851 1172 916 1215 esse
934 1153 968 1214 οὐ
988 1149 1077 1221 πόλις
1097 1156 1169 1236 post
1188 1150 1439 1215 Herwerdenum
1460 1172 1528 1216 sero
1546 1151 1622 1215 vidi.
1644 1150 1768 1236 Nempe

578 1265 784 1325 recensentur
808 1265 871 1323 tres
894 1256 1086 1342 reipublicae
1110 1256 1270 1343 regundae
1294 1258 1414 1322 formae
1438 1254 1568 1323 Graecis
1591 1258 1770 1323 familiaris·

578 1368 681 1430 simae
705 1364 821 1449 quibus
846 1363 980 1428 absurde
1004 1363 1227 1449 superadditur
1250 1364 1340 1435 πόλις
1364 1366 1495 1449 quasia
1519 1363 1612 1439 δῆμος
1638 1363 1768 1441 differat,

579 1480 611 1538 et
644 1473 806 1558 frangitur
836 1473 1004 1535 nominum
1035 1470 1155 1547 κλῖμαξ
1186 1493 1266 1557 quae
1298 1471 1425 1536 dicitur.
1461 1471 1533 1537 Non
1556 1473 1663 1536 minus
1689 1471 1769 1534 mihi

579 1578 713 1664 quidem
748 1576 921 1642 admodum
955 1576 1073 1642 arridet
1106 1576 1189 1663 quod
1225 1577 1312 1642 idem
1348 1576 1485 1644 Cobetus
1520 1579 1686 1663 proposuit
1716 1575 1768 1640 Or.

582 1684 725 1750 XXVIII
749 1686 766 1769 ἓ
786 1683 823 1749 6;
850 1684 953 1758 ἐπειδη
978 1686 1121 1765 τάχιστα
1147 1684 1310 1761 θνίπληντο
1334 1684 1437 1766 (codd.
1459 1684 1677 1765 ἐνεπέπληντο)
1690 1683 1770 1773 [καὶ]

582 1794 641 1857 τῶν
674 1790 823 1869 ὑμετέρων
854 1791 1076 1874 [ἀπέλαυσαν]
1121 1789 1345 1876 Adstipulatus
1377 1798 1424 1856 est
1457 1790 1705 1869 Herwerdenns,
1739 1796 1770 1854 et

581 1898 687 1964 forma
711 1896 876 1970 ε’νέτληντο
902 1919 1015 1982 perum
1041 1898 1145 1963 abfuit
1164 1901 1241 1983 quin
1260 1897 1455 1963 'Phulheimii
1476 1919 1600 1983 qnoque
1621 1897 1769 1983 plausum

580 2006 690 2071 ferret.
715 2003 818 2084 Quam
842 2011 951 2070 autem
975 2004 1112 2070 arduum
1132 2007 1192 2082 sit,
1219 2007 1367 2090 inprimis
1387 2005 1443 2070 ubi
1461 2004 1583 2089 aliquid
1602 2003 1771 2069 delendum

581 2115 801 2198 proposueris,
834 2113 982 2176 omnibus
1013 2110 1217 2196 persuadere,
1249 2118 1282 2176 et
1312 2114 1485 2196 unicuique
1516 2114 1626 2176 critico
1659 2117 1771 2177 notum

582 2226 632 2284 est
663 2224 695 2282 et
725 2239 789 2282 uno
821 2217 936 2304 Lysiae
968 2217 1113 2304 exemplo
1144 2218 1308 2283 ostendere
1338 2220 1438 2283 iuvat.
1474 2218 1526 2283 Or.
1559 2216 1667 2282 XVIII
1691 2220 1708 2301 ᾗ
1730 2217 1771 2283 18

583 2331 690 2390 orator
719 2344 811 2388 reum
842 2324 919 2389 haec
951 2323 1109 2390 dicentem
1140 2325 1233 2390 iacit:
1267 2325 1318 2389 καί
1352 2327 1439 2388 ταῦθ’
1465 2325 1550 2402 ὑμεῖς
1576 2322 1691 2403 ἔγνωτε
1715 2330 1770 2404 (sc.

583 2431 724 2509 dudeciaco
753 2431 901 2509 με’γιστον
933 2431 1051 2509 οθγαθόν
1083 2426 1158 2496 εἶναι
1190 2431 1292 2513 πόλει)
1316 2433 1419 2497 νεωστί
1444 2429 1662 2509 κατελθόντες,
1686 2431 1771 2512 όρθθισ

583 2537 815 2617 βουλευόμενοι·
848 2536 893 2602 ἔτι
921 2540 984 2617 γὰρ
1010 2537 1180 2616 ἐμέμνησθε
1204 2545 1261 2603 τῶν
1286 2538 1500 2618 γεγενημένων
1523 2545 1693 2621 συμφορῶν,
1718 2538 1770 2604 καί

585 2654 648 2718 τοῖς
681 2646 755 2716 θεοῖς
788 2646 829 2716 είς
861 2646 1000 2722 θμόνοιαν
1029 2643 1162 2725 ηὔχεσθε
1186 2652 1380 2719 καταστῆναι
1405 2649 1459 2720 την
1483 2645 1571 2711 πόλιν
1595 2650 1729 2724 μᾶλλον,
1755 2644 1771 2721 ἢ

586 2752 653 2817 ἐπὶ
684 2753 881 2830 τιμωρίαν
905 2759 975 2816 τῶν
1001 2753 1341 2831 παρεληλυθότων
1365 2755 1613 2834 τραπόμενοι
1638 2754 1691 2824 την
1715 2752 1771 2831 μὲν

585 2860 675 2924 πόλιν
699 2857 886 2937 στασιθσαι,
912 2859 980 2931 τοὺς
1007 2858 1039 2924 δὲ
1062 2859 1212 2936 λέγονται
1238 2860 1361 2940 ταχέως
1387 2867 1569 2931 πλουτῆσαι.
1594 2856 1771 2925 Verborum

584 2965 724 3031 diductis
758 2964 875 3031 litteris
910 2966 1164 3053 significatorum
1198 2969 1392 3032 constructio
1428 2967 1600 3032 admodum
1637 2966 1773 3032 molesta

584 3078 651 3152 eet3
683 3076 858 3158 requiritur
887 3073 939 3140 vel
962 3076 1003 3155 τῷ
1028 3076 1078 3140 ε’πί
1104 3076 1249 3155 τιμωρίαν
1274 3100 1303 3141 τ.
1328 3100 1361 3141 π.
1386 3076 1556 3155 τραπέσθαι
1581 3073 1632 3140 vel
1656 3074 1706 3139 ἐπί
1731 3098 1774 3138 τι·

584 3181 702 3262 μωρίαν
731 3206 760 3247 τ.
785 3207 818 3246 π.
851 3182 1047 3261 τραπομένων
1079 3184 1169 3260 ὑμῶν,
1202 3183 1286 3268 quod
1310 3184 1419 3249 obvias
1443 3185 1481 3248 ob
1505 3202 1615 3248 caueae
1639 3184 1773 3270 scriptor

584 3311 701 3377 ponere
724 3288 837 3354 noluit.
862 3290 973 3376 Itaque
997 3290 1036 3355 ad
1055 3292 1251 3356 coniecturas
1270 3291 1456 3356 descensum
1475 3298 1540 3368 est,
1562 3287 1675 3356 Contio
1695 3287 1773 3354 oh'm

584 3396 778 3477 τραπομένην
808 3405 1018 3484 proponente,
1044 3400 1243 3477 τραπομένοις
1269 3397 1417 3473 Reislrio,
1443 3396 1491 3460 ε’πί
1517 3397 1646 3479 τιμωρία
1670 3395 1774 3461 deleta

582 3525 663 3572 voce
683 3504 865 3583 τραπόμενοι
888 3504 1172 3583 Raucbensteinio,
1194 3504 1367 3570 admodum
1386 3502 1650 3588 improbabiliter,
1670 3501 1775 3567 Schei-

582 3612 638 3676 bio
670 3617 777 3675 contra
806 3612 840 3674 in
868 3610 929 3676 fine
951 3615 1126 3676 sententiae
1145 3613 1279 3676 verbum
1302 3609 1512 3687 desiderante,
1534 3608 1701 3688 θβοθλεσθε
1721 3608 1773 3675 vel

585 3716 694 3782 simile
715 3717 801 3801 qnid.
826 3716 892 3782 Alii
913 3717 1047 3784 molesta
1067 3720 1162 3783 verba
1182 3718 1285 3783 delere
1307 3716 1505 3795 maluerunt,
1534 3722 1566 3781 et
1591 3715 1775 3781 deleverunt

584 3824 714 3889 Baitero
746 3829 916 3910 praeeunte
949 3824 1105 3904 Gobetns,
1130 3825 1364 3890 Herwerdenus
1388 3826 1456 3909 (qni
1481 3821 1579 3888 simul
1600 3844 1676 3887 oum
1699 3821 1776 3887 Hal·

583 3932 727 3997 bertsma
757 3933 846 4016 prins
878 3953 1003 4017 quoque
1027 3935 1081 4006 την
1105 3931 1194 3996 πόλιν
1217 3931 1370 4009 induxit),
1394 3928 1625 3995 Thulheimius.
1657 3928 1772 3993 Adsen-

582 4040 663 4103 tirer
687 4043 718 4101 et
741 4040 824 4123 ipse,
846 4041 976 4102 nisime
996 4041 1146 4104 retineret
1167 4037 1338 4103 Andocidis
1358 4036 1424 4118 (Or.
1447 4035 1461 4100 l
1482 4035 1590 4120 elio)
1610 4038 1644 4099 in
1665 4034 1775 4100 eadem

583 4146 744 4209 sententia
767 4142 855 4209 locus
879 4145 943 4210 fere
966 4144 1135 4232 gemellus.
1162 4146 1221 4209 Καί
1246 4145 1303 4222 μὲν
1327 4142 1361 4219 δη
1385 4182 1428 4191 -
1448 4148 1495 4207 est
1519 4144 1552 4205 in
1576 4144 1714 4206 oratione
1739 4144 1776 4205 dc

584 4248 746 4333 Μρτόοσόόο
776 4248 823 4314 l.I.
850 4286 891 4297 -
917 4250 968 4314 καί
1001 4251 1075 4315 τόδε
1108 4253 1179 4328 ὑμῖν
1210 4249 1295 4327 ἄξιον
1323 4245 1343 4313 ὦ
1368 4247 1470 4327 ἄνδρες
1493 4248 1704 4324 ἐνθυμηθῆναι,
1730 4244 1774 4312 ότι

584 4353 647 4420 νυνί
679 4358 758 4419 πᾶσι
788 4363 850 4423 τοῖς
880 4353 1031 4431 Ἕλλησιν
1062 4355 1166 4437 ἄνδρες
1198 4355 1313 4436 θριστοι
1339 4355 1391 4419 καί
1417 4354 1638 4432 εὐβουλότατοι
1660 4352 1774 4417 δοκεῖτε

584 4463 774 4540 γεγενῆσθαι
808 4464 876 4527 οὐκ
908 4462 972 4527 ἐπί
1004 4464 1204 4542 τιμωρίαν
1237 4461 1491 4542 τραπόμενοι
1523 4466 1596 4526 τῶν
1620 4483 1775 4538 γεγενη

582 4567 722 4646 με’νων,
747 4569 821 4632 ἄλλ’
846 4560 897 4632 ἐπί
922 4572 1071 4647 σωτηρίαν
1096 4578 1151 4642 της
1178 4568 1295 4640 πόλεως
1321 4567 1373 4633 καί
1399 4567 1536 4644 όμόνοιαν
1556 4574 1614 4631 τῶν
1634 4571 1774 4630 πολιτῶν.

583 4674 718 4761 Lysiam
747 4696 812 4740 nou
844 4675 943 4740 semel
975 4699 1049 4741 cum
1082 4676 1244 4742 Andocide
1275 4675 1431 4760 quaedam
1455 4674 1569 4739 habere
1593 4676 1776 4738 communia

583 4781 669 4845 mihi
689 4781 819 4866 quidem
839 4786 995 4867 persuasit
1007 4782 1224 4849 Franckenius
1236 4785 1268 4846 in
1287 4783 1452 4845 Commectt.
1469 4783 1553 4865 Lpsr.
1566 4804 1597 4867 p.
1614 4780 1675 4845 131
1690 4802 1774 4866 seqq.

583 4889 644 4952 hac
663 4885 701 4951 de
721 4909 754 4951 re
772 4895 901 4973 propter
913 4888 999 4954 Orat.
1014 4889 1092 4954 XIX
1105 4892 1149 4975 ἓξ
1162 4889 1250 4953 2-4
1264 4894 1296 4952 et
1309 4888 1426 4952 Andoc.
1441 4886 1486 4971 I§
1502 4884 1587 4952 1-7
1601 4886 1775 4972 disputans.

582 4991 697 5077 Itaque
716 4993 814 5058 verba
836 4996 869 5058 in
893 4998 1106 5080 suspicionem
1131 5004 1243 5060 vocata
1267 4996 1472 5070 retinuerim,
1497 5000 1554 5057 aut
1575 4997 1777 5079 acquiescens

1600 5114 1632 5163 29
