5125 6150
1101 825 1171 884 oms
1192 804 1315 875 rusca?
1728 804 1794 872 233

611 998 722 1057 autem
740 993 863 1057 invitus
882 989 1018 1076 protuli;
1040 987 1198 1054 malebam
1217 991 1305 1055 enim
1324 989 1364 1055 ad
1382 991 1516 1055 crimina
1533 989 1658 1076 prolata
1676 994 1795 1067 tacere,

613 1105 672 1177 „ut
705 1119 795 1163 meus
824 1104 873 1162 est
903 1095 1007 1174 mos”,
1039 1099 1190 1181 quoniam
1213 1095 1329 1161 utilius
1351 1096 1430 1162 duco
1452 1099 1530 1184 ipsis
1554 1097 1714 1162 veteribus
1736 1098 1795 1162 im-

611 1204 747 1289 pendere
778 1203 928 1289 quicquid
960 1205 1112 1288 temporis
1141 1200 1193 1267 vel
1222 1204 1379 1267 acuminis
1409 1207 1575 1288 suppetat,
1600 1222 1697 1287 quam
1719 1222 1795 1266 cum

611 1310 685 1375 aliis
703 1309 875 1397 philologis
895 1308 1073 1396 digladiari.
1094 1307 1156 1374 Sed
1176 1312 1263 1395 posci
1282 1330 1366 1374 nunc
1386 1330 1439 1375 me
1451 1310 1550 1385 sensi,
1569 1314 1652 1373 certe
1664 1309 1794 1394 putavi:

610 1433 792 1481 marculum
812 1418 897 1481 euim
915 1413 1133 1480 insimulabar.
1155 1412 1283 1481 Ceteros
1303 1412 1407 1494 locos,
1429 1435 1508 1500 quos
1526 1416 1636 1500 tetigit
1647 1412 1793 1492 Rcemer,

611 1522 734 1607 placide
765 1520 992 1587 confabulando
1021 1542 1096 1587 oum
1124 1542 1161 1586 eo
1192 1523 1403 1609 transigerem
1430 1518 1575 1599 libenter,
1598 1522 1626 1585 si
1648 1541 1791 1606 possem,

610 1628 705 1694 modo
724 1628 874 1714 redargui
894 1649 944 1692 me
963 1630 1102 1713 patiens,
1122 1626 1217 1693 modo
1237 1630 1265 1692 si
1282 1627 1347 1693 fors
1358 1627 1455 1693 ferret
1466 1626 1659 1713 redarguens
1671 1628 1789 1711 ipsum.

609 1733 672 1799 Sed
701 1737 785 1800 vitae
815 1740 940 1800 nostrae
970 1737 1109 1800 rationes
1138 1737 1290 1820 quoniam
1318 1734 1352 1801 id
1382 1755 1445 1801 non
1474 1736 1600 1812 sinunt,
1624 1733 1684 1799 foci
1707 1732 1793 1820 quod

611 1843 713 1926 potui.
736 1841 869 1907 Utinam
892 1861 932 1906 no
955 1837 1089 1906 frustrat

976 2397 1183 2446 aarsrorrmn.
1207 2398 1256 2457 ao.
1282 2380 1347 2447 504
1366 2399 1433 2460 sou.

902 2596 991 2672 ὑμεῖς
1015 2594 1041 2660 δ’
1065 2598 1138 2673 ἡμῖν
1159 2594 1328 2678 προσέχετε
1352 2594 1403 2671 τὸν
1426 2599 1493 2662 νοῦν

902 2710 965 2776 τοῖς
990 2707 1208 2785 ἀναπαίστοις,

904 2807 924 2873 ὦ
948 2811 1096 2883 παντοίας
1120 2810 1174 2888 ἤδη
1199 2809 1314 2888 μούσοις

902 2917 1091 2997 πειραθέντες
1115 2919 1198 2983 καθ’
1221 2917 1407 2989 ἑαυτούς.

607 3020 799 3108 Nuperrime
823 3025 857 3088 iu
880 3021 978 3091 Olass.
1002 3023 1081 3092 Rev.
1109 3023 1206 3104 1902,
1229 3046 1260 3113 p.
1285 3024 1366 3112 8sq.
1391 3026 1429 3091 A.
1451 3022 1501 3090 W.
1522 3020 1646 3089 Verrall
1667 3027 1793 3089 conten-

607 3128 655 3192 dit
686 3129 781 3193 verba
812 3129 944 3196 obscura
975 3132 1042 3196 καθ’
1075 3131 1219 3210 ἑαυτούς,
1251 3130 1386 3218 virgula
1416 3136 1560 3218 separata
1583 3150 1602 3196 a
1624 3130 1792 3218 participio

609 3234 818 3313 πειραθέντες,
853 3236 1015 3323 iungenda
1049 3258 1117 3303 esso
1149 3258 1224 3303 cum
1259 3238 1366 3304 verbis
1401 3245 1462 3310 τοῖς
1498 3236 1722 3313 οίναπαίστοις,
1757 3239 1796 3301 ut

608 3340 807 3427 significetur
835 3350 897 3415 τοῖς
929 3346 996 3407 καθ’
1027 3342 1152 3417 ἑαυτοὺς
1176 3344 1400 3428 ἀναπαίστοις,
1424 3344 1508 3431 quod
1531 3343 1609 3431 quid
1632 3344 1694 3409 sibi
1717 3340 1796 3408 velit

608 3470 672 3514 non
695 3452 815 3535 optime
837 3449 984 3535 equidem
1008 3450 1180 3537 intellego,
1202 3459 1239 3517 ut
1257 3454 1389 3518 mittam
1408 3454 1456 3517 ita
1474 3472 1553 3538 opus
1572 3472 1640 3518 esse
1659 3450 1794 3535 repetito

608 3555 744 3620 articulo
777 3562 840 3629 τοῖς
865 3556 932 3619 καθ’
956 3555 1091 3629 ἑαυτούς.
1116 3555 1178 3622 Sed
1202 3560 1322 3643 optimo
1345 3579 1382 3623 ea
1405 3556 1502 3622 rerba
1525 3577 1558 3622 so
1579 3556 1742 3622 habebunt
1763 3556 1792 3621 si

608 3664 728 3747 partim
750 3683 825 3726 oum
848 3661 1052 3738 Laeuwenio,
1084 3666 1139 3749 qui
1162 3663 1347 3729 Hermanno
1369 3669 1596 3730 tetrametrum
1617 3662 1793 3748 requirenti

609 3770 679 3833 iure
702 3768 871 3834 obsecutus
894 3775 960 3848 est,
983 3769 1170 3836 scribimus:

656 3874 743 3952 ὑμεῖς
765 3873 792 3937 δ’
810 3876 882 3949 ἡμῖν
901 3875 1074 3956 πρίσεχετε
1095 3877 1145 3942 τὸν
1165 3880 1229 3941 νοῦν
1249 3884 1312 3949 τοίς
1331 3876 1535 3948 ιένοιπαίστοις
1554 3877 1747 3956 (turcico),

655 3976 676 4043 ὦ
699 3980 849 4052 παντοίας
874 3979 927 4056 ἤδη
952 3982 1067 4059 μοιίσνς
1093 3980 1303 4062 πειραίίντες,
1326 3984 1412 4047 καί
1438 3981 1625 4061 ίαοιτοιίς,

608 4093 714 4173 spreta
743 4107 859 4172 parum
891 4087 992 4166 felici,
1016 4109 1114 4175 quam
1135 4092 1204 4174 ipsa
1228 4089 1440 4156 Leouwanius
1463 4091 1600 4175 recepit,
1622 4087 1794 4154 Deventeri

608 4195 791 4259 coniectura
815 4194 881 4258 καί
909 4191 1024 4273 ἑορτάς.

654 4298 703 4365 lta
727 4302 813 4366 onim
836 4304 994 4366 sententia
1015 4301 1093 4366 baec
1116 4305 1181 4366 est:

611 4403 711 4483 „Vos,
746 4408 802 4492 qui
835 4409 1039 4494 omnigenam
1068 4410 1134 4473 iam
1164 4410 1287 4495 experti
1316 4411 1392 4474 estis
1423 4408 1617 4487 doctrinam,
1648 4409 1794 4473 animum

606 4516 717 4593 (nunc)
737 4511 893 4579 advertite
913 4514 1003 4578 nobis
1021 4521 1121 4579 ννοιίνο
1140 4521 1234 4579 morte
1253 4515 1483 4604 prodeuntibus
1496 4536 1570 4581 cum
1583 4512 1793 4602 anapaestis'’.
1851 4521 1854 4526 ’

606 4616 721 4697 Qualia
747 4618 844 4683 rerba·
862 4621 991 4705 egregie
1010 4621 1204 4685 conveniunt
1223 4628 1334 4706 poetae
1350 4642 1433 4686 nunc
1453 4624 1597 4706 primurn
1616 4640 1673 4687 suo
1690 4624 1793 4686 marte

607 4723 749 4790 fabulam
771 4727 986 4791 committenti
1008 4728 1043 4790 in
1066 4746 1202 4792 scenam.
1580 4819 1614 4885 Η
1703 4819 1737 4886 Η

1616 4838 1680 4888 ‚u
1739 4868 1747 4886 .

1109 4939 1302 4950 -—.—..
