5125 6150
701 823 767 890 426
1229 838 1350 886 nuens.

699 1006 900 1085 βεβληκέναι.
932 1004 1034 1070 Verba
1063 1005 1185 1070 inclusa
1215 1004 1330 1069 desunt
1359 1007 1394 1068 in
1425 1003 1467 1081 X,
1490 1004 1587 1069 babet
1609 1002 1646 1081 G,
1670 1025 1707 1069 ao
1731 1007 1812 1069 satis
1835 1004 1880 1069 de

699 1113 873 1179 tenduntnr
894 1115 1032 1197 epitome
1055 1110 1121 1189 (Or.
1146 1111 1205 1191 XI)
1228 1113 1246 1196 ᾖ
1268 1110 1337 1190 7¹).
1360 1111 1409 1175 lta
1431 1109 1485 1175 Or.
1505 1109 1537 1174 Π
1556 1113 1574 1195 §
1592 1109 1635 1176 47
1654 1113 1690 1174 in
1707 1111 1770 1176 boo
1789 1131 1882 1176 enun-

700 1225 797 1286 tiato:
822 1220 873 1284 καί
898 1217 1150 1299 πεζομαχοῦντες
1171 1220 1255 1295 (καί
1280 1222 1558 1299 ναυμαχοῦντες),
1583 1217 1636 1281 καὶ
1657 1217 1730 1296 πρὸς
1750 1216 1880 1293 <ποὺς>

699 1325 876 1407 βαρβάρους
901 1326 953 1389 καί
977 1325 1048 1403 πρδς
1071 1325 1140 1395 τοὺς
1164 1322 1341 1401 Ἕλληνας,
1366 1325 1423 1388 ὑπὸ
1448 1324 1570 1387 πάντων
1591 1322 1769 1399 ἦξιιίίηταν,
1790 1323 1881 1389 verba

700 1435 752 1497 καί
787 1437 1021 1512 ναυμαχοῦντες
1056 1432 1096 1496 ob
1129 1435 1360 1517 oppositionem
1396 1434 1570 1496 necessaria
1601 1452 1716 1496 manus
1748 1430 1881 1496 secunda

699 1539 839 1605 Palatini
868 1539 1001 1615 adiecit,
1025 1539 1094 1608 τοὺς
1118 1560 1180 1604 non
1204 1541 1313 1602 minus
1336 1541 1549 1602 necessarium
1574 1537 1696 1602 addidit
1718 1536 1880 1602 Reiskius.

698 1646 759 1712 Sed
790 1654 865 1711 sunt
895 1645 972 1711 talia
1000 1648 1179 1721 rarissima,
1209 1666 1245 1710 ao
1276 1643 1465 1731 plerumque
1496 1648 1574 1709 satie
1602 1645 1712 1710 fecisse
1735 1644 1882 1709 videmur

697 1754 754 1818 ubi
785 1754 973 1817 sententiam
1003 1754 1191 1816 amissorum
1223 1758 1385 1836 uteunque
1416 1750 1649 1836 supplevimus.
1673 1749 1734 1814 Est
1757 1770 1881 1836 quoqne

698 1860 754 1923 ubi
772 1856 824 1923 rel
844 1858 920 1922 haee
940 1879 1012 1942 spes
1031 1857 1120 1922 nobis
1139 1856 1315 1943 denegetur
1329 1879 1386 1922 neo
1399 1855 1574 1942 quidquam
1584 1859 1663 1922 oerti
1675 1856 1883 1941 dispiciamus

699 1968 761 2030 nisi
783 1965 841 2030 boe
864 1985 984 2042 unum,
1016 1963 1122 2028 deesse
1145 1962 1265 2048 aliquid
1291 1963 1331 2027 ad
1352 1963 1414 2028 loci
1436 1965 1668 2049 integritatem.
1699 1962 1812 2028 Huius
1833 1983 1883 2050 ge

699 2074 783 2137 neris
805 2069 990 2156 exemplum
1013 2073 1055 2135 sit
1079 2091 1159 2155 quae
1182 2069 1338 2156 leguntur
1361 2069 1413 2135 Or.
1438 2070 1454 2133 I
1477 2069 1568 2153 522:
1593 2070 1645 2134 καί
1669 2069 1756 2146 μετὰ
1778 2075 1882 2134 ταῦτα

699 2177 863 2255 διεγένοντο
892 2175 1001 2254 ἡμέραι
1023 2176 1170 2254 τέσσαρες
1194 2175 1321 2256 (malim
1344 2198 1418 2241 eum
1441 2175 1654 2242 Herwerdeno
1677 2178 1844 2255 τέτταρες)
1865 2175 1881 2247 ἦ

699 2287 791 2350 πέντε
805 2331 902 2350 .....
921 2286 960 2353 ὥς
981 2284 1039 2360 ε’γὲο
1058 2285 1211 2359 μεγάλοις
1232 2285 1303 2358 ὑμῖν
1323 2285 1494 2362 τεκμηρίοις
1508 2282 1657 2358 ἐπιδείξει.
1676 2283 1883 2349 Manifesta)
1923 2362 1925 2369 Ι

698 2391 845 2456 lacunam
877 2392 1001 2474 primus
1029 2388 1185 2453 indicavit
1215 2388 1383 2467 Reiskiue,
1414 2388 1467 2454 vel
1498 2389 1637 2454 Babium
1667 2392 1695 2454 si
1718 2392 1885 2475 sequimur

698 2498 805 2578 (schol.
830 2497 913 2580 Hyp.
936 2495 966 2560 11
992 2495 1056 2561 198
1068 2504 1168 2581 seqq.)
1191 2494 1367 2582 Taylorus,
1391 2506 1424 2561 et
1446 2499 1557 2560 mirari
1588 2498 1676 2561 subit
1706 2518 1779 2561 eam
1812 2502 1883 2562 ante

698 2605 756 2669 boe
774 2624 938 2688 nunquam
959 2603 1055 2666 fnisse
1076 2602 1348 2682 animadversam,
1369 2606 1447 2687 quin
1467 2601 1519 2667 vel
1537 2603 1719 2668 Bekkerum
1744 2606 1807 2668 etsi
1830 2601 1880 2667 ad-

699 2708 860 2776 monitum
883 2730 993 2774 aurem
1016 2730 1076 2773 non
1101 2710 1293 2794 praebuisse.
1325 2707 1386 2774 Sed
1409 2709 1484 2794 qnid
1504 2706 1603 2773 latet?
1623 2710 1673 2773 An
1691 2708 1778 2794 quod
1797 2708 1881 2774 Rois

699 2816 774 2880 laius
796 2816 1005 2901 proponebat:
1030 2815 1083 2878 καί
1108 2816 1157 2877 ἐπ’
1180 2816 1345 2893 αὐτοφώρῳ
1369 2815 1420 2878 τδν
1438 2816 1549 2894 μοιχὸν
1568 2813 1648 2880 ἔνδον
1667 2812 1807 2890 ἔλαβονί
1826 2812 1882 2879 Vel

700 2922 783 3009 qnod
826 2921 995 2987 Reiskiano
1033 2920 1255 3007 supplemento
1290 2930 1539 2987 commemorato
1573 2922 1661 2987 addit
1694 2920 1879 2987 Thalbeim:

701 3030 842 3116 „possiet
862 3025 916 3098 las
936 3028 997 3104 ἐγὼ
1016 3030 1071 3103 stu
1091 3029 1124 3092 εἰς
1143 3035 1201 3093 τῶν
1220 3029 1317 3105 νόμον
1337 3028 1421 3102 δίκην
1441 3025 1597 3105 ἓλαβονί”
1615 3027 1673 3094 Vel
1684 3028 1768 3115 quod
1781 3027 1881 3094 Balsio

698 3134 745 3200 l.l.
777 3134 939 3221 placebat,
972 3137 1020 3211 ,si
1050 3133 1159 3200 ludere
1182 3136 1404 3201 conceditur’':
1429 3139 1497 3215 πρὶν
1521 3136 1576 3211 ἐμὲ
1598 3136 1739 3210 τοιαύτης
1766 3132 1877 3215 ὕβρεος

699 3242 784 3316 δίκην
815 3240 937 3317 λαβεῖν,
966 3242 1017 3304 oriz
1042 3239 1075 3314 ἐξ
1100 3241 1286 3319 ἐπιβουλῆς,
1310 3244 1380 3307 οὔτε
1405 3242 1481 3324 βίᾳ,
1506 3241 1575 3307 οὔτε
1599 3240 1710 3322 ἔχθρας
1736 3242 1878 3318 οὐδεμιᾶς

700 3345 806 3424 ἕνεκα,
837 3351 875 3414 ὥς
900 3347 960 3421 ἐγὼ
984 3346 1076 3410 arax?
1107 3347 1185 3427 Quis
1208 3347 1315 3413 dieat?
1338 3348 1408 3414 Hoo
1433 3358 1559 3413 tantum
1584 3349 1694 3426 video,
1717 3370 1794 3414 vere
1817 3369 1879 3413 mo

700 3476 772 3519 nere
807 3453 945 3517 Bakium
981 3453 1202 3538 supplementa
1235 3454 1341 3540 qualia
1376 3464 1408 3519 et
1443 3456 1591 3520 Reiskins
1625 3458 1823 3542 excogitavit
1849 3460 1878 3519 et

699 3581 782 3624 nuno
805 3558 1025 3623 'l’halbeimius
1050 3559 1132 3625 male
1155 3562 1309 3646 quadrare
1333 3583 1406 3626 oum
1429 3560 1496 3626 illis
1519 3583 1598 3646 quae
1621 3571 1727 3628 orator
1745 3582 1879 3628 comme

699 3671 803 3731 morat
825 3669 976 3741 μεγάλοις
1001 3668 1182 3745 τεκμηρίοις.

744 3772 859 3858 Lysiae
883 3778 1007 3836 textum
1032 3795 1092 3839 non
1116 3773 1263 3861 effugisse
1287 3795 1490 3840 communem
1514 3778 1732 3859 antiquiorum
1751 3778 1879 3862 scripto

698 3900 772 3942 rum
795 3877 1028 3955 calamitatem,
1052 3879 1327 3965 interpolationem
1353 3880 1440 3957 dion,
1465 3902 1521 3966 per
1543 3902 1576 3945 se
1598 3879 1812 3967 intellegitur.
1836 3881 1879 3947 De

699 3984 836 4072 singulis
867 3984 944 4049 locis
970 4006 1062 4069 saepe
1086 4007 1199 4071 anceps
1223 3990 1367 4071 quaestio
1389 3996 1453 4062 est,
1478 4009 1512 4051 ao
1535 3990 1645 4073 negari
1669 3991 1781 4072 nequit
1805 3990 1880 4053 anti·

698 4095 824 4176 quiores
846 4094 990 4168 criticos,
1012 4097 1044 4156 et
1067 4100 1221 4157 nostrates
1243 4099 1274 4158 et
1297 4100 1438 4169 exteros,
1463 4094 1520 4158 hae
1538 4097 1572 4157 in
1592 4115 1625 4158 re
1643 4094 1740 4158 fuisse
1758 4098 1881 4181 saepius

698 4202 783 4263 iusto
807 4200 987 4262 severiores.
1011 4197 1131 4261 Verum
1154 4199 1212 4263 boo
1232 4220 1357 4284 quoque
1377 4203 1486 4283 negari
1505 4221 1561 4264 nee
1580 4208 1684 4284 potest
1703 4221 1760 4265 neo
1779 4201 1879 4276 debet,

698 4303 900 4390 expungendi
933 4307 1099 4368 materiem
1133 4326 1233 4389 neque
1262 4310 1295 4369 in
1325 4305 1441 4392 Lysiae
1464 4312 1553 4369 textu
1577 4306 1698 4382 deesse,
1723 4314 1755 4371 et
1777 4306 1880 4372 laetus

699 4411 766 4476 vidi
797 4413 1017 4495 nuperrimnm
1050 4410 1223 4487 editorem,
1255 4415 1403 4497 quamvis
1434 4418 1524 4476 oaute
1544 4433 1611 4476 rem
1634 4421 1726 4498 agat,
1751 4420 1878 4478 eentum

699 4517 762 4581 fere
781 4517 858 4582 loeis
878 4520 1009 4581 uncinos
1027 4517 1212 4583 damnantes
1232 4523 1425 4603 apposuisse.
1445 4517 1647 4583 Emblemata
1666 4519 1743 4584 haec
1763 4542 1881 4607 magna

667 4645 675 4657 ·
700 4642 738 4685 en
761 4632 849 4706 parte
873 4645 934 4688 non
957 4644 1091 4708 procusa
1114 4645 1181 4688 esse
1206 4646 1243 4688 ex
1267 4625 1495 4690 monachorum
1521 4625 1618 4690 medii
1638 4629 1710 4690 aeri
1729 4628 1879 4703 oerebris,

525 5271 669 5369 G

734 4881 759 4938 l)
778 4880 805 4928 ln
823 4881 866 4928 bac
883 4886 966 4930 contra
982 4883 1047 4930 deest
1065 4881 1184 4941 ἀκοῦσαι,
1202 4884 1264 4946 qnod
1282 4882 1386 4931 servarit
1403 4884 1480 4931 oratio
1497 4883 1599 4949 integra.
1619 4886 1740 4936 ‚Alienus
1755 4889 1790 4937 aio
1807 4888 1883 4938 altera

706 4962 780 5024 possit
795 4962 888 5027 opern'',
903 4969 926 5011 et
945 4966 1035 5013 utinam
1051 4973 1183 5014 ceterarum
1200 4981 1293 5029 quoque
1310 4965 1426 5029 epitomae
1443 4971 1598 5031 superessent.
