5125 6150
1116 803 1261 851 vimus
1714 788 1777 854 117

587 974 739 1036 senatum
762 967 886 1032 inducti
912 971 997 1032 sunt.
1021 967 1070 1032 Ab
1090 966 1187 1033 exilio
1209 974 1364 1034 retractus
1382 967 1558 1055 illuvieque
1578 991 1613 1035 ac
1634 968 1781 1055 squalore

587 1077 714 1141 obsitus
739 1081 828 1160 pater
848 1076 1006 1159 peroranti
1025 1072 1108 1139 filio:
1130 1079 1336 1159 praeparatus
1355 1074 1539 1140 adulescens
1558 1073 1672 1141 multis
1691 1098 1782 1141 mun-

585 1182 695 1259 ditiis,
720 1181 816 1246 alacri
836 1179 948 1257 vultu,
970 1186 1105 1245 structas
1125 1183 1262 1267 principi
1282 1180 1430 1259 insidias,
1452 1185 1564 1247 missos
1583 1185 1617 1246 in
1638 1180 1777 1249 Galliam

586 1291 762 1354 concitores
797 1287 873 1352 belli
907 1287 1001 1351 index
1035 1287 1122 1351 idem
1157 1294 1189 1351 et
1223 1290 1315 1352 testis
1352 1288 1491 1366 dicebat,
1531 1288 1778 1375 adnectebatque

590 1393 767 1462 Caecilium
797 1392 975 1460 Cornutum
1011 1396 1206 1479 praetorium
1240 1395 1474 1460 ministravisse
1505 1397 1690 1480 pecuniam:
1722 1397 1777 1480 qui
1814 1473 1817 1482 Ι

589 1501 694 1566 taedio
714 1521 878 1577 curarum,
900 1507 931 1565 et
950 1502 1024 1585 quia
1045 1499 1225 1585 periculum
1245 1521 1302 1585 pro
1322 1503 1421 1566 exitio
1440 1501 1626 1580 habebatur,
1639 1508 1776 1567 mortem

586 1608 623 1673 in
642 1629 675 1673 ee
695 1608 868 1673 festinavit.
894 1607 938 1671 At
957 1612 1064 1671 contra
1084 1627 1156 1670 reus
1176 1606 1259 1671 nihil
1282 1607 1417 1672 infracto
1440 1609 1545 1672 animo
1569 1608 1722 1674 obversus
1742 1610 1776 1673 in

585 1713 693 1778 filium
712 1721 841 1798 quatere
859 1710 964 1776 vincla
985 1759 1058 1776 ....
1079 1711 1357 1796 Adseverabatque
1375 1714 1573 1778 innocentem
1595 1710 1775 1781 Oomutum

584 1826 619 1885 et
644 1818 722 1885 falsa
745 1821 952 1896 exterritum
981 1817 1077 1904 idque
1101 1818 1192 1883 facile
1215 1817 1399 1897 intellectu,
1424 1822 1452 1883 si
1474 1819 1681 1906 proderentur
1703 1819 1774 1886 alii:

584 1949 652 1991 non
675 1929 761 1991 enim
784 1947 817 1990 se
841 1924 969 1989 caedem
992 1927 1144 2010 principis
1169 1930 1200 1989 et
1224 1945 1273 1989 res
1297 1946 1394 1991 novas
1418 1948 1480 1991 uno
1504 1929 1588 1992 socio
1609 1931 1776 2014 cogitasse.

633 2033 697 2097 Pro
722 2038 814 2114 poter
837 2031 996 2114 peroranti
1019 2031 1110 2114 filio:
1135 2038 1339 2114 praeparatus
1362 2033 1534 2097 adulescens
1554 2057 1578 2098 e.
1591 2057 1618 2118 q.
1631 2057 1655 2098 e.
1687 2033 1776 2099 Mad·

587 2141 699 2224 vigius
735 2139 869 2203 coniecit
893 2145 985 2219 poter
1014 2137 1114 2201 oranti
1136 2138 1210 2220 filio
1240 2146 1445 2220 comparetur:
1476 2139 1648 2203 adulescens
1671 2162 1695 2204 e.
1709 2163 1736 2224 q.
1749 2162 1774 2204 e.

587 2243 867 2330 ingeniosissime,
899 2244 954 2308 sed
985 2242 1066 2308 nihil
1089 2246 1133 2308 sic
1157 2243 1356 2330 proficimus;
1381 2265 1444 2309 non
1467 2247 1571 2323 onim,
1595 2252 1632 2310 ut
1655 2249 1775 2331 opinor,

587 2350 795 2415 vehementer
823 2348 1005 2436 logentium
1036 2351 1136 2414 animi
1168 2348 1386 2435 percelluntur
1416 2372 1491 2416 cum
1522 2353 1605 2415 inter
1628 2371 1661 2416 es
1684 2373 1777 2438 oppo-

589 2462 712 2521 nuntur
743 2461 832 2542 pater
862 2454 1008 2541 squalore
1032 2454 1155 2520 obsitus
1179 2461 1212 2520 ot
1234 2455 1321 2521 filius
1446 2479 1544 2522 crene.
1569 2456 1680 2542 Neque
1703 2464 1775 2523 tum

588 2562 719 2628 demum
739 2562 953 2628 introducitur
974 2582 1064 2640 reus,
1089 2583 1164 2627 cum
1187 2566 1437 2628 accusatoriam
1460 2565 1637 2629 orationem
1660 2564 1775 2630 habere

586 2671 701 2755 coepit.
726 2667 833 2733 Multo
858 2678 964 2734 tamen
987 2668 1147 2755 Madvigii
1170 2671 1341 2734 inventum
1363 2669 1480 2735 melius
1502 2676 1550 2735 ost
1573 2691 1669 2756 quam
1692 2676 1773 2737 cete·

585 2796 697 2840 rorum
720 2774 808 2839 istud
824 2781 1045 2857 praeparetur,
1069 2774 1155 2860 quod
1178 2774 1378 2861 iungendum
1397 2778 1440 2840 sit
1459 2797 1533 2841 cum
1553 2777 1710 2840 munditiis
1728 2779 1774 2842 ita

586 2888 626 2947 ut
749 2891 862 2968 aptum
890 2903 1019 2947 sensum
1043 2882 1169 2948 nullum
1193 2883 1351 2968 praebeat.
1376 2881 1464 2948 Haec
1486 2905 1563 2970 ergo
1586 2886 1774 2962 mittamus,

589 2991 739 3074 quoniam
769 2992 814 3055 sic
843 3011 968 3076 quoque
997 2993 1146 3055 universe
1176 2991 1348 3056 verborum
1372 2993 1530 3056 sententia
1553 2997 1650 3077 patet.
1673 2989 1774 3056 Paulo

587 3103 659 3180 post
688 3118 745 3182 pro
768 3097 862 3180 salso
892 3096 999 3183 legere
1024 3097 1114 3181 falec
1145 3097 1198 3163 vel
1223 3120 1282 3180 per
1298 3097 1391 3181 folco
1415 3096 1509 3183 plane
1531 3105 1579 3163 est
1601 3097 1716 3163 inutile
1740 3103 1772 3163 et

584 3202 718 3268 fortasse
749 3224 945 3288 perversum.
971 3205 1014 3267 At
1038 3225 1118 3289 quae
1141 3210 1319 3290 sequuntur
1342 3207 1497 3270 maiorem
1520 3206 1673 3290 praebent
1696 3204 1775 3269 diffi-

584 3308 750 3375 cultatem.
783 3309 854 3375 Hoc
884 3317 1007 3375 certum
1039 3310 1134 3376 Nevii
1165 3311 1198 3374 ni
1222 3313 1424 3394 proderentur
1446 3332 1503 3398 pro
1525 3312 1773 3394 ciprodereneur

583 3418 758 3502 speciosius
789 3438 856 3482 esse
887 3437 983 3502 quam
1017 3419 1138 3493 verius,
1169 3438 1270 3501 neque
1299 3416 1390 3483 facile
1414 3439 1487 3483 cum
1511 3417 1771 3503 praecedentibus

585 3525 680 3609 iungi
704 3543 811 3608 posse:
837 3523 915 3608 quid
937 3525 1023 3587 enim
1045 3522 1127 3587 illud
1147 3529 1211 3588 est:
1229 3523 1333 3607 focile
1351 3525 1405 3587 doc
1425 3531 1468 3588 cet
1486 3526 1528 3588 cd
1545 3523 1770 3605 intcldiqendun

584 3628 620 3692 ni
633 3631 807 3710 produntur
823 3629 891 3693 elii.
916 3629 1026 3715 Neque
1046 3635 1153 3694 tamen
1172 3631 1200 3693 si
1218 3650 1380 3696 remanere
1399 3636 1519 3715 potest,
1539 3633 1603 3696 nisi
1622 3630 1771 3698 volumus

584 3735 741 3801 Serenum
770 3758 832 3801 non
863 3736 1015 3814 εἷρωνικῶς
1046 3736 1101 3801 sed
1130 3734 1367 3814 ciusyuurdioc
1397 3736 1495 3822 loqui.
1529 3735 1613 3816 Quid
1643 3740 1771 3804 verosi

584 3847 693 3906 totum
722 3840 805 3906 illud
835 3843 863 3906 ei
895 3864 959 3907 uua
982 3841 1081 3907 litura
1103 3840 1267 3907 delemus?
1293 3841 1377 3907 Tum
1401 3844 1487 3908 enim
1510 3841 1645 3910 Serenus
1665 3866 1772 3929 proco·

583 3949 664 4011 eadit
693 3947 815 4025 filium,
848 3951 894 4013 sic
925 3949 1005 4014 fere:
1040 3949 1138 4034 „quid
1169 3950 1274 4014 verbis
1306 3969 1385 4034 opus
1415 3945 1484 4014 ost?
1508 3950 1602 4015 rebus
1626 3956 1657 4014 et
1680 3950 1772 4015 factis

584 4075 737 4140 agamus:
761 4055 857 4140 prode
880 4054 960 4120 alios
984 4052 1141 4121 consciosl
1166 4058 1216 4120 An
1235 4056 1296 4121 hoe
1314 4055 1474 4121 iudicibus
1493 4060 1525 4120 te
1544 4075 1771 4141 persuasurum

582 4172 677 4246 putas
697 4164 730 4225 in
752 4167 818 4226 tam
838 4163 972 4246 ancipiti
991 4162 1153 4247 arduoque
1166 4164 1294 4249 negotio
1306 4183 1358 4228 me
1371 4184 1471 4227 unum
1485 4166 1611 4227 tantum
1623 4162 1771 4228 habuisse

582 4264 767 4332 conscium?
798 4268 842 4331 At
871 4267 1003 4353 prodere
1035 4268 1198 4333 aliusnon
1221 4269 1372 4353 poteris.”
1395 4267 1488 4333 Nunc
1511 4289 1635 4354 quoque
1659 4268 1772 4333 intelli·

579 4374 674 4454 pendi
705 4374 838 4438 verbum
870 4395 941 4439 eam
973 4374 1069 4439 habet
1100 4377 1167 4438 vim
1198 4395 1296 4459 quam
1326 4396 1423 4460 supra
1454 4377 1565 4440 monui
1596 4378 1626 4439 oi
1656 4377 1768 4441 inesse.

584 4477 690 4565 (Belg.
715 4481 752 4543 de
768 4480 868 4563 preef
886 4502 922 4563 op
945 4482 982 4543 dc
1004 4502 1064 4543 son
1085 4503 1186 4545 nemen
1209 4487 1241 4546 et
1263 4483 1389 4547 novicio
1409 4482 1555 4545 omnium
1573 4480 1768 4567 populorum

584 4586 681 4650 verbo
705 4591 927 4662 eomtcteeren).

629 4694 673 4756 At
704 4712 784 4777 qnae
813 4692 850 4756 de
880 4691 952 4778 lege
980 4692 1080 4778 Papia
1110 4694 1257 4779 Poppaea
1287 4692 1536 4777 criminibusque
1565 4713 1604 4757 ex
1627 4711 1664 4757 ee
1685 4695 1769 4759 natis

581 4801 634 4877 (A.
659 4797 717 4873 lll,
736 4797 794 4874 25)
817 4803 923 4862 narrat
941 4797 1087 4875 Tacitus,
1108 4798 1264 4863 eiusmodi
1283 4803 1374 4875 sunt,
1394 4802 1432 4860 ut
1454 4802 1524 4861 tota
1542 4817 1592 4862 res
1610 4799 1768 4883 quomodo

581 4925 694 4968 revera
714 4924 747 4968 se
766 4902 914 4967 habuerit
933 4910 1042 4968 nostro
1061 4902 1279 4987 exputandum
1298 4903 1427 4987 ingenio
1446 4900 1656 4988 relinquatur,
1673 4903 1770 4990 idque
