5125 6150
1059 902 1061 905 Ι
1096 839 1263 887 neonuus.
1709 820 1772 886 167

626 1011 698 1097 §3:
725 1009 810 1074 κατοὶ
835 1010 950 1072 σαυτοῦ
973 1005 987 1067 ὅ
1013 1004 1258 1081 Βελλεροφόντης
1282 1004 1453 1082 γεγραφὼς
1477 1003 1511 1066 τί
1530 1003 1667 1083 βιβιίοο,
1693 1007 1777 1070 Arti.

580 1117 694 1182 culum
718 1113 892 1181 delendum
916 1132 983 1176 esse
1006 1109 1130 1174 ostendi
1154 1110 1265 1173 Moeno.
1293 1108 1380 1173 1899
1403 1130 1434 1194 p.
1462 1108 1537 1174 163.

1077 1276 1288 1339 Hermotimus.

626 1432 702 1518 §83
729 1430 795 1496 είπὲ
819 1425 836 1492 i'
858 1453 887 1494 τι
912 1427 963 1491 καί
987 1425 1140 1504 λίνεος.
1165 1427 1287 1512 Legum
1310 1427 1475 1511 equidem:
1501 1427 1608 1499 ίίλεις.

627 1632 720 1717 §liz
755 1632 860 1695 πολλὰ
894 1628 945 1692 καί
977 1628 1094 1703 μόνον
1126 1628 1240 1704 α’ριίμῷ
1273 1628 1467 1706 παραλαβὼν
1491 1629 1533 1692 τοὶ
1559 1630 1640 1708 κρέα.
1666 1630 1713 1695 De
1736 1652 1773 1696 eo

580 1760 668 1803 more
692 1741 760 1802 iam
783 1737 865 1799 dixit
890 1734 1025 1799 Solanus
1048 1740 1081 1798 et
1105 1740 1177 1818 post
1195 1732 1350 1798 Solanum
1371 1734 1574 1811 Fritzschius,
1595 1736 1649 1799 sed
1671 1742 1708 1801 ut
1728 1739 1773 1799 in-

580 1852 673 1929 tegra
697 1845 856 1908 sententia
880 1843 941 1916 sit,
965 1838 1199 1925 supplendum:
1223 1839 1312 1915 μόνον
1337 1840 1457 1921 (οὐχί)
1482 1842 1607 1920 ἀριθμῷ.

625 2064 643 2147 §
668 2060 728 2125 19:
754 2058 936 2139 οὶνδριὲντων
959 2056 1077 2129 ταύτην
1102 2056 1241 2135 ἐξέτασιν
1261 2056 1376 2133 λέγεις.
1400 2056 1521 2144 Relege
1541 2065 1648 2123 totum
1667 2058 1773 2124 locum

583 2168 736 2243 etmihi,
768 2169 817 2230 uti
842 2186 951 2250 sper0,
976 2165 1157 2228 assentieris
1179 2165 1358 2226 insiticium
1381 2184 1448 2228 esse
1471 2164 1554 2248 quod
1578 2164 1775 2249 adscriptum

583 2280 644 2338 eet:
670 2275 725 2344 την
748 2273 812 2335 ἀπὸ
836 2277 894 2333 τῶν
918 2271 1102 2351 σχημάτων.
1127 2267 1245 2333 Itidem
1269 2267 1364 2351 paulo
1388 2273 1460 2352 post
1477 2268 1705 2354 interpolatum
1726 2278 1775 2335 est

583 2381 606 2443 οί
631 2377 766 2459 τυφλοί,
797 2376 852 2440 sed
876 2375 934 2441 hoc
957 2374 1171 2440 schwartzius
1194 2376 1261 2438 iam
1286 2373 1368 2438 vidit
1392 2375 1503 2439 Μοιονο.
1530 2375 1616 2440 1885
1641 2398 1672 2461 p.
1698 2375 1774 2441 440.

627 2594 725 2680 §32:
758 2594 772 2656 ὅ
805 2593 868 2672 γοὶρ
900 2593 1085 2662 διδάσκαλος
1118 2594 1247 2656 ιιοὶιιεῑνα
1277 2590 1402 2665 μεταξὺ
1433 2590 1554 2667 διέξεισι
1586 2592 1660 2670 πρὸς
1686 2595 1771 2669 ἡμᾶς
1852 2618 1856 2624 ·

583 2700 636 2764 καί
670 2700 837 2775 ἀνατρέπει
870 2721 908 2773 νε
940 2696 1047 2760 αὐτοὶ
1080 2696 1268 2775 τροσίείς
1304 2696 1438 2766 αὖτίς.
1476 2695 1639 2774 Quantum
1670 2699 1771 2776 vidae,

581 2803 779 2868 Fritzschiue
810 2801 980 2887 vulgatum
1012 2804 1204 2885 scripturam
1235 2801 1353 2865 frustra
1381 2806 1500 2877 tuetur,
1524 2822 1580 2866 nec
1604 2803 1774 2867 concedam

580 2912 790 2994 participium
825 2906 1027 2971 tantumdem
1062 2906 1168 2971 valere
1202 2914 1359 2991 quantum
1395 2908 1424 2969 ἐν
1459 2908 1625 2985 προσθήκης
1663 2911 1773 2991 μοίρρε·

580 3022 751 3081 contextus
774 3012 863 3079 aliud
886 3012 963 3099 quid
987 3010 1139 3098 postulat.
1162 3013 1275 3078 Latere
1295 3013 1451 3078 dixerim:
1477 3015 1773 3092 ἀντιπαραθεὶς

580 3122 707 3199 αὐτοί,
732 3141 807 3184 nam
831 3121 1030 3185 nominativo
1053 3118 1146 3190 αὖτίς
1170 3118 1259 3183 locus
1281 3140 1346 3183 non
1369 3127 1427 3183 est.

626 3322 724 3408 §34:
760 3323 774 3385 ί
804 3322 937 3386 [lutcus
971 3321 996 3384 δ’
1020 3321 1059 3385 οἶν
1091 3345 1143 3397 μοι
1176 3321 1257 3385 δοκεῖ
1287 3321 1339 3385 καί
1371 3320 1578 3397 διηγήσασθαί
1603 3346 1631 3386 ει
1656 3329 1713 3387 τῶν
1738 3325 1771 3389 ίιι

581 3429 751 3504 Σικελίας,
776 3429 813 3499 ὥς
838 3426 876 3490 ἂν
900 3426 982 3499 εἰδὼς
1006 3430 1049 3491 τοί
1074 3427 1139 3490 ἐκεῖ
1159 3434 1287 3494 atteka.
1310 3427 1423 3510 Itaque
1447 3426 1538 3492 Plato
1561 3426 1682 3513 aliquid
1705 3452 1774 3495 nar·

578 3543 710 3600 ratnrus
746 3539 812 3598 est:
847 3535 925 3618 quid
956 3541 1063 3598 tamen
1094 3530 1260 3618 sequitur?
1291 3535 1333 3612 τῷ
1364 3532 1426 3610 γὰρ
1460 3535 1634 3615 Συρακοσίῳ
1659 3537 1770 3601 riuum

578 3649 686 3721 Φασι
711 3639 839 3710 δυσῶδες
864 3636 940 3703 εἶναι
965 3640 999 3702 τὸ
1023 3639 1117 3716 ςίμα,
1143 3639 1207 3702 xci.
1232 3640 1390 3722 Apertum
1409 3645 1457 3703 est
1476 3642 1612 3724 requiri:
1634 3644 1768 3721 Φησει.

628 3856 730 3943 ξ59τ
756 3856 802 3921 ὅτι
826 3858 1234 3933 αὐθομολογούμενον
1256 3860 1395 3934 stuppa
1419 3857 1528 3933 λαβὼν
1550 3858 1602 3922 καί
1623 3856 1770 3938 γνώριμον

582 3961 687 4028 ἅπασι
719 3969 785 4027 τίν
817 3959 919 4027 οίνον
952 3960 1081 4042 εἰκάζεις
1113 3963 1197 4038 αὐτῷ
1229 3962 1270 4025 τοὶ
1303 3962 1520 4036 scopatam.
1544 3963 1607 4028 Hic
1630 3964 1701 4029 leve
1725 3973 1773 4032 est

580 4089 768 4155 expungere
797 4069 849 4131 τὸν
879 4064 963 4143 οίνον,
996 4067 1080 4152 quod
1102 4066 1262 4132 inutiliter
1286 4067 1433 4132 additum
1456 4076 1521 4145 est;
1546 4069 1600 4133 ead
1623 4070 1701 4154 quid
1724 4078 1772 4135 est

581 4169 903 4250 αὐίομολογοιίμενονί
925 4172 1100 4257 Amplexus
1119 4178 1167 4235 est
1186 4171 1381 4237 Fritzschius
1393 4173 1533 4238 Beklxeri
1545 4179 1772 4240 correctionem

581 4276 668 4348 αὖθις
701 4279 953 4355 ίμολογοιίμενον,
985 4277 1037 4342 sed
1069 4276 1254 4362 obloquitur
1281 4277 1467 4363 Madvigius
1490 4280 1613 4342 Advere.
1637 4303 1667 4365 p.
1694 4280 1770 4358 686,

580 4388 636 4469 qui
663 4383 867 4449 commendat
890 4383 1196 4459 οίνίομοοιογοιίμενον.
1220 4383 1344 4448 Neutra
1366 4386 1518 4448 correctio
1543 4384 1625 4447 mihi
1643 4385 1770 4451 arridet.

581 4489 715 4557 Contuli
746 4492 780 4552 in
804 4488 914 4553 eadem
938 4487 1138 4575 paragrapho
1161 4492 1372 4572 postpauca:
1407 4488 1459 4551 τίν
1483 4484 1556 4552 οίνον
1580 4491 1642 4568 φης
1667 4492 1718 4555 τίν
1742 4494 1772 4555 ἐν

581 4599 622 4674 τῷ
657 4597 733 4672 πίθῳ
766 4595 858 4659 αὐτὸν
887 4594 971 4673 αὐτῷ
1003 4587 1102 4669 ὅμοιον
1132 4588 1209 4656 εἶναι
1233 4602 1265 4657 et
1288 4593 1380 4678 §741
1406 4594 1440 4667 ἦν
1464 4616 1494 4656 τι
1518 4598 1649 4658 τοιοῦτον
1673 4592 1772 4671 ὅμοιον

580 4700 817 4780 παραίεορηοηε
850 4700 934 4779 αὐτῷ
964 4706 997 4764 et
1026 4700 1157 4763 omnino
1189 4718 1304 4762 verum
1328 4719 1394 4763 esse
1419 4700 1579 4783 suspicari
1603 4697 1650 4764 ὅτι
1673 4704 1773 4769 αὐτὸ

581 4807 688 4884 αὐτῷ
720 4802 856 4879 ὅμοιον
889 4808 1027 4883 πρᾶγμα
1063 4803 1180 4880 λαβών.
1216 4803 1340 4867 Poterit
1372 4811 1478 4868 teman
1511 4808 1647 4869 mutatio
1677 4808 1774 4891 paulo

581 4911 752 4977 violentior
775 4910 890 4975 videri.
