5125 6150
1029 824 1207 882 ΝΛΡΔΟΣ
1233 825 1421 882 ΠΙΣΤΙΚΗ.
1799 817 1818 881 5

629 1000 663 1063 έκ
696 1007 752 1074 τῆς
784 1001 880 1074 δομῆς
911 1005 963 1063 τοῦ
995 1000 1099 1080 μύρον.
1132 998 1219 1078 λέγει
1254 999 1285 1064 δέ
1319 999 1434 1068 Ἰοιίδαι
1459 1000 1473 1063 t
1499 1000 1692 1078 Ἰσκαριώτης
1718 996 1760 1069 είς
1784 1001 1818 1064 εἰν

627 1112 684 1169 τῶν
716 1107 860 1181 μαθητῶν
892 1108 997 1183 αὐτοῦ,
1030 1107 1044 1170 ὃ
1076 1105 1199 1181 μέλλων
1233 1106 1325 1170 αὐτὸν
1359 1105 1576 1182 παραδιδόναι·
1602 1107 1651 1171 διά
1675 1108 1707 1169 τί
1729 1112 1818 1172 τοῦτο

627 1214 660 1276 τὸ
680 1214 773 1289 μύρον
793 1215 846 1276 οὐκ
866 1213 980 1288 ε’προίίη
1001 1214 1175 1291 τριακοσίων
1196 1212 1339 1287 δηναρίων
1359 1214 1409 1275 καί
1432 1213 1514 1284 ε’δίίη
1537 1221 1693 1293 πτωχοίς;
1716 1219 1819 1278 cetera

629 1339 708 1403 quae
732 1319 797 1381 sere
821 1339 896 1383 cum
921 1318 1085 1383 Matthaeo
1109 1325 1141 1382 et
1163 1319 1272 1384 Marco
1296 1322 1500 1384 conveniunt.

672 1424 808 1489 Difficile
832 1433 881 1489 est
905 1425 1009 1490 dicere
1033 1433 1146 1489 utrum
1168 1428 1201 1488 in
1226 1432 1364 1510 quatuor
1387 1425 1612 1490 traditionibus
1636 1424 1728 1510 plura
1750 1446 1819 1490 oon-

629 1533 735 1594 cinant
758 1550 798 1594 an
823 1530 1002 1614 discrepent
1009 1553 1018 1609 ;
1043 1552 1100 1595 nac
1124 1552 1233 1595 meum
1259 1538 1308 1594 est
1329 1539 1402 1615 post
1425 1530 1613 1595 Menenium
1635 1534 1669 1595 in
1692 1552 1819 1596 scenam

626 1636 768 1719 prodirs;
802 1637 856 1701 sed
887 1642 986 1701 restat
1017 1658 1119 1701 unum
1150 1640 1294 1721 itemque
1327 1635 1466 1701 alterum
1497 1637 1581 1720 quod
1613 1637 1756 1701 nondum
1778 1638 1817 1701 ab

628 1744 716 1805 omni
744 1748 834 1826 parte
864 1745 1119 1828 pervestigatum
1143 1749 1200 1807 est.
1226 1742 1336 1807 Veluti
1359 1743 1532 1807 secundum
1557 1742 1761 1808 Matthaeum
1786 1749 1818 1807 ot

627 1847 776 1912 Marcum
807 1848 925 1913 mulier
955 1848 1109 1932 quaedam
1142 1848 1249 1913 oleum
1281 1847 1415 1913 effundit
1445 1870 1541 1933 super
1563 1856 1653 1930 ceput
1677 1848 1749 1913 lesu
1773 1869 1818 1913 re·

627 1953 822 2027 onmbeutis;
857 1954 1033 2017 seeundum
1065 1954 1186 2018 Lucam
1218 1959 1250 2018 et
1278 1953 1429 2018 Ioannem
1461 1957 1529 2018 eius
1554 1956 1648 2036 pedes
1679 1956 1816 2030 ἀλείφει.

627 2058 800 2137 Quaeritur
834 2059 911 2142 quid
942 2059 1002 2122 hoo
1032 2061 1075 2122 sit
1105 2061 1249 2136 ἀλείφειν
1281 2065 1314 2123 et
1345 2060 1503 2144 quomodo
1535 2059 1659 2124 differat
1681 2060 1816 2124 verbum

625 2166 731 2243 χρίειν.
764 2164 942 2248 Respondet
974 2163 1177 2230 Oasaubonus
1209 2186 1306 2248 quem
1339 2185 1467 2241 omnes,
1500 2167 1549 2229 uti
1581 2167 1701 2249 opinor,
1725 2168 1814 2230 tacit'

626 2275 813 2353 sequuntur,
846 2268 884 2332 ud
917 2269 1002 2332 huno
1032 2270 1132 2334 ferme
1154 2270 1306 2346 modum,
1331 2270 1489 2333 Animade.
1515 2272 1556 2333 ed
1578 2272 1762 2334 Athenaeum
1785 2292 1816 2355 p.

627 2375 702 2441 976.
718 2374 771 2439 23.
796 2374 845 2438 Ex
869 2375 999 2440 Hicesio
1023 2375 1169 2440 laudarat
1192 2376 1375 2440 Athenaeus
1398 2374 1459 2440 XV
1481 2398 1512 2461 p.
1540 2374 1656 2441 6890:
1681 2383 1738 2439 τῶν
1762 2377 1819 2451 μύ-

626 2505 680 2558 ρων
704 2478 726 2543 ἀ
750 2479 806 2555 μέν
831 2481 875 2547 ε’ςι
897 2484 1062 2560 χρίματα,
1084 2478 1105 2545 ἀ
1127 2481 1153 2545 δ’
1167 2484 1378 2559 ἀλείμματα,
1399 2481 1438 2545 ad
1459 2503 1540 2566 quae
1558 2482 1655 2546 verba
1676 2481 1817 2566 Magnus

625 2586 874 2651 Animadversor
901 2588 944 2650 ita
968 2587 1125 2671 disputat:
1152 2588 1369 2672 „Proponitur
1390 2594 1630 2671 unguentorum
1654 2587 1817 2652 distinctio

623 2695 708 2756 inter
731 2691 878 2770 χρίματα
903 2698 936 2756 et
959 2695 1167 2769 ἀλείμματα,
1192 2714 1250 2757 neo
1274 2693 1410 2756 dubium
1433 2713 1501 2756 esse
1523 2695 1607 2756 inter
1628 2694 1691 2755 ista
1710 2692 1818 2756 discri-

564 2815 566 2818 ·
626 2818 700 2861 men
733 2797 958 2874 statuendum,
990 2801 1050 2863 etsi
1082 2797 1210 2863 difficile
1241 2804 1290 2862 est
1313 2805 1477 2862 auctorem
1501 2800 1663 2875 invenire,
1688 2800 1743 2881 qui
1766 2798 1817 2862 his

626 2903 757 2967 vocibus
781 2924 842 2967 non
867 2906 910 2966 sit
932 2925 1009 2967 usus
1034 2907 1223 2987 promiscue.
1247 2904 1296 2968 Ns
1316 2905 1500 2968 testimonia
1518 2902 1629 2988 procul
1649 2923 1815 2980 arcessam,

625 3009 736 3072 scribit
770 3008 866 3094 paulo
902 3016 974 3093 post
1006 3011 1190 3076 Athenaeus
1220 3010 1406 3087 μνρίσατίαι
1438 3009 1616 3095 siguificare
1647 3010 1816 3089 χρίταοίαι

625 3116 803 3189 ἀλείμματι
829 3153 871 3162 -
895 3137 951 3179 neo
983 3116 1087 3181 multo
1116 3116 1210 3180 aliter
1232 3116 1314 3181 libro
1337 3116 1525 3182 duodecimo
1549 3118 1744 3192 ἀλείμμασιν
1764 3116 1816 3192 έχ-

624 3221 723 3300 χρίειν
756 3220 875 3285 ἑαντίν.
908 3221 1028 3287 'lamen
1053 3228 1089 3285 ut
1113 3222 1180 3285 dixi
1204 3243 1323 3308 magna
1346 3223 1522 3288 differentia
1546 3228 1610 3299 sst,
1635 3243 1710 3287 nam
1734 3222 1817 3287 ἀλεί-

623 3328 737 3405 φεσθαι
772 3330 938 3412 proprium
977 3327 1232 3412 voluptariomm
1266 3335 1299 3392 st
1334 3327 1503 3404 mollium,
1540 3327 1681 3408 χρίετίαι
1716 3331 1815 3392 etiam

624 3433 739 3497 sobriis
769 3434 930 3497 interdum
964 3440 997 3497 st
1021 3455 1058 3497 er
1084 3436 1207 3498 virtute
1229 3436 1415 3499 viventibus
1438 3434 1622 3499 convenit.'’
1654 3433 1741 3512 Quae
1763 3434 1817 3499 hic

624 3542 738 3603 statuit
763 3537 969 3605 Oasaubonus
990 3539 1028 3603 de
1048 3542 1230 3624 promiscuo
1250 3561 1313 3604 usu
1334 3542 1502 3604 verissima
1521 3546 1612 3617 suut,
1636 3561 1691 3605 nec
1709 3548 1815 3605 tamen

623 3648 731 3709 minus
750 3645 888 3709 duorum
908 3646 1079 3710 verborum
1100 3646 1269 3711 discrimen
1290 3644 1385 3730 paulo
1404 3647 1545 3730 pressius
1563 3645 1686 3710 definiri
1699 3648 1817 3730 poterit

623 3772 659 3816 ao
681 3752 812 3836 proinde
837 3751 974 3816 debebit.

667 3857 716 3921 Ab
752 3856 894 3921 Homero
929 3860 1142 3941 principium,
1174 3857 1259 3942 apud
1293 3877 1388 3941 quom
1422 3863 1579 3941 quantum
1610 3856 1702 3924 uideo
1733 3854 1816 3921 nihil

622 3984 750 4048 prorsus
773 3965 906 4027 interest
931 3969 1041 4027 utrum
1064 3964 1161 4042 χρίειν
1186 3984 1225 4027 an
1249 3964 1392 4044 ἀλείφειν
1417 3962 1566 4048 appelles.
1587 3962 1815 4027 Telemachum

623 4068 767 4133 Nestoris
787 4068 870 4145 filia,
903 4068 1016 4146 7466,
1041 4068 1148 4134 λοῦσέν
1172 4094 1208 4133 τε
1228 4068 1283 4132 καί
1310 4067 1474 4150 ἔχρισεν
1498 4068 1565 4131 λίπ’
1590 4069 1694 4146 ἐλαίῳ.
1720 4066 1815 4132 Simi-

621 4174 697 4238 liter
728 4173 825 4238 ³49:
857 4174 925 4246 τοὺς
959 4174 984 4236 δ’
1010 4175 1075 4238 ἐπεὶ
1108 4170 1157 4238 οὖν
1188 4174 1287 4255 δμῳαί
1320 4179 1434 4239 λοῦσαν
1458 4173 1510 4238 καὶ
1534 4181 1684 4252 χρῖσαν
1710 4173 1812 4252 έλαίῳ.

622 4278 742 4345 Contra
774 4277 903 4344 u577:
936 4280 1133 4356 λοεσσαμένω
1167 4281 1218 4345 καί
1252 4279 1526 4359 ἀλειψαμένω
1558 4278 1627 4344 λίπ’
1652 4279 1746 4357 έλαίῳ
1769 4315 1812 4328 -

621 4386 728 4466 δείπνῳ
773 4384 956 4465 ἐφιζανέτην
991 4390 1024 4451 et
1060 4396 1086 4450 Σ
1109 4385 1174 4450 350
1213 4385 1353 4450 Patrocli
1384 4386 1517 4450 cadaver
1547 4386 1663 4450 λοῦσάν
1693 4408 1727 4448 τε
1759 4383 1812 4447 καί

622 4491 797 4569 ἤλειψαν
820 4490 888 4555 λίπ’
915 4491 1018 4570 ἐλαίῳ.
1044 4491 1139 4576 Apud
1162 4491 1370 4556 Athenienses
1393 4512 1449 4555 nec
1473 4510 1581 4554 rarum
1607 4497 1654 4555 est
1676 4491 1812 4556 verbum

621 4600 719 4678 χρίειν
743 4603 775 4661 et
798 4596 892 4682 paulo
917 4597 1115 4683 frequentius
1134 4596 1256 4684 legitur
1276 4598 1428 4677 ἀλείφειν.
1453 4594 1570 4661 Scribit
1588 4593 1681 4660 Plato
1700 4594 1810 4681 Lysid.

617 4727 649 4790 p.
664 4702 789 4768 altu:
811 4701 840 4766 εί
858 4704 905 4775 τίς
926 4727 978 4767 σου
999 4703 1112 4781 ξανίάς
1133 4702 1228 4777 οὔσας
1249 4707 1307 4773 τάς
1329 4702 1444 4784 τρίχας
1465 4702 1598 4781 ψιμυθίῳ
1619 4701 1810 4781 ἀλιίφειε.

617 4808 782 4894 Aristoph.
809 4808 902 4894 Vesp.
926 4831 975 4875 vs.
1001 4810 1085 4875 606:

710 4910 783 4979 trae
807 4913 903 4979 οίιοαδ’
928 4914 960 4980 la
986 4914 1037 4980 τδν
1060 4915 1164 4993 μισίδν
1189 4913 1269 4995 έχων
1294 4911 1367 4998 κᾷτ’
1393 4912 1540 4987 είσνίιιονί’
1565 4910 1636 4992 ἅμα
1661 4913 1780 4992 πάντες
