5125 6150
964 825 1133 874 nrosrsrus
1154 823 1474 874 nmossuisssssrs.
1502 879 1505 883 ,
1747 803 1821 881 249,

625 990 725 1073 refert
744 989 860 1053 horum
880 987 1039 1054 malorum
1057 986 1199 1054 remedia
1218 1007 1384 1072 quaerere,
1398 987 1553 1073 quamdiu
1565 986 1655 1052 radix
1667 987 1816 1072 supersit.

627 1095 712 1159 Hinc
735 1101 820 1159 recte
843 1097 1004 1179 sequitur:
1029 1097 1062 1158 ot
1086 1097 1150 1173 γὰρ
1173 1092 1242 1161 ἔται
1267 1092 1363 1173 τέρας
1388 1094 1448 1159 οὐδ’
1472 1094 1652 1170 ἀπαλλαγὴ
1675 1099 1735 1157 τῶν
1753 1094 1818 1156 δαι-

626 1201 735 1275 μονίων
768 1205 880 1280 χόλων,
915 1195 967 1271 ἕως
1000 1200 1038 1265 ἂν
1062 1197 1113 1275 ἥδε
1138 1200 1155 1272 ‘l
1179 1198 1340 1275 βάσκανος
1365 1198 1456 1278 ἐρινὺς
1482 1198 1818 1276 ιια1Φαγ11αινα1ν-

627 1305 781 1381 καθημένη
806 1306 913 1370 πάντα
937 1307 1020 1385 criu
1043 1306 1095 1369 καὶ
1116 1304 1274 1384 διαφθείρη
1293 1305 1336 1369 τοὶ
1356 1305 1453 1371 καλοί.
1478 1304 1539 1371 Sed
1559 1310 1718 1390 repugnat
1735 1302 1819 1368 illud

624 1414 758 1489 τερίετιν
780 1411 917 1496 indeque
939 1409 1132 1475 Sintenisius
1156 1412 1293 1476 coniecit
1317 1410 1457 1489 περιττόν
1481 1411 1553 1487 less,
1577 1416 1662 1475 recte
1685 1408 1816 1494 quidem

624 1516 664 1581 ad
695 1520 902 1592 sententiam,
937 1516 991 1580 sed
1023 1518 1120 1579 nimis
1149 1514 1292 1580 violenta
1322 1519 1460 1581 mutatio
1484 1522 1542 1581 cst.
1572 1515 1631 1580 Ilst
1653 1520 1816 1599 praeterea

624 1621 790 1686 sciendum
824 1620 906 1686 illud
939 1621 1072 1701 αερὶεςιν
1107 1621 1290 1706 frequenter
1321 1620 1390 1707 legi
1424 1621 1511 1707 apud
1545 1620 1813 1696 Demosthenem,

623 1725 727 1792 veluti
751 1726 883 1812 Olyntb.
908 1726 940 1791 Π
964 1728 982 1810 §
1006 1725 1068 1791 29:
1101 1728 1217 1805 τεοΙεςι
1240 1726 1341 1791 το1νον
1365 1729 1437 1804 ἡμῖν
1460 1726 1612 1801 αλλήλοις
1636 1722 1738 1805 ἕοΙζειν
1762 1724 1813 1790 καὶ

625 1831 777 1909 dissolvas,
809 1839 873 1903 τοῖς
902 1833 959 1908 μὶν
989 1835 1094 1895 ταῦτα
1116 1832 1349 1912 πεπεισμένοις,
1373 1840 1438 1904 τοῖς
1461 1831 1492 1897 tr
1515 1835 1640 1914 ταῦτα,
1663 1829 1707 1895 τοὶ
1730 1826 1816 1894 ιιοινὶ

624 1939 649 2002 δ’
681 1938 766 2015 ἔχειν
796 1936 939 2015 malros.
970 1937 1081 2028 ltaque
1113 1940 1214 2002 satius
1230 1944 1294 2002 'est
1324 1959 1386 2002 non
1410 1944 1542 2025 tangere
1565 1935 1649 2001 illud
1672 1934 1815 2014 secisse,

623 2042 708 2127 quod
740 2041 915 2127 Dionysius
946 2063 1021 2106 cum
1051 2041 1202 2127 plurimis
1234 2040 1308 2106 aliis
1337 2042 1376 2107 ab
1407 2041 1623 2107 Demosthene
1646 2046 1816 2106 mutuatus

624 2154 689 2225 est,
713 2168 815 2232 neque
838 2168 918 2232 opus
941 2153 990 2212 est
1013 2147 1069 2211 diu
1093 2167 1243 2233 quaerere
1267 2167 1330 2233 quo
1354 2151 1446 2233 pacto
1464 2146 1622 2214 laboranti
1640 2148 1817 2212 sententiae

624 2272 804 2317 succurras:
836 2254 956 2317 etenim
987 2253 1111 2338 Appius
1142 2257 1240 2338 negat
1261 2252 1503 2338 interrogando:
1529 2255 1568 2317 sl
1589 2254 1722 2332 τερὶετιν
1745 2255 1817 2327 ἡμῖν

623 2356 704 2421 iaco
807 2356 925 2438 ζντεῒν;
956 2356 1053 2422 Haud
1084 2357 1229 2422 multum
1259 2356 1416 2422 dissimile
1447 2363 1496 2423 est
1518 2356 1604 2443 quod
1626 2356 1751 2442 legitur
1772 2354 1816 2420 IV

626 2461 668 2525 10
698 2486 730 2548 p.
755 2462 840 2528 662:
874 2463 1012 2542 αεριέται
1042 2465 1084 2543 τῷ
1116 2461 1198 2543 ἀνδρὶ
1229 2463 1263 2528 τὸ
1288 2462 1384 2528 δοκεῖν
1408 2463 1494 2527 κατὰ
1518 2462 1628 2539 νόμους
1651 2458 1760 2543 ἄρχειν
1783 2465 1816 2526 et

625 2566 704 2631 XIX
728 2590 759 2653 p.
784 2567 1030 2635 245.23Ks1.:
1055 2571 1088 2634 οὔ
1112 2568 1231 2649 repleri
1252 2592 1304 2647 μοι
1328 2577 1393 2641 τοῖς
1416 2570 1545 2643 πλησίον
1569 2570 1722 2647 ἐπαρκεῖν.

669 2781 718 2846 IX
740 2781 784 2846 46
813 2804 844 2867 p.
870 2780 975 2849 1870:
1007 2780 1123 2862 εὕροντο
1147 2782 1201 2855 τὴν
1224 2781 1274 2847 lsrl
1300 2783 1344 2847 τὸ
1367 2781 1506 2863 σφέτερα
1530 2781 1662 2861 κάθοδον,
1686 2775 1813 2865 diresin
1868 2848 1871 2854 ,

625 2887 657 2951 ll
693 2886 745 2951 sal
783 2886 908 2966 δεομένη
941 2889 983 2951 τὰ
1019 2887 1221 2966 ἐκλειφθέντα
1257 2888 1436 2966 ἀπολαβεῖν
1471 2887 1611 2967 εἴξαντες
1653 2885 1813 2953 ἔδωκαν.

624 2992 829 3057 Postremum
848 2992 1042 3058 vocabulum
1062 2994 1146 3081 quod
1166 2997 1324 3059 omissum
1336 3000 1384 3059 est
1396 2994 1606 3071 inUrbinate,
1619 2994 1816 3079 adscriptum

624 3101 658 3162 in
679 3097 845 3177 chisiano,
866 3097 1030 3187 Kayserus
1049 3106 1083 3164 et
1100 3099 1245 3165 Iacobius
1257 3102 1382 3166 uncinis
1394 3100 1680 3166 circumdederunt.
1700 3099 1815 3166 Malim

627 3204 774 3288 equidem
798 3207 975 3290 corrigere:
996 3204 1199 3270 ἐνέδωκαν.

672 3430 719 3495 111
752 3429 793 3498 47
825 3454 855 3517 p.
891 3431 988 3497 1872.
1024 3432 1190 3497 Laetorius
1224 3433 1299 3498 trib.
1336 3432 1380 3519 pl.
1417 3436 1561 3520 exagitat
1591 3435 1751 3520 Appium,
1782 3431 1815 3499 ὃν
1918 3421 1926 3435 ’

627 3538 746 3610 πάντες
776 3521 877 3602 icaro
908 3536 987 3602 οὗτοι
1021 3537 1165 3603 σκαιὸν
1194 3536 1269 3603 ὄντα
1301 3537 1815 3624 διαγένοτιια1τιιιρ1νιια1μι-

626 3641 767 3718 σόδημον.
800 3643 925 3728 Ubique
954 3642 988 3707 id
1019 3664 1134 3708 rerum
1156 3664 1223 3709 esse
1247 3647 1385 3729 reperies
1407 3644 1494 3730 quod
1515 3643 1673 3712 inculcare
1697 3646 1835 3712 solebat·

628 3745 784 3825 Oobetus,
814 3750 869 3813 vix
893 3746 999 3812 ullum
1021 3747 1123 3813 alium
1146 3769 1215 3813 esse
1238 3746 1398 3815 Graecum
1421 3752 1609 3835 scriptorem
1632 3749 1816 3830 utiliorem,

627 3856 661 3917 in
685 3874 748 3937 quo
772 3854 856 3917 vires
879 3858 950 3918 tuas
974 3873 1120 3919 exerceas
1143 3859 1176 3919 et
1199 3853 1387 3920 emendandi
1406 3854 1586 3940 periculum
1603 3856 1709 3921 fscias.
1730 3855 1817 3923 Hinc

628 3961 750 4023 summi
781 3960 885 4023 critici
915 3961 971 4044 qui
1000 3962 1034 4022 in
1063 3958 1233 4024 literarum
1263 3981 1329 4045 rep.
1353 3962 1570 4046 principatum
1594 3966 1719 4039 tenent,
1743 3961 1817 4027 inde

627 4065 666 4128 ab
689 4062 863 4149 Sylburgio
886 4068 919 4128 et
942 4061 1127 4130 Oasaubcno
1152 4064 1228 4129 hnic
1250 4066 1339 4150 operi
1361 4066 1579 4131 incubuerunt
1585 4086 1594 4145 ;
1619 4065 1695 4130 hinc
1717 4068 1817 4132 stiam

628 4166 767 4235 Oobetus
797 4188 891 4255 saepe
922 4169 1081 4234 tironibus
1111 4175 1223 4234 auctor
1252 4170 1333 4249 luit,
1358 4176 1396 4235 ut
1418 4172 1637 4256 Antiquitates
1659 4169 1819 4238 Romanas

627 4275 690 4339 sibi
712 4273 891 4339 tractandas
909 4279 1081 4339 sumerent.
1106 4274 1256 4340 Primum
1275 4277 1363 4342 enim
1382 4297 1510 4342 summa
1528 4278 1563 4341 in
1583 4276 1732 4342 omnibus
1750 4275 1819 4342 stili

627 4381 854 4464 perspicuitas3
886 4378 998 4445 deinde
1026 4383 1178 4466 quoniam
1201 4383 1336 4466 scriptor
1357 4381 1534 4447 identidem
1556 4381 1672 4447 iisdem
1694 4382 1818 4447 dicendi

626 4482 776 4548 formulis
811 4488 925 4564 utitur,
962 4488 1124 4569 optimum
1157 4491 1223 4564 est,
1258 4485 1342 4572 quod
1377 4506 1471 4572 saepe
1506 4486 1591 4564 dixi,
1627 4485 1817 4552 emendandi

624 4589 821 4675 praesidium
852 4593 880 4655 si
910 4589 1102 4676 Dionysium
1134 4589 1174 4655 ad
1202 4589 1396 4679 Dionysium
1421 4593 1550 4677 erigas3
1576 4612 1668 4677 saepe
1690 4611 1817 4677 quoque

625 4698 814 4761 temerariae
848 4698 1043 4782 suspiciones
1077 4694 1229 4762 facillime
1259 4702 1491 4780 coarguuntur,
1522 4699 1549 4762 si
1580 4717 1617 4762 ea
1646 4696 1818 4763 contuleris

626 4821 708 4885 quae
738 4799 816 4865 alibi
847 4800 958 4866 eodem
987 4801 1083 4866 modo
1114 4804 1283 4868 enunciata
1312 4807 1398 4866 sunt.
1431 4801 1539 4869 Veluti
1569 4824 1607 4868 eo
1629 4801 1699 4869 loco
1722 4824 1817 4889 quem

628 4928 726 4991 supra
755 4907 925 4992 exscripsi,
958 4908 1101 4988 primum
1132 4908 1283 4986 mirabar
1298 4908 1458 4993 quomodo
1488 4910 1613 4994 Appius
1635 4908 1740 4982 σκαιὸς
1764 4909 1817 4974 sal
