5125 6150
1065 824 1109 871 so
1132 822 1364 870 samrosmsrs
1387 821 1478 870 svns.
1836 804 1878 872 79

732 992 865 1057 Restant
887 987 1024 1053 molesta
1047 987 1159 1065 μετρίῳ
1184 985 1306 1064 πνίγει,
1331 1006 1446 1072 parum
1470 989 1557 1052 enim
1580 991 1732 1074 congruit
1754 989 1882 1056 adieeti-

685 1119 766 1163 vum
801 1097 931 1159 modicos
966 1115 1041 1159 oum
1076 1093 1297 1170 substantive,
1329 1096 1421 1157 ouius
1450 1115 1488 1159 ea
1519 1100 1567 1159 est
1596 1097 1647 1160 vis
1677 1100 1716 1160 ut
1738 1096 1771 1161 id
1795 1098 1878 1182 quod

683 1204 869 1266 immodicam
893 1205 936 1266 sit
958 1199 1094 1278 indicet3
1119 1218 1194 1263 nam
1219 1198 1257 1262 da
1280 1198 1372 1262 οινόοἱο
1393 1206 1494 1276 aestu,
1519 1199 1557 1264 de
1580 1201 1754 1266 caniculari
1776 1202 1879 1269 ealore

684 1309 720 1373 πδ
756 1317 865 1384 πνῖγος
909 1306 972 1370 diei
1008 1304 1104 1381 solet,
1144 1305 1224 1367 veria
1258 1306 1362 1389 igitur
1396 1306 1604 1391 auctumniqae
1637 1313 1782 1393 tempora
1816 1330 1879 1372 non

684 1420 862 1501 potueruut
883 1415 961 1477 satis
985 1417 1059 1495 apte
1082 1412 1205 1488 μετρίου
1226 1411 1353 1486 πνίγονρ
1373 1413 1502 1476 nomine
1523 1411 1693 1497 designari.
1718 1412 1877 1499 Equidem

684 1523 813 1606 requiro
843 1519 990 1583 dativum
1021 1516 1216 1581 substantivi
1239 1515 1324 1601 quod
1348 1518 1389 1596 τῷ
1412 1518 1516 1593 πνίγει
1540 1522 1727 1603 opponatur,
1752 1539 1808 1583 neo
1830 1521 1877 1583 iu-

684 1629 780 1692 venio
803 1628 866 1690 nisi
888 1624 922 1688 id
946 1621 1029 1708 quod
1053 1622 1235 1687 dubitanter
1257 1642 1332 1687 sane
1352 1658 1394 1670 -
1413 1642 1490 1687 nam
1513 1623 1662 1689 audacior
1684 1631 1733 1689 ast
1755 1625 1876 1689 ooniac-

684 1737 759 1796 tura
783 1767 825 1779 -
850 1750 1008 1815 propono,
1032 1727 1172 1806 ψύχει.

729 1836 784 1901 Sic
807 1836 938 1900 demum
961 1832 1116 1918 intellego
1140 1832 1265 1908 looum,
1290 1852 1386 1916 quem
1410 1832 1513 1898 denuo
1536 1835 1717 1900 exoribam:

959 1941 993 2015 ἣν
1018 1935 1066 2002 οὖν
1092 1941 1175 2015 ἡμᾶς
1200 1938 1344 2014 νομίσατε
1370 1940 1470 2017 ίεούς,

958 2041 1043 2122 ’ἕξετε
1066 2046 1199 2124 χρῆσθαι
1224 2044 1373 2118 μοίντεσιν
1398 2044 1529 2115 εὔνοις

958 2151 1114 2222 ποίοαις
1139 2147 1225 2228 ύραιρ
1236 2197 1244 2226 ,
1268 2156 1398 2230 χειμῶνι
1422 2148 1515 2228 ίέρει,

958 2257 1086 2336 ψύχει
1110 2257 1224 2333 πνίγει.
1249 2257 1324 2320 κούκ
1348 2256 1536 2335 ἀποδράντες

960 2362 1155 2439 καθεδούμεθ’
1179 2362 1240 2426 ύνον
1264 2362 1478 2440 τεμνννίμενοι
1669 2432 1677 2447 ,

960 2470 1044 2547 παρὰ
1071 2476 1141 2538 ταῖς
1166 2470 1332 2546 νεφέλαις,
1357 2465 1456 2547 ύσπερ
1479 2471 1528 2550 χώ
1553 2468 1630 2539 Ζεύς
1654 2470 1718 2533 κτέ.

683 2577 729 2642 Et
759 2581 899 2662 praestat
920 2581 1005 2639 certa
1027 2574 1213 2638 huiusmodi
1236 2574 1386 2639 remediis
1409 2577 1618 2660 quantumvis
1642 2573 1793 2640 violentis
1818 2576 1877 2641 hos

683 2704 798 2748 versus
829 2689 967 2757 tentare,
1000 2701 1097 2764 quam
1127 2701 1165 2744 ex
1196 2679 1374 2744 Hamalreri
1405 2683 1595 2745 auctoritate
1619 2681 1742 2745 abicere
1765 2682 1876 2746 verba:

662 2787 987 2868 ’,ἕξετε-πνίγει·
1012 2785 1067 2848 κ”’
1100 2792 1132 2849 et
1162 2805 1256 2849 mox:
1290 2783 1410 2862 „borao
1435 2788 1483 2866 χιί
1508 2784 1619 2857 Ζεύς”.
1651 2784 1761 2871 Neque
1791 2791 1877 2852 anim

685 2895 804 2960 dixerit
839 2894 998 2979 quispiam
1034 2890 1118 2955 unde
1153 2890 1283 2955 tandem
1318 2893 1455 2976 irrepere
1491 2894 1657 2976 potuerint
1692 2912 1729 2956 ea
1751 2896 1877 2970 omnia,

684 3021 787 3085 neque
809 3002 850 3063 iis
874 2998 991 3062 demtis
1013 3003 1098 3062 reete
1122 2995 1264 3081 procedit
1286 2997 1535 3083 argumentatio.

730 3214 782 3278 Vs.
809 3210 874 3278 753
895 3232 961 3297 sqq.
989 3248 1028 3258 -
1053 3210 1289 3295 Ilpirrhematis
1312 3211 1446 3273 initium
1470 3211 1551 3274 vitio
1575 3210 1714 3294 quodam
1737 3210 1877 3291 laborat,

684 3320 769 3405 quod
792 3318 865 3384 leve
889 3316 1019 3402 quidem
1042 3322 1107 3392 est,
1131 3315 1186 3380 sed
1210 3320 1319 3380 tamen
1343 3314 1503 3379 eiusmodi
1522 3321 1560 3380 ut
1580 3316 1678 3381 verba
1696 3325 1808 3403 poetae
1827 3320 1879 3385 ob-

686 3446 779 3490 seura
802 3423 930 3488 reddat:

824 3530 849 3593 εί
874 3528 946 3603 μετ’
971 3529 1085 3603 ίρνίίιον
1109 3551 1155 3597 τις
1181 3528 1273 3603 ὑμῶν,
1297 3524 1319 3591 ὦ
1343 3526 1471 3603 ίεαταί,
1496 3525 1647 3603 βούλεται

824 3635 1001 3699 διαπλέκειν
1024 3632 1079 3711 ζῶν
1103 3632 1192 3706 ἡδίονι
1217 3635 1250 3695 τί
1274 3632 1389 3710 λοιτίν,
1414 3634 1451 3704 or
1478 3634 1560 3708 ἧμῐορ
1586 3630 1651 3698 ίτον.

734 3741 799 3809 755
823 3740 880 3807 ὅσα
905 3743 968 3819 γὰρ
993 3739 1091 3803 ένίιίδ’
1117 3740 1198 3802 ε’ττίν
1223 3740 1343 3819 αἰσχροὶ
1368 3740 1410 3816 τῷ
1434 3738 1513 3816 νίμῳ
1538 3739 1750 3819 κρατούμενα,

824 3853 931 3913 ταῦτα
955 3848 1049 3911 πάντ’
1074 3846 1156 3909 ἐστίν
1180 3846 1254 3921 παρ’
1279 3846 1351 3920 ἡμῖν
1375 3853 1470 3908 τοῖσιν
1492 3843 1598 3923 ίρνιτιν
1622 3844 1718 3911 καλοί.

825 3956 850 4018 εί
874 3954 937 4031 γδρ
962 3950 1060 4015 ἐνθάδ’
1083 3952 1167 4014 ἐστίν
1190 3950 1320 4031 αίτχρδν
1343 3950 1394 4014 τδν
1418 3950 1539 4028 πατέρα
1563 3951 1691 4018 τύπτειν
1715 3951 1809 4033 νίμιρ,

824 4059 909 4124 τοῦτ’
934 4058 999 4122 ἐκεῖ
1020 4056 1115 4122 καλὸν
1139 4058 1213 4135 παρ’
1239 4059 1312 4130 ύμῖν
1337 4056 1429 4135 ἐστιν,
1454 4056 1488 4130 ν’ρν
1510 4081 1560 4130 τις
1583 4060 1624 4138 τῷ
1648 4056 1742 4135 πατρί

824 4166 1021 4243 προσδραμὼν
1044 4164 1115 4240 είπγ
1138 4161 1306 4239 πατάξας·
1334 4157 1421 4240 ,aba
1444 4169 1611 4241 πλιῖκτρον,Ι
1632 4164 1658 4227 εί
1682 4162 1818 4242 μαχεῖ”.

732 4273 804 4337 Non
828 4272 898 4336 dieo
922 4291 1006 4334 nuno
1029 4270 1167 4335 verbum
1190 4267 1379 4332 διαπλέκειν.
1403 4266 1606 4352 Quamquam
1628 4269 1726 4334 nimis
1750 4268 1880 4334 insolite

685 4380 720 4444 id
744 4387 793 4443 est
817 4378 940 4442 dietum
965 4378 1027 4439 uisi
1050 4377 1212 4440 obiectum
1236 4375 1364 4440 accedat
1387 4373 1439 4438 τδν
1461 4375 1540 4452 βίον,
1564 4379 1757 4459 quapropter
1780 4374 1881 4438 διατε-

687 4492 753 4549 λεῖν
777 4505 834 4568 pro
857 4504 892 4547 eo
916 4483 1047 4546 fortasse
1069 4482 1240 4546 coniecerit
1263 4483 1441 4565 quispiam;
1467 4480 1522 4545 sed
1545 4479 1750 4544 librariorum
1774 4500 1879 4545 errore

685 4595 719 4656 in
752 4589 886 4655 verbum
914 4589 1017 4652 rarius
1049 4594 1080 4652 et
1109 4589 1309 4671 exquisitum
1332 4586 1510 4651 διαπλέκειν
1532 4585 1566 4649 id
1588 4586 1702 4649 abiisse
1725 4586 1877 4669 quoniam

684 4718 780 4762 nemo
802 4694 925 4775 credet,
949 4696 1093 4777 suspicor
1115 4695 1223 4777 potius
1245 4694 1406 4757 comicum
1429 4683 1553 4755 dedisse
1577 4690 1762 4755 huiusmodi
1783 4690 1878 4776 quid:

869 4800 897 4863 εί
919 4823 966 4869 τις
991 4800 1082 4875 ὑμῶν,
1106 4795 1127 4861 ὦ
1151 4798 1279 4876 ύεατοιί,
1304 4798 1476 4863 διαπλέκειν
1502 4792 1535 4859 ού
1558 4796 1609 4859 τὸν
1632 4795 1701 4874 βίον

868 4904 1019 4982 βούλεται
1043 4903 1097 4985 ζῆν
1121 4903 1211 4979 ιίδέονς
1234 4904 1269 4969 τδ
1293 4904 1407 4980 λοιπίν,
1432 4902 1472 4974 ὡς
1496 4901 1581 4979 ἡμεῖς
1605 4900 1670 4968 ίτον.
