5125 6150
689 825 754 924 37¹4
1223 841 1344 888 nisus.

687 1028 761 1072 cum
781 1026 874 1069 omne
894 1005 1183 1090 argumentationis
1201 1004 1325 1087 pondus
1344 1006 1497 1069 consistat
1515 1006 1549 1067 in
1569 1004 1622 1068 ε’ἀν
1635 1004 1661 1068 δ’
1673 1003 1882 1085 ἀμφισβητῇ.

689 1112 756 1177 Vox
789 1109 898 1174 πολλοὶ
923 1118 971 1174 est
993 1112 1026 1174 in
1051 1108 1093 1184 0;
1118 1109 1150 1172 X
1173 1110 1301 1194 praebet
1326 1134 1355 1174 κ.
1379 1115 1534 1175 πολλοῦ
1560 1110 1647 1175 οὐδὲ
1673 1110 1796 1188 δόξαν
1820 1110 1882 1188 ae„

688 1217 772 1281 unde
794 1218 902 1301 potius
926 1215 1121 1280 effinxerim:
1148 1215 1200 1277 ἐάν
1224 1214 1249 1278 δ’
1269 1215 1480 1296 ἀμφισβητῇ,
1506 1215 1698 1296 ἐλέγχεται,
1720 1217 1772 1280 καί
1795 1231 1886 1280 πολ-

689 1323 810 1393 λάκις
842 1321 917 1386 οὔδ’
947 1321 1095 1398 ἐδοξθν
1119 1321 1244 1398 ἀδικεῖν,
1268 1342 1349 1406 quae
1371 1325 1545 1406 interprete
1567 1344 1630 1387 non
1653 1328 1759 1408 egent.
1786 1320 1884 1386 Simi-

686 1427 762 1492 liter
785 1428 823 1492 fr.
849 1426 892 1490 43
919 1426 1007 1506 (44):
1037 1428 1096 1505 οὐχ
1120 1427 1233 1504 ίκανόν,
1258 1423 1278 1490 ὦ
1304 1426 1409 1504 ἀνδρες
1433 1427 1598 1506 δικασταί,
1619 1435 1679 1498 τοῖς
1707 1428 1883 1506 ἐπιτρόποις

687 1533 746 1599 όσα
770 1532 950 1611 πράγματα
975 1532 1026 1596 δνά
1051 1535 1105 1604 τὴν
1130 1533 1325 1610 ἐπιτροπείαν
1347 1533 1480 1612 ἔχουσιν,
1500 1534 1588 1598 ἀλλά
1610 1535 1662 1597 καί
1682 1531 1882 1615 διασῴζοντες

688 1641 747 1711 τάς
779 1646 837 1703 τῶν
868 1641 967 1717 φίλων
999 1639 1102 1708 οὐσίας
1134 1644 1397 1716 συκοφαντοῦνται
1423 1641 1480 1705 ὑπό
1504 1647 1563 1705 τῶν
1585 1640 1723 1718 ὀρφανῶν
1746 1640 1882 1715 πολλοί,

687 1747 743 1810 ubi
772 1745 812 1809 ad
842 1765 948 1808 meam
980 1752 1064 1809 certe
1095 1751 1236 1809 mentem
1268 1745 1412 1811 Naberus
1441 1745 1605 1810 evidenter
1627 1747 1765 1811 correxit
1790 1760 1883 1809 πολ·

688 1851 826 1927 λάκις,
851 1871 891 1914 ne
915 1858 1201 1915 commemoratum
1224 1851 1355 1937 quidem
1380 1873 1398 1916 a
1422 1851 1634 1916 Thalheimio.

734 2063 786 2128 Or.
811 2063 854 2127 VI
878 2065 895 2148 ᾗ
919 2063 979 2127 2οτ
1013 2063 1126 2144 ἐλπίζω
1159 2065 1216 2141 μὲν
1245 2061 1294 2129 οὖν
1326 2065 1419 2128 αὐτὸν
1451 2065 1501 2128 καί
1528 2063 1631 2128 δαίσειν
1654 2064 1786 2140 δίκην,
1814 2065 1884 2128 ίαν·

688 2169 799 2246 μοίσιον
833 2169 865 2234 δέ
900 2168 982 2233 οὐδὲν
1016 2167 1054 2232 ἀν
1089 2192 1139 2245 μοι
1170 2169 1298 2248 γίνοιτο.
1329 2170 1422 2235 οὔτε
1452 2171 1515 2249 nen
1546 2171 1560 2234 ί
1592 2172 1654 2241 όεδς
1678 2177 1881 2250 παραχρῆμα

688 2274 833 2355 κολοίζει,
857 2276 946 2357 [ἀλλ’
971 2272 1049 2347 αὕτη
1075 2275 1132 2351 μίν
1156 2277 1237 2341 ἐστιν
1262 2277 1429 2355 ἀνθρωπίνη
1455 2278 1537 2360 δίκνρ]
1563 2314 1603 2325 -
1629 2277 1831 2356 πολλαχόθεν
1850 2276 1882 2341 δέ

687 2379 750 2462 ἔχω
783 2381 1021 2458 τεκμαιρόμενος
1053 2380 1195 2461 είκάζειν,
1228 2382 1297 2458 όρῶν
1329 2382 1380 2446 καί
1411 2383 1529 2462 ἐτέρους
1560 2382 1758 2460 ἠσεβηκότας
1783 2383 1881 2462 χρόνῳ

688 2486 855 2559 δεδωκότας
887 2487 982 2564 δίκην,
1011 2488 1063 2551 καί
1089 2486 1158 2559 τοὺς
1183 2487 1217 2564 ἐξ
1240 2488 1357 2552 ἐκείνων
1381 2485 1430 2553 διά
1455 2490 1497 2552 τά
1520 2495 1577 2553 τῶν
1602 2488 1756 2566 προγόνων
1781 2489 1882 2566 ἀμαρ-

688 2593 820 2669 τνίματα
846 2629 888 2642 -
915 2593 944 2654 ἐν
969 2592 1000 2656 δέ
1023 2593 1119 2671 τούτῳ
1143 2595 1184 2671 τῷ
1208 2593 1303 2672 χρόνῳ
1328 2593 1378 2667 tin
1404 2595 1509 2658 πολλοὶ
1534 2595 1586 2658 καί
1612 2593 1761 2665 κινδύνους
1783 2595 1797 2658 ό
1818 2596 1879 2666 όεός

688 2699 859 2774 ἐπιπέμπει
891 2705 954 2769 τοῖς
985 2697 1148 2776 ἀδικοῦσιν,
1181 2697 1257 2763 ὥστε
1289 2700 1421 2770 πολλοὺς
1446 2700 1499 2774 ἤδη
1525 2701 1709 2776 ἐπιθυμῆσαι
1734 2700 1881 2773 τελεντνί-

688 2827 809 2875 σαντας
832 2806 890 2867 τῶν
915 2811 1016 2867 κακῶν
1039 2804 1260 2884 ἀπνρλλάχόαι.
1286 2805 1299 2869 ό
1325 2805 1356 2869 δὲ
1380 2806 1444 2878 όεός
1467 2806 1579 2876 τέλσς
1603 2805 1733 2886 τούτῳ
1758 2819 1880 2881 λυμνι·

687 2908 859 2984 νάμενος
891 2911 939 2987 τῷ
971 2910 1045 2988 βίῳ
1075 2910 1248 2974 όοίνατον
1279 2897 1485 2982 ἐπέόνκέν.
1515 2912 1742 2996 Parsgraphus
1770 2910 1823 2976 vel
1846 2913 1878 2974 in

685 3016 907 3081 honoratione
930 3014 1180 3100 corruptelarum
1205 3017 1365 3103 farragine
1385 3016 1479 3103 longe
1498 3019 1757 3101 corruptissima,
1781 3037 1878 3102 quam

685 3124 729 3186 sic
760 3124 926 3185 constituit
949 3120 1181 3186 Thalbeimius.
1213 3122 1282 3187 Iam
1307 3126 1450 3206 primum
1474 3145 1548 3188 cum
1572 3121 1717 3188 Dobraeo
1740 3127 1773 3187 et
1798 3121 1877 3186 Her-

685 3226 829 3291 werdeno
862 3225 1031 3291 delendum
1062 3228 1173 3309 [δίκην]
1202 3235 1273 3312 post
1298 3227 1452 3305 δόσειν,ὀ
1476 3232 1587 3292 statim
1611 3228 1874 3312 praecedentibus

684 3334 748 3411 (ἐπὶ
773 3356 802 3396 τ.
825 3332 848 3396 ἐ.
874 3333 1027 3411 προφάσει
1049 3332 1109 3407 δοίν
1131 3334 1227 3415 δίκην)
1248 3334 1332 3399 male
1351 3337 1534 3419 repetitum.
1561 3333 1728 3397 Praeterea
1746 3336 1875 3418 requiro

685 3443 716 3501 et
739 3441 807 3522 ipse
830 3438 914 3522 quod
938 3438 1076 3504 Cobetus
1100 3439 1318 3524 suppleverat,
1339 3441 1516 3524 suppressit
1539 3438 1776 3515 Hartmannus,
1799 3438 1876 3502 Her·

685 3543 850 3608 werdenus
882 3545 1027 3609 reduxit:
1063 3546 1231 3623 όανμοίσιον
1264 3545 1294 3609 δέ
1327 3546 1409 3611 οιίδέν
1439 3544 1478 3609 ἀν
1509 3569 1559 3622 μοι
1592 3545 1708 3622 γίνοιτο
1734 3546 1792 3621 <εί
1826 3550 1875 3608 νῦν

685 3648 908 3727 ἀποφόγοι.>;
940 3650 1033 3715 aliter
1056 3655 1142 3716 enim
1167 3652 1337 3716 admiratio
1360 3651 1416 3715 illa
1440 3654 1536 3715 nimis
1560 3658 1608 3715 est
1631 3650 1728 3714 fatua.
1754 3650 1874 3714 Omnes

684 3760 880 3820 accusatores
912 3764 1040 3840 sperant
1070 3779 1103 3823 se
1134 3780 1225 3822 reum
1256 3758 1537 3832 condemnaturos,
1570 3777 1671 3841 neque
1706 3762 1782 3820 ente
1817 3756 1875 3819 hoc

685 3867 813 3945 tempus
836 3861 1013 3925 Andocides
1037 3869 1202 3926 accusatus
1225 3870 1289 3939 est,
1314 3867 1350 3927 ut
1374 3862 1455 3926 nibil
1474 3866 1501 3925 si
1520 3861 1648 3926 additur
1666 3860 1806 3925 ridicula
1825 3861 1875 3923 bic

684 3971 727 4033 sit
749 3967 808 4032 illa
830 3968 963 4033 diatribe
987 3967 1025 4032 de
1049 3968 1110 4032 diis
1132 3976 1260 4053 peccata
1283 3991 1351 4034 sero
1371 3968 1617 4032 vindicantibus.
1641 3965 1763 4031 Deinde
1785 3964 1874 4030 οὐδὲ

684 4074 748 4152 yse
779 4074 792 4136 ό
824 4074 887 4144 όεδς
919 4088 989 4139 κτλ.
1021 4074 1144 4139 editum
1175 4076 1359 4159 oportebat,
1384 4074 1469 4158 quod
1493 4073 1643 4138 Reiskius
1667 4071 1746 4137 olim
1771 4071 1874 4148 vidit,

684 4179 818 4265 plurimi
842 4179 977 4244 editores
997 4182 1293 4264 comprobaverunt.
1313 4179 1396 4243 Tum
1417 4199 1532 4263 parum
1550 4184 1651 4254 reete,
1671 4199 1724 4241 me
1743 4178 1875 4262 quidem

684 4287 807 4361 iudice,
826 4284 1048 4350 Thelheimins
1067 4285 1291 4350 Helbertsmae
1311 4286 1546 4369 obtemperavit
1563 4286 1675 4349 verba:
1696 4287 1771 4349 ἀλλ’
1794 4282 1874 4356 αὕτη

684 4392 742 4471 μέν
766 4397 848 4457 ἐστιν
873 4393 1037 4469 ἀνόρωπίνν
1062 4392 1128 4465 δίκκ
1154 4392 1289 4470 delenti;
1322 4391 1431 4465 crede,
1456 4390 1495 4454 ob
1520 4390 1576 4465 μὲν
1599 4390 1681 4455 nihil
1703 4391 1764 4455 sibi
1790 4390 1875 4475 quod

684 4499 872 4586 respondeat
892 4499 1009 4562 babens
1026 4500 1060 4560 in
1080 4502 1237 4562 concitata
1257 4498 1489 4562 sententiarum
1510 4498 1599 4560 serie.
1620 4493 1681 4559 Sed
1701 4495 1874 4560 dotalibus

684 4615 740 4671 ant
761 4605 934 4670 retinendis
953 4609 1009 4668 aut
1030 4604 1191 4668 eiiciendis
1211 4603 1290 4668 elios
1311 4602 1402 4666 aliter
1421 4604 1538 4666 sentire
1556 4622 1645 4685 posse
1661 4599 1747 4665 ultro
1760 4602 1870 4667 fateor.

685 4707 811 4775 Certius
835 4716 884 4774 est
906 4713 940 4772 in
963 4730 1048 4792 seqq.
1073 4715 1130 4772 ant
1152 4731 1226 4773 cum
1251 4708 1464 4772 Herwerdeno
1490 4709 1622 4791 requiri:
1647 4707 1716 4784 όρῶν
1736 4707 1790 4771 καί
1813 4707 1874 4770 ἐπέ-

684 4835 750 4888 ρονς
775 4815 970 4891 ἠσεβηκότας
993 4815 1089 4893 χρόνῳ
1114 4814 1280 4883 δεδωκότας
1308 4813 1390 4887 δίκην
1413 4811 1497 4894 (καί
1517 4813 1660 4883 αὐτοὺς)
1674 4812 1726 4875 καί
1747 4812 1817 4883 τοὺς
1839 4810 1872 4886 ἐξ

685 4917 811 4996 ἐκείνων,
832 4928 888 4984 ant
910 4918 1032 4983 lenius:
1054 4922 1154 5003 <ἀς>
1175 4920 1227 4983 καί
1252 4918 1322 4991 τοὺς
1348 4918 1381 4993 ἐξ
1404 4921 1532 4983 ἐκείνων.
1556 4917 1617 4982 Sed
1637 4920 1784 4982 omnium
1805 4939 1872 5002 pes·
