5125 6150
695 783 762 847 214
1235 800 1344 848 sams.

693 968 828 1030 accisam
858 964 1004 1029 arborem
1034 961 1171 1028 evellere
1202 970 1366 1039 conentur,
1397 965 1499 1027 nimia
1528 966 1687 1050 tentigine
1710 973 1815 1051 rupte,
1840 970 1888 1032 ita

693 1075 732 1133 nt
761 1073 793 1133 in
825 1089 972 1154 asperum
1002 1089 1093 1153 saepe
1123 1066 1227 1132 solum
1252 1068 1399 1132 cadentes
1421 1067 1642 1134 vulnerentur.
1673 1069 1764 1149 Quod
1788 1074 1817 1136 si
1839 1075 1887 1137 its

693 1192 759 1253 eet,
792 1174 889 1239 verba
918 1177 955 1256 ἑᾷ
987 1172 1096 1254 καρδία
1130 1195 1192 1237 non
1224 1173 1264 1237 ad
1295 1176 1399 1257 ipsam
1428 1176 1605 1259 imaginem
1628 1179 1807 1259 pertinent,
1832 1176 1886 1240 sed

691 1280 915 1346 tantummodo
945 1280 985 1344 ad
1017 1279 1207 1354 invidiosos,
1240 1282 1297 1363 qui
1326 1279 1449 1344 invidia
1479 1301 1538 1344 sua
1565 1283 1628 1365 ipsi
1660 1282 1722 1345 sibi
1753 1281 1887 1347 vulnera

693 1386 855 1470 infligunt.

736 1496 779 1556 At
812 1494 899 1555 euim
934 1497 1001 1554 tarn
1035 1488 1275 1554 Hermanuiaua
1309 1488 1479 1575 explicatio
1512 1510 1611 1574 quam
1645 1489 1723 1555 haec
1755 1512 1886 1576 prorsus

689 1599 848 1662 evertitur
870 1599 939 1680 ipso
963 1593 1120 1659 vocabulo
1144 1595 1287 1671 στόόρινρ,
1311 1593 1395 1679 quod
1417 1615 1481 1658 non
1505 1594 1544 1658 de
1567 1615 1769 1680 quocumque
1789 1597 1883 1674 fune,

689 1702 743 1767 sed
767 1701 805 1765 de
829 1701 895 1765 sola
917 1703 1038 1764 amussi
1062 1703 1208 1783 usurpari
1234 1721 1326 1784 posse
1350 1699 1489 1764 videtur.
1513 1698 1563 1766 Os.
1582 1698 1737 1765 Theseus.
1763 1723 1788 1764 s.
1813 1723 1844 1765 v.

734 1806 854 1871 Verum
888 1826 1106 1891 quaecumque
1141 1806 1203 1869 luit
1238 1808 1392 1891 imaginis
1422 1827 1486 1891 qua
1518 1813 1612 1892 poeta
1644 1809 1751 1871 utitur
1775 1811 1885 1894 origo,

689 1933 761 1977 meo
793 1915 864 1977 iure
899 1911 1007 1976 videor
1041 1911 1229 1976 contendere
1264 1933 1359 1976 sensu
1394 1932 1499 1977 carere
1533 1911 1647 1978 idoneo
1686 1912 1885 1978 adiectivum

691 2022 840 2096 περισσᾶς
863 2023 895 2082 et
917 2020 1092 2082 necessario
1115 2017 1343 2101 corrigendum
1368 2037 1437 2082 esse

1168 2120 1316 2197 στόόμας
1340 2121 1371 2185 δι’
1397 2145 1474 2193 τινος
1499 2122 1656 2198 ἑλκόμενοι

872 2233 1085 2304 περισσῶς.

738 2477 837 2563 Pyth.
861 2475 909 2541 ΙΠ
933 2475 975 2541 57
1310 2477 1340 2538 ἐν
1366 2475 1392 2538 δ’
1414 2473 1476 2553 ἄρα
1499 2475 1658 2556 μηλοδόκῳ

875 2583 988 2647 Πιιόῶνι
1013 2579 1140 2650 τόσσαις
1165 2578 1230 2642 ἄιεν
1253 2584 1326 2643 νασῦ
1350 2580 1523 2656 βασιλεύς,

872 2684 1007 2763 Λιξόας,
1031 2688 1143 2749 καινῖινι
1167 2686 1240 2760 παρ’
1264 2685 1423 2764 εὐόντότῳ
1443 2685 1573 2761 ρνιόριαν
1596 2687 1697 2763 πιόῶν,

873 2795 979 2855 πιόντα
1003 2792 1119 2855 τόσαντι
1145 2788 1214 2870 νόῳ·

872 2896 1049 2975 ψευδέσιν
1068 2896 1093 2959 δ’
1119 2896 1195 2974 οὐχ
1218 2891 1417 2973 ἅπτεται,
1443 2895 1572 2960 κλέπτει
1596 2920 1632 2959 τε
1655 2920 1698 2960 νιν

872 3004 904 3066 σύ
929 3004 994 3073 leis
1017 3003 1050 3065 οὐ
1075 3000 1183 3077 βροτός
1208 2998 1306 3077 ἔργοις
1332 3000 1402 3065 οὔτε
1423 3001 1565 3078 βσνλαῑς.

690 3109 739 3174 Ne
771 3111 842 3193 quis
873 3109 955 3173 sorte
982 3114 1092 3192 putet,
1124 3128 1239 3191 parum
1270 3107 1309 3170 ad
1341 3128 1408 3171 rem
1440 3108 1492 3172 hic
1522 3106 1696 3193 praedicari
1719 3106 1883 3190 Apollinis

691 3217 916 3288 veracitatem,
937 3214 1068 3279 sortasse
1086 3235 1148 3277 non
1170 3234 1298 3296 prorsus
1316 3212 1433 3277 inutile
1452 3222 1500 3278 est
1520 3234 1665 3289 monere,
1689 3216 1882 3277 sententiam

689 3321 770 3384 hanc
799 3341 867 3384 esse
897 3319 1016 3384 videri:
1051 3318 1192 3397 „Quem,
1226 3325 1263 3381 ut
1287 3321 1364 3403 ipse¹
1379 3331 1428 3383 est
1452 3322 1695 3395 veracissimus,
1718 3321 1766 3382 ita
1788 3340 1886 3383 nemo

691 3424 834 3509 decipere
865 3424 1002 3509 potest.'’
1036 3423 1084 3489 cf.
1115 3423 1213 3509 Pyth.
1238 3422 1286 3487 lx
1310 3424 1364 3488 42.
1389 3423 1438 3489 01.
1463 3423 1506 3489 Vl
1531 3423 1584 3490 67.
1609 3423 1754 3509 Repudio
1778 3426 1885 3509 igitur

692 3530 777 3616 quod
799 3539 930 3595 venerat
952 3532 985 3592 in
1010 3535 1150 3592 mentem

693 3763 779 3824 quam
802 3744 972 3819 (mentem)
995 3761 1053 3802 ιιιιιι
1078 3746 1205 3819 temni
1228 3739 1393 3803 ινσινόασόσ.

736 3987 835 4074 Pyth.
861 3985 903 4050 IV
929 3986 994 4052 257

871 4092 923 4155 sal
948 4093 1199 4167 Λακεδαιμονίων
1222 4093 1430 4171 ρι(ε)ιχόέντες
1454 4094 1565 4170 ἀνδρῶν

873 4197 953 4270 ἥόεσι
978 4198 1036 4260 τόν
1060 4221 1135 4261 ποτε
1162 4197 1347 4262 Καλλίσταν
1370 4197 1593 4279 ἀπῴκησαν
1617 4196 1713 4276 χρόνῳ

873 4307 972 4366 νῖισσν.

693 4404 776 4471 (lum
800 4411 988 4492 praesertim
1011 4407 1073 4472 duo
1097 4408 1169 4471 boni
1194 4408 1317 4472 codices
1341 4410 1509 4473 exhibeant
1532 4403 1763 4486 ότῷιιισαν,
1786 4410 1885 4473 incer·

693 4521 764 4575 tum
796 4520 843 4576 est
876 4519 985 4577 utrum
1016 4521 1107 4596 poeta
1139 4510 1308 4590 ἀπῴκησαν
1337 4521 1393 4590 (ec.
1417 4515 1461 4585 εἰς
1487 4514 1683 4590 Καλλίσταν)
1705 4515 1884 4596 scripserit,

692 4636 732 4679 an
768 4620 891 4700 potius,
929 4617 1013 4703 quod
1048 4618 1130 4680 mihi
1161 4617 1359 4703 praeplacet,
1392 4617 1631 4697 σὶσιςόιιισσιιν
1661 4637 1736 4682 cum
1768 4618 1885 4683 obiecti

693 4724 882 4786 accusativo.
906 4724 1068 4788 Neutrum
1092 4723 1227 4788 verbum
1251 4723 1330 4790 alibi
1353 4728 1386 4789 in
1410 4725 1586 4790 Pindaricis
1610 4725 1757 4789 occurrit.

576 5261 761 5383 A
