<?xml version="1.0" encoding="UTF-8"?>
<!DOCTYPE html PUBLIC "-//W3C//DTD XHTML 1.0 Transitional//EN"
    "http://www.w3.org/TR/xhtml1/DTD/xhtml1-transitional.dtd">
<html xmlns="http://www.w3.org/1999/xhtml" xml:lang="en" lang="en">
 <head>
  <title>
</title>
<meta http-equiv="Content-Type" content="text/html;charset=utf-8" />
  <meta name='ocr-system' content='tesseract 3.04.00' />
  <meta name='ocr-capabilities' content='ocr_page ocr_carea ocr_par ocr_line ocrx_word'/>
</head>
<body>
  <div class='ocr_page' id='page_1' title='image "./mnemosyne04verdgoog_0416.png"; bbox 0 0 5125 6150; ppageno 0'>
   <div class='ocr_carea' id='block_1_1' title="bbox 1226 795 1880 863">
    <p class='ocr_par' dir='ltr' id='par_1_1' title="bbox 1226 795 1880 863">
     <span class='ocr_line' id='line_1_1' title="bbox 1226 795 1880 863; baseline -0.002 -1"><span class='ocrx_word' id='word_1_1' title='bbox 1226 813 1346 863; x_wconf 77' lang='lat' dir='ltr'>erema.</span> <span class='ocrx_word' id='word_1_2' title='bbox 1814 795 1880 861; x_wconf 83' lang='lat'>419</span> 
     </span>
    </p>
   </div>
   <div class='ocr_carea' id='block_1_2' title="bbox 683 979 1881 5011">
    <p class='ocr_par' dir='ltr' id='par_1_2' title="bbox 683 979 1881 5011">
     <span class='ocr_line' id='line_1_2' title="bbox 693 979 1880 1068; baseline 0 -22"><span class='ocrx_word' id='word_1_3' title='bbox 693 1005 753 1046; x_wconf 97' lang='grc' dir='ltr'><strong><em>σει</em></strong></span> <span class='ocrx_word' id='word_1_4' title='bbox 777 1003 836 1068; x_wconf 91' lang='lat' dir='ltr'>pro</span> <span class='ocrx_word' id='word_1_5' title='bbox 856 979 1047 1060; x_wconf 74' lang='grc' dir='ltr'><strong><em>θυσιάσουσι,</em></strong></span> <span class='ocrx_word' id='word_1_6' title='bbox 1068 980 1147 1046; x_wconf 92' lang='lat' dir='ltr'>olim</span> <span class='ocrx_word' id='word_1_7' title='bbox 1166 983 1315 1066; x_wconf 91' lang='lat' dir='ltr'>imperite</span> <span class='ocrx_word' id='word_1_8' title='bbox 1334 984 1367 1046; x_wconf 87' lang='lat' dir='ltr'>in</span> <span class='ocrx_word' id='word_1_9' title='bbox 1388 980 1521 1046; x_wconf 74' lang='grc' dir='ltr'><strong><em>θυσιάσει</em></strong></span> <span class='ocrx_word' id='word_1_10' title='bbox 1543 987 1714 1047; x_wconf 87' lang='lat' dir='ltr'>mutatum.</span> <span class='ocrx_word' id='word_1_11' title='bbox 1739 981 1784 1048; x_wconf 89' lang='lat' dir='ltr'>lb.</span> <span class='ocrx_word' id='word_1_12' title='bbox 1806 980 1880 1066; x_wconf 72' lang='lat'>§22</span> 
     </span>
     <span class='ocr_line' id='line_1_3' title="bbox 693 1087 1879 1175; baseline -0.001 -22"><span class='ocrx_word' id='word_1_13' title='bbox 693 1089 723 1153; x_wconf 87' lang='lat' dir='ltr'>X</span> <span class='ocrx_word' id='word_1_14' title='bbox 756 1088 884 1174; x_wconf 78' lang='lat' dir='ltr'>praebet</span> <span class='ocrx_word' id='word_1_15' title='bbox 919 1091 1093 1168; x_wconf 89' lang='grc' dir='ltr'><strong><em>μοιρτυρίου,</em></strong></span> <span class='ocrx_word' id='word_1_16' title='bbox 1129 1090 1343 1154; x_wconf 89' lang='lat' dir='ltr'>necessarium</span> <span class='ocrx_word' id='word_1_17' title='bbox 1374 1087 1390 1163; x_wconf 70' lang='lat' dir='ltr'>i</span> <span class='ocrx_word' id='word_1_18' title='bbox 1427 1089 1619 1167; x_wconf 78' lang='grc' dir='ltr'><strong><em>άρρυρίου</em></strong></span> <span class='ocrx_word' id='word_1_19' title='bbox 1654 1087 1784 1175; x_wconf 77' lang='lat' dir='ltr'>Paylori</span> <span class='ocrx_word' id='word_1_20' title='bbox 1814 1094 1879 1165; x_wconf 90' lang='lat' dir='ltr'>est,</span> 
     </span>
     <span class='ocr_line' id='line_1_4' title="bbox 692 1193 1881 1281; baseline -0.002 -20"><span class='ocrx_word' id='word_1_21' title='bbox 692 1198 786 1261; x_wconf 88' lang='lat' dir='ltr'>cuius</span> <span class='ocrx_word' id='word_1_22' title='bbox 815 1196 963 1280; x_wconf 85' lang='lat' dir='ltr'>inprimis</span> <span class='ocrx_word' id='word_1_23' title='bbox 994 1194 1115 1259; x_wconf 90' lang='lat' dir='ltr'>multae</span> <span class='ocrx_word' id='word_1_24' title='bbox 1145 1201 1177 1259; x_wconf 95' lang='lat' dir='ltr'>et</span> <span class='ocrx_word' id='word_1_25' title='bbox 1208 1193 1465 1260; x_wconf 82' lang='lat' dir='ltr'>evidentissimae</span> <span class='ocrx_word' id='word_1_26' title='bbox 1496 1198 1529 1260; x_wconf 93' lang='lat' dir='ltr'>in</span> <span class='ocrx_word' id='word_1_27' title='bbox 1554 1195 1651 1281; x_wconf 82' lang='lat' dir='ltr'>Lysia</span> <span class='ocrx_word' id='word_1_28' title='bbox 1673 1198 1881 1261; x_wconf 77' lang='lat' dir='ltr'>correctiones</span> 
     </span>
     <span class='ocr_line' id='line_1_5' title="bbox 693 1300 1880 1389; baseline -0.002 -21"><span class='ocrx_word' id='word_1_29' title='bbox 693 1309 781 1368; x_wconf 88' lang='lat' dir='ltr'>sunt.</span> <span class='ocrx_word' id='word_1_30' title='bbox 813 1301 891 1366; x_wconf 89' lang='lat' dir='ltr'>Post</span> <span class='ocrx_word' id='word_1_31' title='bbox 913 1322 1013 1386; x_wconf 91' lang='lat' dir='ltr'>pauca</span> <span class='ocrx_word' id='word_1_32' title='bbox 1037 1303 1054 1386; x_wconf 56' lang='grc' dir='ltr'>ᾗ</span> <span class='ocrx_word' id='word_1_33' title='bbox 1074 1301 1118 1366; x_wconf 83' lang='grc'>24</span> <span class='ocrx_word' id='word_1_34' title='bbox 1142 1306 1236 1380; x_wconf 74' lang='grc' dir='ltr'><strong><em>γερῶν</em></strong></span> <span class='ocrx_word' id='word_1_35' title='bbox 1260 1300 1355 1367; x_wconf 89' lang='lat' dir='ltr'>habet</span> <span class='ocrx_word' id='word_1_36' title='bbox 1379 1301 1419 1379; x_wconf 90' lang='lat' dir='ltr'>X,</span> <span class='ocrx_word' id='word_1_37' title='bbox 1442 1301 1497 1366; x_wconf 91' lang='lat' dir='ltr'>sed</span> <span class='ocrx_word' id='word_1_38' title='bbox 1520 1306 1656 1367; x_wconf 87' lang='lat' dir='ltr'>correcto</span> <span class='ocrx_word' id='word_1_39' title='bbox 1679 1304 1712 1365; x_wconf 93' lang='lat' dir='ltr'>in</span> <span class='ocrx_word' id='word_1_40' title='bbox 1735 1305 1880 1389; x_wconf 77' lang='lat' dir='ltr'>margine</span> 
     </span>
     <span class='ocr_line' id='line_1_6' title="bbox 694 1405 1880 1493; baseline 0 -21"><span class='ocrx_word' id='word_1_41' title='bbox 694 1411 808 1487; x_wconf 76' lang='grc' dir='ltr'><strong><em>ἱερῶν</em></strong></span> <span class='ocrx_word' id='word_1_42' title='bbox 831 1408 914 1493; x_wconf 88' lang='lat' dir='ltr'>quod</span> <span class='ocrx_word' id='word_1_43' title='bbox 936 1411 1121 1492; x_wconf 83' lang='lat' dir='ltr'>requiritur.</span> <span class='ocrx_word' id='word_1_44' title='bbox 1146 1407 1192 1474; x_wconf 91' lang='lat' dir='ltr'>Ib.</span> <span class='ocrx_word' id='word_1_45' title='bbox 1213 1409 1230 1491; x_wconf 64' lang='grc' dir='ltr'><strong>ξ</strong></span> <span class='ocrx_word' id='word_1_46' title='bbox 1250 1407 1293 1472; x_wconf 82' lang='grc'>43</span> <span class='ocrx_word' id='word_1_47' title='bbox 1316 1409 1368 1473; x_wconf 80' lang='grc' dir='ltr'>ἐάν</span> <span class='ocrx_word' id='word_1_48' title='bbox 1389 1405 1585 1487; x_wconf 80' lang='grc' dir='ltr'><strong><em>νομίζητε</em></strong></span> <span class='ocrx_word' id='word_1_49' title='bbox 1606 1407 1647 1486; x_wconf 87' lang='lat' dir='ltr'>X,</span> <span class='ocrx_word' id='word_1_50' title='bbox 1668 1411 1880 1474; x_wconf 82' lang='lat' dir='ltr'>necessarium</span> 
     </span>
     <span class='ocr_line' id='line_1_7' title="bbox 694 1511 1879 1600; baseline -0.001 -21"><span class='ocrx_word' id='word_1_51' title='bbox 694 1512 900 1594; x_wconf 72' lang='grc' dir='ltr'>κολάζητε</span> <span class='ocrx_word' id='word_1_52' title='bbox 923 1514 1053 1600; x_wconf 83' lang='lat' dir='ltr'>praebet</span> <span class='ocrx_word' id='word_1_53' title='bbox 1075 1511 1100 1581; x_wconf 89' lang='lat' dir='ltr'>O</span> <span class='ocrx_word' id='word_1_54' title='bbox 1124 1536 1161 1579; x_wconf 84' lang='lat' dir='ltr'>ex</span> <span class='ocrx_word' id='word_1_55' title='bbox 1186 1513 1272 1579; x_wconf 86' lang='lat' dir='ltr'>felici</span> <span class='ocrx_word' id='word_1_56' title='bbox 1295 1514 1414 1579; x_wconf 91' lang='lat' dir='ltr'>scribae</span> <span class='ocrx_word' id='word_1_57' title='bbox 1438 1517 1638 1580; x_wconf 88' lang='lat' dir='ltr'>correctione.</span> <span class='ocrx_word' id='word_1_58' title='bbox 1663 1513 1716 1579; x_wconf 88' lang='lat' dir='ltr'>Or.</span> <span class='ocrx_word' id='word_1_59' title='bbox 1740 1513 1799 1579; x_wconf 92' lang='lat' dir='ltr'>VII</span> <span class='ocrx_word' id='word_1_60' title='bbox 1822 1516 1839 1599; x_wconf 60' lang='grc' dir='ltr'><strong>ς</strong></span> <span class='ocrx_word' id='word_1_61' title='bbox 1858 1513 1879 1578; x_wconf 83' lang='grc'>2</span> 
     </span>
     <span class='ocr_line' id='line_1_8' title="bbox 694 1618 1880 1706; baseline -0.001 -20"><span class='ocrx_word' id='word_1_62' title='bbox 694 1618 857 1696; x_wconf 73' lang='grc' dir='ltr'><strong><em>άποθεῖξυι</em></strong></span> <span class='ocrx_word' id='word_1_63' title='bbox 883 1621 923 1698; x_wconf 87' lang='grc' dir='ltr'>Χ,</span> <span class='ocrx_word' id='word_1_64' title='bbox 956 1621 1193 1699; x_wconf 79' lang='grc' dir='ltr'><strong><em>άπελέγξοιι</em></strong></span> <span class='ocrx_word' id='word_1_65' title='bbox 1218 1627 1250 1685; x_wconf 94' lang='lat' dir='ltr'>et</span> <span class='ocrx_word' id='word_1_66' title='bbox 1274 1619 1533 1686; x_wconf 89' lang='lat' dir='ltr'>Westermannus</span> <span class='ocrx_word' id='word_1_67' title='bbox 1557 1623 1721 1706; x_wconf 86' lang='lat' dir='ltr'>proposuit</span> <span class='ocrx_word' id='word_1_68' title='bbox 1744 1629 1776 1686; x_wconf 96' lang='lat' dir='ltr'>et</span> <span class='ocrx_word' id='word_1_69' title='bbox 1798 1622 1880 1687; x_wconf 90' lang='lat' dir='ltr'>Rau·</span> 
     </span>
     <span class='ocr_line' id='line_1_9' title="bbox 691 1725 1880 1813; baseline -0.001 -20"><span class='ocrx_word' id='word_1_70' title='bbox 691 1729 923 1804; x_wconf 88' lang='lat' dir='ltr'>ohensteinius,</span> <span class='ocrx_word' id='word_1_71' title='bbox 947 1747 1022 1791; x_wconf 91' lang='lat' dir='ltr'>eum</span> <span class='ocrx_word' id='word_1_72' title='bbox 1046 1726 1097 1792; x_wconf 87' lang='lat' dir='ltr'>vel</span> <span class='ocrx_word' id='word_1_73' title='bbox 1121 1725 1283 1792; x_wconf 90' lang='lat' dir='ltr'>Dobraeus</span> <span class='ocrx_word' id='word_1_74' title='bbox 1306 1727 1410 1792; x_wconf 86' lang='lat' dir='ltr'>multa</span> <span class='ocrx_word' id='word_1_75' title='bbox 1430 1726 1563 1793; x_wconf 81' lang='lat' dir='ltr'>mellens</span> <span class='ocrx_word' id='word_1_76' title='bbox 1585 1726 1691 1793; x_wconf 87' lang='lat' dir='ltr'>locum</span> <span class='ocrx_word' id='word_1_77' title='bbox 1716 1748 1880 1813; x_wconf 87' lang='lat' dir='ltr'>persanare</span> 
     </span>
     <span class='ocr_line' id='line_1_10' title="bbox 692 1830 1879 1921; baseline -0.002 -21"><span class='ocrx_word' id='word_1_78' title='bbox 692 1857 756 1901; x_wconf 92' lang='lat' dir='ltr'>non</span> <span class='ocrx_word' id='word_1_79' title='bbox 781 1832 928 1899; x_wconf 86' lang='lat' dir='ltr'>valuerit.</span> <span class='ocrx_word' id='word_1_80' title='bbox 959 1833 1005 1898; x_wconf 91' lang='lat' dir='ltr'>lb.</span> <span class='ocrx_word' id='word_1_81' title='bbox 1030 1833 1110 1918; x_wconf 71' lang='lat'>§11</span> <span class='ocrx_word' id='word_1_82' title='bbox 1135 1830 1213 1898; x_wconf 87' lang='grc' dir='ltr'><strong><em>οίκον</em></strong></span> <span class='ocrx_word' id='word_1_83' title='bbox 1237 1833 1267 1898; x_wconf 87' lang='lat' dir='ltr'>X</span> <span class='ocrx_word' id='word_1_84' title='bbox 1292 1854 1367 1898; x_wconf 90' lang='lat' dir='ltr'>cum</span> <span class='ocrx_word' id='word_1_85' title='bbox 1390 1833 1597 1921; x_wconf 81' lang='lat' dir='ltr'>apographis,</span> <span class='ocrx_word' id='word_1_86' title='bbox 1621 1855 1734 1899; x_wconf 84' lang='lat' dir='ltr'>rerum</span> <span class='ocrx_word' id='word_1_87' title='bbox 1759 1833 1879 1908; x_wconf 87' lang='grc' dir='ltr'><strong><em>σηκθν</em></strong></span> 
     </span>
     <span class='ocr_line' id='line_1_11' title="bbox 691 1938 1879 2026; baseline -0.001 -19"><span class='ocrx_word' id='word_1_88' title='bbox 691 1941 779 2026; x_wconf 87' lang='lat' dir='ltr'>apud</span> <span class='ocrx_word' id='word_1_89' title='bbox 808 1939 941 2006; x_wconf 81' lang='lat' dir='ltr'>Suidam</span> <span class='ocrx_word' id='word_1_90' title='bbox 972 1946 1021 2004; x_wconf 86' lang='lat' dir='ltr'>est</span> <span class='ocrx_word' id='word_1_91' title='bbox 1051 1942 1072 2004; x_wconf 77' lang='lat' dir='ltr'>i·</span> <span class='ocrx_word' id='word_1_92' title='bbox 1095 1961 1125 2004; x_wconf 84' lang='lat' dir='ltr'>v.</span> <span class='ocrx_word' id='word_1_93' title='bbox 1158 1940 1281 2015; x_wconf 83' lang='grc' dir='ltr'><strong><em>Μορέοοι.</em></strong></span> <span class='ocrx_word' id='word_1_94' title='bbox 1313 1938 1358 2005; x_wconf 91' lang='lat' dir='ltr'>lb.</span> <span class='ocrx_word' id='word_1_95' title='bbox 1390 1938 1470 2024; x_wconf 76' lang='lat'>§17</span> <span class='ocrx_word' id='word_1_96' title='bbox 1496 1939 1617 2004; x_wconf 84' lang='grc' dir='ltr'><strong><em>είκθτοιν</em></strong></span> <span class='ocrx_word' id='word_1_97' title='bbox 1640 1940 1681 2019; x_wconf 88' lang='lat' dir='ltr'>X,</span> <span class='ocrx_word' id='word_1_98' title='bbox 1713 1941 1879 2006; x_wconf 68' lang='lat' dir='ltr'>alacrite</span> 
     </span>
     <span class='ocr_line' id='line_1_12' title="bbox 691 2043 1878 2134; baseline 0.001 -22"><span class='ocrx_word' id='word_1_99' title='bbox 691 2047 883 2113; x_wconf 86' lang='lat' dir='ltr'>Palmerius.</span> <span class='ocrx_word' id='word_1_100' title='bbox 908 2045 944 2111; x_wconf 93' lang='lat' dir='ltr'>ln</span> <span class='ocrx_word' id='word_1_101' title='bbox 964 2046 1024 2111; x_wconf 89' lang='lat' dir='ltr'>fine</span> <span class='ocrx_word' id='word_1_102' title='bbox 1046 2048 1199 2111; x_wconf 88' lang='lat' dir='ltr'>orationis</span> <span class='ocrx_word' id='word_1_103' title='bbox 1219 2045 1293 2131; x_wconf 75' lang='lat'>§42</span> <span class='ocrx_word' id='word_1_104' title='bbox 1314 2044 1331 2122; x_wconf 78' lang='grc' dir='ltr'><strong><em>ἢ</em></strong></span> <span class='ocrx_word' id='word_1_105' title='bbox 1351 2043 1411 2127; x_wconf 90' lang='grc' dir='ltr'><strong><em>άροι</em></strong></span> <span class='ocrx_word' id='word_1_106' title='bbox 1431 2046 1462 2110; x_wconf 89' lang='lat' dir='ltr'>X</span> <span class='ocrx_word' id='word_1_107' title='bbox 1481 2047 1519 2111; x_wconf 89' lang='lat' dir='ltr'>ab</span> <span class='ocrx_word' id='word_1_108' title='bbox 1540 2047 1731 2134; x_wconf 81' lang='lat' dir='ltr'>apographis</span> <span class='ocrx_word' id='word_1_109' title='bbox 1743 2046 1878 2113; x_wconf 91' lang='lat' dir='ltr'>ulterius</span> 
     </span>
     <span class='ocr_line' id='line_1_13' title="bbox 691 2150 1878 2240; baseline -0.002 -20"><span class='ocrx_word' id='word_1_110' title='bbox 691 2156 919 2240; x_wconf 88' lang='lat' dir='ltr'>depravatum,</span> <span class='ocrx_word' id='word_1_111' title='bbox 945 2155 1031 2231; x_wconf 81' lang='grc' dir='ltr'><strong><em>τοιρά</em></strong></span> <span class='ocrx_word' id='word_1_112' title='bbox 1055 2155 1198 2238; x_wconf 87' lang='lat' dir='ltr'>reposuit</span> <span class='ocrx_word' id='word_1_113' title='bbox 1222 2151 1301 2218; x_wconf 92' lang='lat' dir='ltr'>olim</span> <span class='ocrx_word' id='word_1_114' title='bbox 1325 2150 1468 2219; x_wconf 83' lang='lat' dir='ltr'>Gentius.</span> <span class='ocrx_word' id='word_1_115' title='bbox 1494 2150 1547 2217; x_wconf 90' lang='lat' dir='ltr'>Or.</span> <span class='ocrx_word' id='word_1_116' title='bbox 1572 2152 1645 2218; x_wconf 82' lang='lat' dir='ltr'>VIII</span> <span class='ocrx_word' id='word_1_117' title='bbox 1669 2153 1740 2238; x_wconf 78' lang='lat'>§11</span> <span class='ocrx_word' id='word_1_118' title='bbox 1766 2154 1816 2234; x_wconf 75' lang='grc' dir='ltr'>ἐφ’</span> <span class='ocrx_word' id='word_1_119' title='bbox 1840 2151 1878 2218; x_wconf 80' lang='grc' dir='ltr'>ὦν</span> 
     </span>
     <span class='ocr_line' id='line_1_14' title="bbox 692 2258 1879 2347; baseline 0 -22"><span class='ocrx_word' id='word_1_120' title='bbox 692 2287 733 2340; x_wconf 79' lang='grc' dir='ltr'><strong><em>γε</em></strong></span> <span class='ocrx_word' id='word_1_121' title='bbox 757 2261 788 2324; x_wconf 86' lang='grc' dir='ltr'><em>Χ</em></span> <span class='ocrx_word' id='word_1_122' title='bbox 812 2258 1002 2347; x_wconf 82' lang='lat' dir='ltr'>pervulgato</span> <span class='ocrx_word' id='word_1_123' title='bbox 1026 2280 1147 2337; x_wconf 86' lang='lat' dir='ltr'>errore,</span> <span class='ocrx_word' id='word_1_124' title='bbox 1172 2265 1280 2340; x_wconf 82' lang='grc' dir='ltr'><strong><em>σφῶν</em></strong></span> <span class='ocrx_word' id='word_1_125' title='bbox 1304 2284 1347 2337; x_wconf 74' lang='grc' dir='ltr'><strong><em>γε</em></strong></span> <span class='ocrx_word' id='word_1_126' title='bbox 1371 2259 1543 2325; x_wconf 88' lang='lat' dir='ltr'>Dobraeus.</span> <span class='ocrx_word' id='word_1_127' title='bbox 1567 2259 1613 2326; x_wconf 89' lang='lat' dir='ltr'>Ib.</span> <span class='ocrx_word' id='word_1_128' title='bbox 1637 2259 1715 2344; x_wconf 71' lang='lat'>§16</span> <span class='ocrx_word' id='word_1_129' title='bbox 1739 2261 1771 2325; x_wconf 90' lang='lat' dir='ltr'>X</span> <span class='ocrx_word' id='word_1_130' title='bbox 1791 2261 1879 2347; x_wconf 91' lang='lat' dir='ltr'>flagi-</span> 
     </span>
     <span class='ocr_line' id='line_1_15' title="bbox 692 2364 1879 2453; baseline 0.002 -22"><span class='ocrx_word' id='word_1_131' title='bbox 692 2370 774 2433; x_wconf 88' lang='lat' dir='ltr'>tiose</span> <span class='ocrx_word' id='word_1_132' title='bbox 796 2374 981 2451; x_wconf 89' lang='lat' dir='ltr'>corruptum</span> <span class='ocrx_word' id='word_1_133' title='bbox 1006 2364 1150 2437; x_wconf 81' lang='grc' dir='ltr'><strong><em>κοικώσοις</em></strong></span> <span class='ocrx_word' id='word_1_134' title='bbox 1173 2364 1293 2431; x_wconf 74' lang='grc' dir='ltr'><strong><em>λέπτιθι</em></strong></span> <span class='ocrx_word' id='word_1_135' title='bbox 1318 2366 1410 2443; x_wconf 74' lang='grc' dir='ltr'><strong><em>οὐδέν,</em></strong></span> <span class='ocrx_word' id='word_1_136' title='bbox 1430 2388 1482 2431; x_wconf 92' lang='lat' dir='ltr'>me</span> <span class='ocrx_word' id='word_1_137' title='bbox 1499 2366 1629 2453; x_wconf 90' lang='lat' dir='ltr'>quidem</span> <span class='ocrx_word' id='word_1_138' title='bbox 1648 2367 1754 2432; x_wconf 91' lang='lat' dir='ltr'>iudice</span> <span class='ocrx_word' id='word_1_139' title='bbox 1773 2371 1879 2433; x_wconf 77' lang='lat' dir='ltr'>rectis</span> 
     </span>
     <span class='ocr_line' id='line_1_16' title="bbox 692 2470 1876 2558; baseline -0.002 -19"><span class='ocrx_word' id='word_1_140' title='bbox 692 2477 774 2539; x_wconf 89' lang='lat' dir='ltr'>sime</span> <span class='ocrx_word' id='word_1_141' title='bbox 809 2493 827 2537; x_wconf 90' lang='lat' dir='ltr'>a</span> <span class='ocrx_word' id='word_1_142' title='bbox 860 2470 1003 2538; x_wconf 91' lang='lat' dir='ltr'>Bartelto</span> <span class='ocrx_word' id='word_1_143' title='bbox 1037 2474 1225 2537; x_wconf 90' lang='lat' dir='ltr'>restitutum</span> <span class='ocrx_word' id='word_1_144' title='bbox 1256 2475 1313 2557; x_wconf 90' lang='lat' dir='ltr'>qui</span> <span class='ocrx_word' id='word_1_145' title='bbox 1343 2473 1416 2537; x_wconf 91' lang='lat' dir='ltr'>hinc</span> <span class='ocrx_word' id='word_1_146' title='bbox 1446 2471 1620 2558; x_wconf 80' lang='lat' dir='ltr'>exsculpsit</span> <span class='ocrx_word' id='word_1_147' title='bbox 1652 2479 1780 2545; x_wconf 72' lang='grc' dir='ltr'><strong><em>κακῶς</em></strong></span> <span class='ocrx_word' id='word_1_148' title='bbox 1813 2474 1876 2538; x_wconf 87' lang='grc' dir='ltr'>άεί</span> 
     </span>
     <span class='ocr_line' id='line_1_17' title="bbox 693 2578 1877 2658; baseline -0.003 -12"><span class='ocrx_word' id='word_1_149' title='bbox 693 2580 844 2658; x_wconf 80' lang='grc' dir='ltr'><strong><em>λέγετε</em></strong></span> <span class='ocrx_word' id='word_1_150' title='bbox 878 2581 921 2644; x_wconf 80' lang='grc' dir='ltr'>δι’</span> <span class='ocrx_word' id='word_1_151' title='bbox 952 2579 1017 2643; x_wconf 78' lang='grc' dir='ltr'>οθθ</span> <span class='ocrx_word' id='word_1_152' title='bbox 1026 2578 1082 2656; x_wconf 92' lang='grc' dir='ltr'>έν,</span> <span class='ocrx_word' id='word_1_153' title='bbox 1116 2581 1176 2643; x_wconf 91' lang='lat' dir='ltr'>etsi</span> <span class='ocrx_word' id='word_1_154' title='bbox 1200 2579 1294 2644; x_wconf 87' lang='lat' dir='ltr'>aliter</span> <span class='ocrx_word' id='word_1_155' title='bbox 1316 2581 1471 2645; x_wconf 90' lang='lat' dir='ltr'>sentiente</span> <span class='ocrx_word' id='word_1_156' title='bbox 1493 2578 1703 2645; x_wconf 82' lang='lat' dir='ltr'>Thalheimio.</span> <span class='ocrx_word' id='word_1_157' title='bbox 1736 2579 1788 2646; x_wconf 89' lang='lat' dir='ltr'>Or.</span> <span class='ocrx_word' id='word_1_158' title='bbox 1813 2578 1877 2645; x_wconf 94' lang='lat' dir='ltr'>XII</span> 
     </span>
     <span class='ocr_line' id='line_1_18' title="bbox 694 2684 1876 2773; baseline 0.001 -22"><span class='ocrx_word' id='word_1_159' title='bbox 694 2689 712 2773; x_wconf 82' lang='lat'>§</span> <span class='ocrx_word' id='word_1_160' title='bbox 733 2687 753 2751; x_wconf 89' lang='grc'><strong>6</strong></span> <span class='ocrx_word' id='word_1_161' title='bbox 779 2689 833 2758; x_wconf 77' lang='grc' dir='ltr'><strong><em>τίον</em></strong></span> <span class='ocrx_word' id='word_1_162' title='bbox 857 2687 912 2762; x_wconf 78' lang='grc' dir='ltr'>μέν</span> <span class='ocrx_word' id='word_1_163' title='bbox 936 2685 1024 2750; x_wconf 88' lang='grc' dir='ltr'><strong><em>πθλιν</em></strong></span> <span class='ocrx_word' id='word_1_164' title='bbox 1047 2684 1187 2761; x_wconf 71' lang='grc' dir='ltr'><strong><em>γενέσθαι</em></strong></span> <span class='ocrx_word' id='word_1_165' title='bbox 1208 2686 1250 2763; x_wconf 87' lang='lat' dir='ltr'>X,</span> <span class='ocrx_word' id='word_1_166' title='bbox 1271 2685 1479 2751; x_wconf 84' lang='lat' dir='ltr'>Marklandue</span> <span class='ocrx_word' id='word_1_167' title='bbox 1499 2686 1702 2751; x_wconf 73' lang='grc' dir='ltr'><strong><em>πένεσθαι.</em></strong></span> <span class='ocrx_word' id='word_1_168' title='bbox 1728 2685 1773 2752; x_wconf 91' lang='lat' dir='ltr'>Ib.</span> <span class='ocrx_word' id='word_1_169' title='bbox 1795 2689 1812 2772; x_wconf 60' lang='grc' dir='ltr'><strong>ἓ</strong></span> <span class='ocrx_word' id='word_1_170' title='bbox 1833 2685 1876 2752; x_wconf 80' lang='lat'>52</span> 
     </span>
     <span class='ocr_line' id='line_1_19' title="bbox 693 2790 1877 2879; baseline -0.001 -20"><span class='ocrx_word' id='word_1_171' title='bbox 693 2794 765 2859; x_wconf 76' lang='grc' dir='ltr'><strong><em>τότε</em></strong></span> <span class='ocrx_word' id='word_1_172' title='bbox 799 2790 1006 2868; x_wconf 72' lang='grc' dir='ltr'><strong><em>ε’πιδείξοοσθοιι</em></strong></span> <span class='ocrx_word' id='word_1_173' title='bbox 1039 2793 1094 2866; x_wconf 79' lang='grc' dir='ltr'>την</span> <span class='ocrx_word' id='word_1_174' title='bbox 1126 2793 1220 2857; x_wconf 84' lang='grc' dir='ltr'><strong><em>οοὺτοῡ</em></strong></span> <span class='ocrx_word' id='word_1_175' title='bbox 1250 2793 1466 2858; x_wconf 74' lang='grc' dir='ltr'><strong><em>συνουσίαν</em></strong></span> <span class='ocrx_word' id='word_1_176' title='bbox 1490 2793 1532 2870; x_wconf 89' lang='grc' dir='ltr'>Χ,</span> <span class='ocrx_word' id='word_1_177' title='bbox 1555 2792 1714 2858; x_wconf 84' lang='grc' dir='ltr'><strong><em>εὔνοιάν</em></strong></span> <span class='ocrx_word' id='word_1_178' title='bbox 1737 2796 1877 2879; x_wconf 84' lang='lat' dir='ltr'>repperit</span> 
     </span>
     <span class='ocr_line' id='line_1_20' title="bbox 692 2898 1876 2987; baseline 0 -22"><span class='ocrx_word' id='word_1_179' title='bbox 692 2900 778 2965; x_wconf 88' lang='lat' dir='ltr'>idem</span> <span class='ocrx_word' id='word_1_180' title='bbox 802 2898 1027 2976; x_wconf 82' lang='lat' dir='ltr'>Marklandus,</span> <span class='ocrx_word' id='word_1_181' title='bbox 1052 2898 1256 2963; x_wconf 87' lang='lat' dir='ltr'>felicissimus</span> <span class='ocrx_word' id='word_1_182' title='bbox 1279 2904 1311 2963; x_wconf 92' lang='lat' dir='ltr'>et</span> <span class='ocrx_word' id='word_1_183' title='bbox 1330 2903 1398 2986; x_wconf 90' lang='lat' dir='ltr'>ipse</span> <span class='ocrx_word' id='word_1_184' title='bbox 1417 2899 1514 2986; x_wconf 83' lang='lat' dir='ltr'>Lysia</span> <span class='ocrx_word' id='word_1_185' title='bbox 1532 2902 1699 2977; x_wconf 90' lang='lat' dir='ltr'>coniector,</span> <span class='ocrx_word' id='word_1_186' title='bbox 1719 2921 1794 2985; x_wconf 91' lang='lat' dir='ltr'>prae</span> <span class='ocrx_word' id='word_1_187' title='bbox 1814 2922 1876 2987; x_wconf 89' lang='lat' dir='ltr'>qua</span> 
     </span>
     <span class='ocr_line' id='line_1_21' title="bbox 691 3004 1874 3085; baseline -0.001 -12"><span class='ocrx_word' id='word_1_188' title='bbox 691 3006 910 3073; x_wconf 89' lang='lat' dir='ltr'>emendatione</span> <span class='ocrx_word' id='word_1_189' title='bbox 940 3006 1066 3071; x_wconf 90' lang='lat' dir='ltr'>sordent</span> <span class='ocrx_word' id='word_1_190' title='bbox 1095 3004 1306 3070; x_wconf 82' lang='lat' dir='ltr'>Reislrianum</span> <span class='ocrx_word' id='word_1_191' title='bbox 1337 3007 1513 3085; x_wconf 86' lang='grc' dir='ltr'><strong><em>προθυμίιιν,</em></strong></span> <span class='ocrx_word' id='word_1_192' title='bbox 1538 3005 1704 3071; x_wconf 81' lang='lat' dir='ltr'>Fritaschii</span> <span class='ocrx_word' id='word_1_193' title='bbox 1728 3004 1874 3085; x_wconf 77' lang='grc' dir='ltr'><strong><em>έξουσίοιν.</em></strong></span> 
     </span>
     <span class='ocr_line' id='line_1_22' title="bbox 690 3107 1876 3198; baseline -0.003 -18"><span class='ocrx_word' id='word_1_194' title='bbox 690 3114 737 3180; x_wconf 85' lang='grc' dir='ltr'><strong><em>ίίι.</em></strong></span> <span class='ocrx_word' id='word_1_195' title='bbox 770 3112 849 3198; x_wconf 74' lang='lat'>§86</span> <span class='ocrx_word' id='word_1_196' title='bbox 881 3113 1052 3190; x_wconf 75' lang='grc' dir='ltr'><strong><em>ἐβουλόμην</em></strong></span> <span class='ocrx_word' id='word_1_197' title='bbox 1084 3111 1201 3189; x_wconf 83' lang='grc' dir='ltr'><strong><em>μεντάν</em></strong></span> <span class='ocrx_word' id='word_1_198' title='bbox 1232 3114 1344 3185; x_wconf 70' lang='grc' dir='ltr'><strong><em>αὐτοὺς</em></strong></span> <span class='ocrx_word' id='word_1_199' title='bbox 1378 3111 1454 3179; x_wconf 81' lang='grc' dir='ltr'><strong><em>οὕτω</em></strong></span> <span class='ocrx_word' id='word_1_200' title='bbox 1484 3114 1651 3192; x_wconf 81' lang='grc' dir='ltr'><strong><em>προθύμους</em></strong></span> <span class='ocrx_word' id='word_1_201' title='bbox 1674 3107 1749 3178; x_wconf 82' lang='grc' dir='ltr'><strong><em>είνοιι</em></strong></span> <span class='ocrx_word' id='word_1_202' title='bbox 1772 3112 1876 3195; x_wconf 78' lang='grc' dir='ltr'><strong><em>σῴζειν</em></strong></span> 
     </span>
     <span class='ocr_line' id='line_1_23' title="bbox 690 3215 1875 3299; baseline 0 -14"><span class='ocrx_word' id='word_1_203' title='bbox 690 3222 745 3293; x_wconf 77' lang='grc' dir='ltr'>την</span> <span class='ocrx_word' id='word_1_204' title='bbox 767 3221 865 3299; x_wconf 84' lang='grc' dir='ltr'><strong><em>πάλιν,</em></strong></span> <span class='ocrx_word' id='word_1_205' title='bbox 889 3218 987 3298; x_wconf 72' lang='grc' dir='ltr'><strong><em>ὥσπερ</em></strong></span> <span class='ocrx_word' id='word_1_206' title='bbox 1011 3215 1089 3284; x_wconf 80' lang='grc' dir='ltr'><strong><em>οὖτοι</em></strong></span> <span class='ocrx_word' id='word_1_207' title='bbox 1113 3217 1335 3284; x_wconf 74' lang='grc' dir='ltr'><strong><em>άποδοῦνοιι</em></strong></span> <span class='ocrx_word' id='word_1_208' title='bbox 1359 3219 1401 3297; x_wconf 94' lang='grc' dir='ltr'>Χ,</span> <span class='ocrx_word' id='word_1_209' title='bbox 1431 3221 1468 3285; x_wconf 88' lang='lat' dir='ltr'>ab</span> <span class='ocrx_word' id='word_1_210' title='bbox 1494 3219 1604 3285; x_wconf 90' lang='lat' dir='ltr'>eodem</span> <span class='ocrx_word' id='word_1_211' title='bbox 1627 3218 1818 3285; x_wconf 84' lang='lat' dir='ltr'>Marklando</span> <span class='ocrx_word' id='word_1_212' title='bbox 1840 3224 1875 3285; x_wconf 87' lang='lat' dir='ltr'>iu</span> 
     </span>
     <span class='ocr_line' id='line_1_24' title="bbox 690 3323 1874 3411; baseline 0 -19"><span class='ocrx_word' id='word_1_213' title='bbox 690 3328 927 3392; x_wconf 86' lang='grc' dir='ltr'><strong><em>άπολλάνοιι</em></strong></span> <span class='ocrx_word' id='word_1_214' title='bbox 951 3330 1138 3391; x_wconf 90' lang='lat' dir='ltr'>correctum.</span> <span class='ocrx_word' id='word_1_215' title='bbox 1159 3323 1212 3389; x_wconf 88' lang='lat' dir='ltr'>Or.</span> <span class='ocrx_word' id='word_1_216' title='bbox 1237 3323 1318 3389; x_wconf 91' lang='lat' dir='ltr'>XIII</span> <span class='ocrx_word' id='word_1_217' title='bbox 1340 3327 1357 3410; x_wconf 56' lang='grc' dir='ltr'>ᾗ</span> <span class='ocrx_word' id='word_1_218' title='bbox 1378 3323 1420 3390; x_wconf 81' lang='lat'>70</span> <span class='ocrx_word' id='word_1_219' title='bbox 1445 3325 1458 3389; x_wconf 85' lang='grc' dir='ltr'><em>ἕ</em></span> <span class='ocrx_word' id='word_1_220' title='bbox 1482 3326 1576 3401; x_wconf 71' lang='grc' dir='ltr'><strong><em>δῆμος</em></strong></span> <span class='ocrx_word' id='word_1_221' title='bbox 1599 3325 1630 3390; x_wconf 94' lang='lat' dir='ltr'>X</span> <span class='ocrx_word' id='word_1_222' title='bbox 1654 3346 1711 3411; x_wconf 92' lang='lat' dir='ltr'>pro</span> <span class='ocrx_word' id='word_1_223' title='bbox 1735 3326 1748 3388; x_wconf 84' lang='grc' dir='ltr'><strong><em>θ</em></strong></span> <span class='ocrx_word' id='word_1_224' title='bbox 1769 3324 1874 3402; x_wconf 75' lang='grc' dir='ltr'><strong><em>δῆμος.</em></strong></span> 
     </span>
     <span class='ocr_line' id='line_1_25' title="bbox 691 3429 1875 3516; baseline 0 -18"><span class='ocrx_word' id='word_1_225' title='bbox 691 3433 739 3498; x_wconf 86' lang='lat' dir='ltr'>lb.</span> <span class='ocrx_word' id='word_1_226' title='bbox 761 3435 778 3516; x_wconf 60' lang='grc' dir='ltr'><strong>ξ</strong></span> <span class='ocrx_word' id='word_1_227' title='bbox 799 3430 839 3497; x_wconf 84' lang='grc'>71</span> <span class='ocrx_word' id='word_1_228' title='bbox 861 3433 971 3496; x_wconf 84' lang='grc' dir='ltr'><strong><em>άλλά</em></strong></span> <span class='ocrx_word' id='word_1_229' title='bbox 991 3432 1087 3512; x_wconf 85' lang='grc' dir='ltr'><strong><em>τούτῳ</em></strong></span> <span class='ocrx_word' id='word_1_230' title='bbox 1108 3434 1225 3509; x_wconf 75' lang='grc' dir='ltr'><strong><em>κροιυγη</em></strong></span> <span class='ocrx_word' id='word_1_231' title='bbox 1245 3432 1392 3510; x_wconf 73' lang='grc' dir='ltr'><strong><em>γίγνετοιι</em></strong></span> <span class='ocrx_word' id='word_1_232' title='bbox 1412 3432 1453 3509; x_wconf 89' lang='grc' dir='ltr'>Χ,</span> <span class='ocrx_word' id='word_1_233' title='bbox 1476 3429 1559 3507; x_wconf 87' lang='grc' dir='ltr'><strong><em>άμοι</em></strong></span> <span class='ocrx_word' id='word_1_234' title='bbox 1579 3430 1675 3509; x_wconf 77' lang='grc' dir='ltr'><strong><em>τούτου</em></strong></span> <span class='ocrx_word' id='word_1_235' title='bbox 1695 3433 1875 3516; x_wconf 85' lang='lat' dir='ltr'>requirebat</span> 
     </span>
     <span class='ocr_line' id='line_1_26' title="bbox 690 3538 1875 3624; baseline 0 -19"><span class='ocrx_word' id='word_1_236' title='bbox 690 3539 876 3614; x_wconf 83' lang='lat' dir='ltr'>Scheibius,</span> <span class='ocrx_word' id='word_1_237' title='bbox 907 3559 963 3622; x_wconf 92' lang='lat' dir='ltr'>pro</span> <span class='ocrx_word' id='word_1_238' title='bbox 995 3559 1056 3623; x_wconf 93' lang='lat' dir='ltr'>quo</span> <span class='ocrx_word' id='word_1_239' title='bbox 1082 3543 1185 3602; x_wconf 88' lang='lat' dir='ltr'>tamen</span> <span class='ocrx_word' id='word_1_240' title='bbox 1211 3545 1286 3602; x_wconf 87' lang='lat' dir='ltr'>eunt</span> <span class='ocrx_word' id='word_1_241' title='bbox 1309 3541 1364 3624; x_wconf 91' lang='lat' dir='ltr'>qui</span> <span class='ocrx_word' id='word_1_242' title='bbox 1389 3539 1479 3601; x_wconf 85' lang='grc' dir='ltr'><strong><em>άλλ’</em></strong></span> <span class='ocrx_word' id='word_1_243' title='bbox 1502 3538 1540 3602; x_wconf 81' lang='grc' dir='ltr'>ἐν</span> <span class='ocrx_word' id='word_1_244' title='bbox 1564 3538 1659 3617; x_wconf 82' lang='grc' dir='ltr'><strong><em>τούτῳ</em></strong></span> <span class='ocrx_word' id='word_1_245' title='bbox 1683 3538 1814 3617; x_wconf 89' lang='lat' dir='ltr'>malint,</span> <span class='ocrx_word' id='word_1_246' title='bbox 1837 3547 1875 3605; x_wconf 89' lang='lat' dir='ltr'>ut</span> 
     </span>
     <span class='ocr_line' id='line_1_27' title="bbox 690 3642 1874 3712; baseline 0.001 -1"><span class='ocrx_word' id='word_1_247' title='bbox 690 3647 826 3711; x_wconf 86' lang='lat' dir='ltr'>coniecit</span> <span class='ocrx_word' id='word_1_248' title='bbox 857 3642 936 3708; x_wconf 93' lang='lat' dir='ltr'>olim</span> <span class='ocrx_word' id='word_1_249' title='bbox 967 3644 1068 3709; x_wconf 87' lang='lat' dir='ltr'>scriba</span> <span class='ocrx_word' id='word_1_250' title='bbox 1098 3643 1304 3709; x_wconf 78' lang='lat' dir='ltr'>laurentiani</span> <span class='ocrx_word' id='word_1_251' title='bbox 1333 3643 1358 3712; x_wconf 87' lang='lat' dir='ltr'>O</span> <span class='ocrx_word' id='word_1_252' title='bbox 1381 3651 1413 3710; x_wconf 89' lang='lat' dir='ltr'>et</span> <span class='ocrx_word' id='word_1_253' title='bbox 1436 3645 1533 3709; x_wconf 92' lang='lat' dir='ltr'>edunt</span> <span class='ocrx_word' id='word_1_254' title='bbox 1555 3648 1577 3709; x_wconf 87' lang='lat' dir='ltr'>i.</span> <span class='ocrx_word' id='word_1_255' title='bbox 1591 3664 1618 3709; x_wconf 93' lang='lat' dir='ltr'>a.</span> <span class='ocrx_word' id='word_1_256' title='bbox 1642 3645 1874 3712; x_wconf 88' lang='lat' dir='ltr'>Herwerdenue</span> 
     </span>
     <span class='ocr_line' id='line_1_28' title="bbox 690 3749 1874 3838; baseline 0.003 -22"><span class='ocrx_word' id='word_1_257' title='bbox 690 3760 725 3817; x_wconf 94' lang='lat' dir='ltr'>et</span> <span class='ocrx_word' id='word_1_258' title='bbox 748 3751 927 3815; x_wconf 81' lang='lat' dir='ltr'>ThalheIm.</span> <span class='ocrx_word' id='word_1_259' title='bbox 954 3750 1016 3815; x_wconf 79' lang='lat' dir='ltr'>Sed</span> <span class='ocrx_word' id='word_1_260' title='bbox 1040 3749 1092 3815; x_wconf 90' lang='lat' dir='ltr'>Or.</span> <span class='ocrx_word' id='word_1_261' title='bbox 1119 3749 1209 3815; x_wconf 88' lang='lat' dir='ltr'>XVII</span> <span class='ocrx_word' id='word_1_262' title='bbox 1231 3754 1248 3836; x_wconf 59' lang='grc' dir='ltr'><strong>ξ</strong></span> <span class='ocrx_word' id='word_1_263' title='bbox 1269 3753 1289 3816; x_wconf 88' lang='grc'>4</span> <span class='ocrx_word' id='word_1_264' title='bbox 1313 3758 1383 3838; x_wconf 88' lang='lat' dir='ltr'>poet</span> <span class='ocrx_word' id='word_1_265' title='bbox 1406 3751 1574 3817; x_wconf 79' lang='lat' dir='ltr'>Reialrium</span> <span class='ocrx_word' id='word_1_266' title='bbox 1596 3773 1691 3818; x_wconf 91' lang='lat' dir='ltr'>nemo</span> <span class='ocrx_word' id='word_1_267' title='bbox 1715 3753 1874 3819; x_wconf 81' lang='lat' dir='ltr'>dubitarit</span> 
     </span>
     <span class='ocr_line' id='line_1_29' title="bbox 689 3856 1874 3947; baseline 0.003 -25"><span class='ocrx_word' id='word_1_268' title='bbox 689 3861 768 3945; x_wconf 90' lang='lat' dir='ltr'>quin</span> <span class='ocrx_word' id='word_1_269' title='bbox 789 3879 845 3942; x_wconf 93' lang='lat' dir='ltr'>pro</span> <span class='ocrx_word' id='word_1_270' title='bbox 865 3859 902 3930; x_wconf 79' lang='grc' dir='ltr'>ὡς</span> <span class='ocrx_word' id='word_1_271' title='bbox 923 3856 994 3922; x_wconf 85' lang='grc' dir='ltr'><strong><em>θντοι</em></strong></span> <span class='ocrx_word' id='word_1_272' title='bbox 1015 3861 1073 3938; x_wconf 89' lang='lat' dir='ltr'>(sio</span> <span class='ocrx_word' id='word_1_273' title='bbox 1093 3858 1241 3923; x_wconf 91' lang='lat' dir='ltr'>audacter</span> <span class='ocrx_word' id='word_1_274' title='bbox 1259 3880 1334 3923; x_wconf 88' lang='lat' dir='ltr'>sane</span> <span class='ocrx_word' id='word_1_275' title='bbox 1353 3862 1386 3923; x_wconf 97' lang='lat' dir='ltr'>in</span> <span class='ocrx_word' id='word_1_276' title='bbox 1405 3859 1474 3925; x_wconf 88' lang='lat' dir='ltr'>loco</span> <span class='ocrx_word' id='word_1_277' title='bbox 1496 3862 1701 3926; x_wconf 83' lang='lat' dir='ltr'>vexatissimo</span> <span class='ocrx_word' id='word_1_278' title='bbox 1712 3864 1874 3947; x_wconf 90' lang='lat' dir='ltr'>rescripsit</span> 
     </span>
     <span class='ocr_line' id='line_1_30' title="bbox 687 3962 1872 4050; baseline 0.001 -19"><span class='ocrx_word' id='word_1_279' title='bbox 687 3964 860 4049; x_wconf 81' lang='lat' dir='ltr'>Emporias</span> <span class='ocrx_word' id='word_1_280' title='bbox 892 3985 947 4050; x_wconf 93' lang='lat' dir='ltr'>pro</span> <span class='ocrx_word' id='word_1_281' title='bbox 977 3964 1083 4029; x_wconf 84' lang='lat' dir='ltr'>verbis</span> <span class='ocrx_word' id='word_1_282' title='bbox 1107 3967 1225 4029; x_wconf 87' lang='lat' dir='ltr'>insanis</span> <span class='ocrx_word' id='word_1_283' title='bbox 1250 3986 1330 4050; x_wconf 90' lang='lat' dir='ltr'>quae</span> <span class='ocrx_word' id='word_1_284' title='bbox 1353 3965 1447 4029; x_wconf 87' lang='lat' dir='ltr'>habet</span> <span class='ocrx_word' id='word_1_285' title='bbox 1471 3965 1502 4029; x_wconf 90' lang='lat' dir='ltr'>X</span> <span class='ocrx_word' id='word_1_286' title='bbox 1525 3968 1579 4038; x_wconf 74' lang='grc' dir='ltr'>την</span> <span class='ocrx_word' id='word_1_287' title='bbox 1604 3962 1710 4032; x_wconf 88' lang='grc' dir='ltr'><strong><em>τάντοι</em></strong></span> <span class='ocrx_word' id='word_1_288' title='bbox 1733 3969 1792 4045; x_wconf 86' lang='grc' dir='ltr'>τά,</span> <span class='ocrx_word' id='word_1_289' title='bbox 1817 3966 1872 4032; x_wconf 91' lang='lat' dir='ltr'>alii</span> 
     </span>
     <span class='ocr_line' id='line_1_31' title="bbox 687 4069 1871 4152; baseline 0.001 -16"><span class='ocrx_word' id='word_1_290' title='bbox 687 4069 796 4147; x_wconf 90' lang='lat' dir='ltr'>aliter)</span> <span class='ocrx_word' id='word_1_291' title='bbox 820 4070 987 4150; x_wconf 82' lang='grc' dir='ltr'><strong><em>Ἐράτωνος</em></strong></span> <span class='ocrx_word' id='word_1_292' title='bbox 1006 4070 1191 4149; x_wconf 57' lang='lat' dir='ltr'>aziriaco</span> <span class='ocrx_word' id='word_1_293' title='bbox 1213 4070 1264 4134; x_wconf 83' lang='grc' dir='ltr'><strong><em>κοιί</em></strong></span> <span class='ocrx_word' id='word_1_294' title='bbox 1286 4070 1393 4148; x_wconf 73' lang='grc' dir='ltr'><strong><em>λέγω</em></strong></span> <span class='ocrx_word' id='word_1_295' title='bbox 1413 4073 1509 4137; x_wconf 75' lang='grc' dir='ltr'><strong><em>πολὺν</em></strong></span> <span class='ocrx_word' id='word_1_296' title='bbox 1530 4072 1584 4147; x_wconf 73' lang='grc' dir='ltr'>ἤδη</span> <span class='ocrx_word' id='word_1_297' title='bbox 1602 4071 1707 4152; x_wconf 76' lang='grc' dir='ltr'><strong><em>χρόνον</em></strong></span> <span class='ocrx_word' id='word_1_298' title='bbox 1720 4071 1871 4149; x_wconf 74' lang='grc' dir='ltr'><strong><em>κέκτημαι</em></strong></span> 
     </span>
     <span class='ocr_line' id='line_1_32' title="bbox 687 4173 1871 4263; baseline 0.002 -22"><span class='ocrx_word' id='word_1_299' title='bbox 687 4198 803 4241; x_wconf 85' lang='lat' dir='ltr'>verum</span> <span class='ocrx_word' id='word_1_300' title='bbox 832 4185 913 4241; x_wconf 88' lang='lat' dir='ltr'>esset</span> <span class='ocrx_word' id='word_1_301' title='bbox 936 4178 988 4241; x_wconf 91' lang='grc' dir='ltr'><strong><em>κοιί</em></strong></span> <span class='ocrx_word' id='word_1_302' title='bbox 1012 4173 1034 4241; x_wconf 86' lang='grc' dir='ltr'><strong><em>ά</em></strong></span> <span class='ocrx_word' id='word_1_303' title='bbox 1059 4177 1134 4253; x_wconf 72' lang='grc' dir='ltr'>ἐγὼ</span> <span class='ocrx_word' id='word_1_304' title='bbox 1159 4191 1228 4242; x_wconf 90' lang='grc' dir='ltr'><strong><em>κτλ.</em></strong></span> <span class='ocrx_word' id='word_1_305' title='bbox 1253 4176 1306 4242; x_wconf 84' lang='grc' dir='ltr'>Οτ.</span> <span class='ocrx_word' id='word_1_306' title='bbox 1332 4178 1395 4243; x_wconf 94' lang='lat' dir='ltr'>XX</span> <span class='ocrx_word' id='word_1_307' title='bbox 1419 4180 1437 4263; x_wconf 58' lang='grc' dir='ltr'><strong>ἓ</strong></span> <span class='ocrx_word' id='word_1_308' title='bbox 1458 4177 1518 4242; x_wconf 77' lang='lat'>24:</span> <span class='ocrx_word' id='word_1_309' title='bbox 1544 4177 1648 4252; x_wconf 73' lang='grc' dir='ltr'><strong><em>ε’πειδη</em></strong></span> <span class='ocrx_word' id='word_1_310' title='bbox 1672 4178 1702 4243; x_wconf 77' lang='lat' dir='ltr'>a</span> <span class='ocrx_word' id='word_1_311' title='bbox 1725 4178 1871 4260; x_wconf 69' lang='grc' dir='ltr'><strong><em>διεφθάρη</em></strong></span> 
     </span>
     <span class='ocr_line' id='line_1_33' title="bbox 687 4282 1871 4366; baseline 0.003 -20"><span class='ocrx_word' id='word_1_312' title='bbox 687 4284 737 4361; x_wconf 79' lang='grc' dir='ltr'>(τὸ</span> <span class='ocrx_word' id='word_1_313' title='bbox 762 4282 980 4364; x_wconf 78' lang='grc' dir='ltr'><strong><em>στράτθπεθον)</em></strong></span> <span class='ocrx_word' id='word_1_314' title='bbox 1010 4320 1085 4331; x_wconf 91' lang='grc'>--</span> <span class='ocrx_word' id='word_1_315' title='bbox 1116 4282 1344 4363; x_wconf 76' lang='grc' dir='ltr'><strong><em>ἠλπιζόμην</em></strong></span> <span class='ocrx_word' id='word_1_316' title='bbox 1368 4285 1538 4366; x_wconf 81' lang='grc' dir='ltr'><strong><em>θρμιίμενος</em></strong></span> <span class='ocrx_word' id='word_1_317' title='bbox 1561 4286 1693 4349; x_wconf 80' lang='grc' dir='ltr'><strong><em>ἐντεῦθεν</em></strong></span> <span class='ocrx_word' id='word_1_318' title='bbox 1721 4285 1772 4349; x_wconf 72' lang='lat' dir='ltr'>acl</span> <span class='ocrx_word' id='word_1_319' title='bbox 1800 4285 1871 4356; x_wconf 80' lang='grc' dir='ltr'><strong><em>τοὺς</em></strong></span> 
     </span>
     <span class='ocr_line' id='line_1_34' title="bbox 688 4388 1872 4470; baseline 0.001 -16"><span class='ocrx_word' id='word_1_320' title='bbox 688 4390 855 4465; x_wconf 84' lang='grc' dir='ltr'><strong><em>πολεμίους</em></strong></span> <span class='ocrx_word' id='word_1_321' title='bbox 879 4396 978 4459; x_wconf 74' lang='grc' dir='ltr'><strong><em>κακῶς</em></strong></span> <span class='ocrx_word' id='word_1_322' title='bbox 1003 4391 1127 4454; x_wconf 84' lang='grc' dir='ltr'><strong><em>ἐποίουν.</em></strong></span> <span class='ocrx_word' id='word_1_323' title='bbox 1152 4390 1215 4455; x_wconf 90' lang='lat' dir='ltr'>Pro</span> <span class='ocrx_word' id='word_1_324' title='bbox 1238 4392 1336 4457; x_wconf 84' lang='lat' dir='ltr'>verbo</span> <span class='ocrx_word' id='word_1_325' title='bbox 1360 4392 1412 4457; x_wconf 88' lang='lat' dir='ltr'>hio</span> <span class='ocrx_word' id='word_1_326' title='bbox 1434 4390 1529 4455; x_wconf 91' lang='lat' dir='ltr'>nihili</span> <span class='ocrx_word' id='word_1_327' title='bbox 1553 4388 1724 4470; x_wconf 79' lang='grc' dir='ltr'><strong><em>ἦλτιζθμην</em></strong></span> <span class='ocrx_word' id='word_1_328' title='bbox 1754 4389 1779 4458; x_wconf 91' lang='lat' dir='ltr'>O</span> <span class='ocrx_word' id='word_1_329' title='bbox 1806 4398 1872 4457; x_wconf 90' lang='lat' dir='ltr'>ten-</span> 
     </span>
     <span class='ocr_line' id='line_1_35' title="bbox 690 4494 1869 4579; baseline 0 -17"><span class='ocrx_word' id='word_1_330' title='bbox 690 4500 774 4562; x_wconf 81' lang='lat' dir='ltr'>tavit</span> <span class='ocrx_word' id='word_1_331' title='bbox 800 4494 978 4577; x_wconf 83' lang='grc' dir='ltr'><strong><em>θπλιζθμηυ,</em></strong></span> <span class='ocrx_word' id='word_1_332' title='bbox 1006 4495 1186 4572; x_wconf 85' lang='lat' dir='ltr'>infeliciter,</span> <span class='ocrx_word' id='word_1_333' title='bbox 1216 4518 1330 4562; x_wconf 84' lang='lat' dir='ltr'>verum</span> <span class='ocrx_word' id='word_1_334' title='bbox 1361 4504 1410 4563; x_wconf 86' lang='lat' dir='ltr'>est</span> <span class='ocrx_word' id='word_1_335' title='bbox 1440 4495 1640 4578; x_wconf 83' lang='grc' dir='ltr'><strong><em>έληζθμην</em></strong></span> <span class='ocrx_word' id='word_1_336' title='bbox 1670 4496 1869 4579; x_wconf 82' lang='grc' dir='ltr'><strong><em>(έληιζθμην),</em></strong></span> 
     </span>
     <span class='ocr_line' id='line_1_36' title="bbox 688 4601 1869 4690; baseline 0.001 -21"><span class='ocrx_word' id='word_1_337' title='bbox 688 4603 773 4690; x_wconf 85' lang='lat' dir='ltr'>quod</span> <span class='ocrx_word' id='word_1_338' title='bbox 792 4611 863 4688; x_wconf 87' lang='lat' dir='ltr'>poet</span> <span class='ocrx_word' id='word_1_339' title='bbox 885 4601 1036 4669; x_wconf 92' lang='lat' dir='ltr'>Oontium</span> <span class='ocrx_word' id='word_1_340' title='bbox 1061 4606 1201 4688; x_wconf 91' lang='lat' dir='ltr'>repperit</span> <span class='ocrx_word' id='word_1_341' title='bbox 1223 4601 1350 4690; x_wconf 77' lang='lat' dir='ltr'>Taylor,</span> <span class='ocrx_word' id='word_1_342' title='bbox 1374 4609 1405 4669; x_wconf 95' lang='lat' dir='ltr'>et</span> <span class='ocrx_word' id='word_1_343' title='bbox 1428 4605 1564 4670; x_wconf 90' lang='lat' dir='ltr'>scribam</span> <span class='ocrx_word' id='word_1_344' title='bbox 1588 4603 1744 4683; x_wconf 91' lang='lat' dir='ltr'>Palatini,</span> <span class='ocrx_word' id='word_1_345' title='bbox 1769 4604 1869 4670; x_wconf 86' lang='lat' dir='ltr'>lidum</span> 
     </span>
     <span class='ocr_line' id='line_1_37' title="bbox 683 4709 1869 4796; baseline 0.002 -21"><span class='ocrx_word' id='word_1_346' title='bbox 683 4712 867 4794; x_wconf 90' lang='lat' dir='ltr'>ceteroquin</span> <span class='ocrx_word' id='word_1_347' title='bbox 898 4710 1079 4786; x_wconf 91' lang='lat' dir='ltr'>hominem,</span> <span class='ocrx_word' id='word_1_348' title='bbox 1103 4732 1187 4773; x_wconf 87' lang='lat' dir='ltr'>nuno</span> <span class='ocrx_word' id='word_1_349' title='bbox 1212 4711 1360 4775; x_wconf 86' lang='lat' dir='ltr'>videmus</span> <span class='ocrx_word' id='word_1_350' title='bbox 1384 4709 1467 4776; x_wconf 90' lang='lat' dir='ltr'>male</span> <span class='ocrx_word' id='word_1_351' title='bbox 1491 4711 1671 4776; x_wconf 84' lang='lat' dir='ltr'>intellectae</span> <span class='ocrx_word' id='word_1_352' title='bbox 1695 4713 1869 4796; x_wconf 89' lang='lat' dir='ltr'>scripturae</span> 
     </span>
     <span class='ocr_line' id='line_1_38' title="bbox 683 4816 1869 4902; baseline -0.001 -20"><span class='ocrx_word' id='word_1_353' title='bbox 683 4823 891 4882; x_wconf 90' lang='lat' dir='ltr'>correctorem</span> <span class='ocrx_word' id='word_1_354' title='bbox 922 4836 1033 4902; x_wconf 87' lang='lat' dir='ltr'>agere,</span> <span class='ocrx_word' id='word_1_355' title='bbox 1064 4818 1124 4880; x_wconf 91' lang='lat' dir='ltr'>etsi</span> <span class='ocrx_word' id='word_1_356' title='bbox 1157 4818 1252 4881; x_wconf 86' lang='lat' dir='ltr'>huius</span> <span class='ocrx_word' id='word_1_357' title='bbox 1284 4819 1328 4881; x_wconf 92' lang='lat' dir='ltr'>rei</span> <span class='ocrx_word' id='word_1_358' title='bbox 1353 4816 1447 4902; x_wconf 85' lang='lat' dir='ltr'>culpa</span> <span class='ocrx_word' id='word_1_359' title='bbox 1470 4817 1603 4881; x_wconf 89' lang='lat' dir='ltr'>fortasse</span> <span class='ocrx_word' id='word_1_360' title='bbox 1625 4819 1691 4881; x_wconf 81' lang='lat' dir='ltr'>lam</span> <span class='ocrx_word' id='word_1_361' title='bbox 1715 4820 1784 4882; x_wconf 89' lang='lat' dir='ltr'>eius</span> <span class='ocrx_word' id='word_1_362' title='bbox 1806 4817 1869 4881; x_wconf 81' lang='lat' dir='ltr'>fult</span> 
     </span>
     <span class='ocr_line' id='line_1_39' title="bbox 688 4921 1866 5011; baseline 0.002 -22"><span class='ocrx_word' id='word_1_363' title='bbox 688 4927 743 5011; x_wconf 92' lang='lat' dir='ltr'>qui</span> <span class='ocrx_word' id='word_1_364' title='bbox 774 4921 912 4988; x_wconf 88' lang='lat' dir='ltr'>Palatini</span> <span class='ocrx_word' id='word_1_365' title='bbox 945 4922 1127 5009; x_wconf 84' lang='lat' dir='ltr'>exemplum</span> <span class='ocrx_word' id='word_1_366' title='bbox 1159 4925 1313 4989; x_wconf 84' lang='lat' dir='ltr'>exaravit.</span> <span class='ocrx_word' id='word_1_367' title='bbox 1345 4922 1398 4989; x_wconf 92' lang='lat' dir='ltr'>Or.</span> <span class='ocrx_word' id='word_1_368' title='bbox 1429 4923 1536 4988; x_wconf 87' lang='lat' dir='ltr'>XXVI</span> <span class='ocrx_word' id='word_1_369' title='bbox 1559 4925 1577 5010; x_wconf 56' lang='grc' dir='ltr'>ᾖ</span> <span class='ocrx_word' id='word_1_370' title='bbox 1599 4922 1657 4992; x_wconf 87' lang='grc'>19;</span> <span class='ocrx_word' id='word_1_371' title='bbox 1689 4926 1776 4991; x_wconf 84' lang='grc' dir='ltr'><strong><em>άλλά</em></strong></span> <span class='ocrx_word' id='word_1_372' title='bbox 1799 4925 1866 4991; x_wconf 86' lang='grc' dir='ltr'><strong><em>κοιί</em></strong></span> 
     </span>
    </p>
   </div>
   <div class='ocr_carea' id='block_1_3' title="bbox 0 0 2568 6150">
    <p class='ocr_par' dir='ltr' id='par_1_3' title="bbox 0 0 2568 6150">
     <span class='ocr_line' id='line_1_40' title="bbox 0 0 2568 6150; baseline 0 2"><span class='ocrx_word' id='word_1_373' title='bbox 0 0 2568 6150; x_wconf 95' lang='lat' dir='ltr'> </span> 
     </span>
    </p>
   </div>
  </div>
 </body>
</html>
