5125 6150
817 789 860 854 50
1165 811 1205 857 nn
1230 811 1436 857 suaauuosrs
1458 810 1645 857 mnasonis.

815 979 904 1037 vetat
925 977 1167 1058 pronuntiatum
1191 995 1258 1039 esse
1282 972 1467 1049 Τηλέδῖιμος
1489 995 1507 1039 a
1530 973 1635 1038 radice
1659 973 1724 1048 δσμ
1743 1003 1782 1029 =
1802 975 1939 1049 domare,
1963 978 1999 1036 ut

815 1075 1003 1155 Ἱππόδαμος
1033 1078 1164 1146 n335?
1197 1082 1246 1145 An
1277 1082 1357 1146 sorte
1387 1080 1611 1158 Τηλέμαχος
1635 1082 1767 1145 formari
1788 1085 1911 1164 potest,
1938 1085 1999 1152 Tn-

814 1185 976 1260 λέδᾶμσς
1011 1208 1073 1251 non
1109 1184 1233 1272 potest?
1274 1186 1440 1274 Significat
1475 1193 1667 1271 utrumque:
1704 1188 1752 1263 „is
1786 1188 1840 1271 qui
1871 1187 1997 1250 eminus

813 1291 977 1356 dimicat.''
1016 1292 1146 1357 Accedit
1185 1292 1268 1379 quod
1308 1314 1422 1357 nomen
1458 1291 1647 1358 Teledamus
1680 1300 1784 1356 exstat
1818 1292 1913 1356 Paus.
1949 1289 1996 1367 11,

817 1398 868 1475 16,
883 1398 913 1474 6,
944 1399 1000 1462 ubi
1031 1401 1075 1463 sic
1102 1405 1234 1464 vocatur
1256 1397 1450 1466 Cassandrae
1475 1399 1577 1477 filius,
1602 1403 1695 1463 heros
1718 1419 1757 1463 ex
1780 1401 1868 1483 epico
1889 1396 1997 1482 aliquo

813 1509 961 1570 carmine.
993 1505 1095 1585 Quare
1125 1506 1171 1570 nil
1202 1516 1377 1572 mutemus.
1406 1506 1546 1572 Gravius
1569 1512 1618 1572 est
1641 1506 1725 1592 quod
1748 1504 1929 1591 Telegonus
1953 1503 2000 1567 vel

813 1610 1003 1677 Teledamus
1038 1612 1089 1676 hic
1125 1620 1255 1677 vocatur
1289 1635 1349 1679 non
1384 1615 1481 1677 Circes
1514 1613 1568 1678 sed
1598 1610 1756 1700 Calypsus
1786 1610 1880 1676 tilius.
1915 1608 1999 1677 Cum

812 1738 888 1782 vero
911 1740 928 1782 e
951 1717 1057 1782 Procli
1079 1719 1327 1784 chrestomathia
1350 1725 1499 1805 appareat
1523 1718 1722 1805 Telegonum
1745 1740 1762 1783 e
1785 1718 1867 1782 Circe
1889 1723 1998 1782 ortum

812 1845 896 1899 esse,
931 1821 1089 1910 Calypsus
1124 1830 1233 1890 antem
1268 1824 1372 1889 filium
1407 1827 1466 1889 duo
1501 1828 1630 1890 nomina
1666 1828 1699 1888 in
1734 1826 1823 1909 epico
1857 1825 1999 1888 carmine

778 2002 781 2009 ,
812 1932 960 1996 habuisse
992 1953 1055 1996 non
1085 1934 1127 1995 sit
1159 1932 1352 2007 uerisimile,
1384 1932 1519 1997 libenter
1541 1932 1633 1997 credo
1657 1930 1904 1996 Wilamowitaio
1929 1950 2000 1995 oon-

812 2037 971 2114 tendenti,
1003 2059 1118 2102 nomen
1147 2037 1300 2123 Telegoni
1323 2037 1492 2103 Teledamo
1516 2060 1583 2103 esse
1607 2040 1858 2122 superscriptum
1881 2036 1922 2100 ab
1946 2035 1999 2100 bo

813 2147 898 2209 mine
921 2148 974 2209 cui
997 2147 1162 2229 proprium
1185 2166 1299 2209 nomen
1323 2144 1512 2210 Teledamus
1534 2148 1684 2230 ignotum
1706 2148 1798 2208 esset.

857 2250 968 2315 Restat
991 2257 1029 2315 ut
1052 2251 1090 2316 de
1113 2250 1219 2316 Ulixis
1244 2259 1347 2316 morte
1371 2251 1524 2317 nonnulla
1548 2253 1770 2316 observemus:

857 2355 960 2421 Verba
979 2356 1113 2421 Homeri
1137 2364 1229 2434 sunt,
1255 2373 1274 2421 t
1291 2357 1354 2422 134
1367 2378 1450 2443 sqq.:

1253 2463 1384 2535 θάνατος
1408 2462 1439 2527 δέ
1462 2486 1507 2527 σοι
1533 2461 1567 2537 ἐξ
1590 2462 1664 2532 ἁλὸς
1682 2463 1705 2541 ¹)
1730 2460 1814 2538 αὐτῷ

945 2569 1108 2650 ἀβληχρὸς
1120 2570 1146 2649 ²)
1169 2569 1262 2644 μάλα
1286 2578 1362 2641 rofre
1387 2569 1565 2645 ἐλεύσεται,
1590 2565 1620 2641 ὅς
1645 2566 1680 2632 κέ
1703 2591 1737 2631 σε
1761 2565 1865 2646 πέφνῃ

944 2678 1036 2751 γήραΐ
1060 2672 1117 2739 ὕπο
1141 2678 1260 2755 λιπαρῷ
1285 2675 1448 2755 ἀρημένον·
1474 2675 1560 2754 ἀμφὶ
1586 2675 1616 2739 δὲ
1640 2672 1710 2737 λαοὶ

944 2781 1042 2857 ὄλβιοι
1066 2780 1217 2845 ἔσσονται.

809 2885 843 2951 Si
872 2885 1059 2973 Telegonia,
1092 2891 1118 2951 si
1150 2910 1259 2953 omnes
1291 2888 1415 2954 fabulae
1444 2888 1481 2953 de
1507 2887 1608 2951 Ulixis
1630 2888 1764 2950 interitu
1787 2883 1880 2969 plane
1902 2885 1994 2950 nobis

808 3001 912 3057 essent
934 2997 1079 3080 ignotae,
1105 2994 1197 3079 quale
1220 2998 1334 3060 mortis
1356 3016 1458 3082 genus
1480 2989 1739 3079 expectaremus?
1771 2990 1871 3069 Quem
1896 2990 1993 3056 finem

808 3100 986 3165 Homerum
1010 3102 1097 3165 heroi
1120 3122 1177 3166 suo
1203 3108 1272 3187 post
1298 3109 1345 3167 tot
1369 3101 1491 3165 labores
1515 3107 1548 3164 et
1570 3120 1690 3164 errores
1714 3099 1886 3162 destinasse
1910 3100 1995 3163 inter

808 3228 933 3283 omnes,
966 3210 1028 3270 nisi
1058 3210 1113 3292 qui
1143 3230 1237 3272 sensu
1269 3211 1390 3292 poetico
1414 3229 1542 3293 prorsus
1565 3212 1669 3271 essent
1692 3205 1857 3281 destituti,
1882 3225 1993 3269 conve

807 3310 909 3376 niretl
932 3312 1029 3377 Nulla
1052 3334 1141 3378 mora
1165 3317 1383 3399 uuusquisque
1407 3313 1614 3379 exclamaret:
1643 3318 1798 3388 „mortem
1821 3309 1990 3395 placidam,

806 3418 925 3482 lenem:
950 3440 1025 3482 cum
1047 3422 1079 3482 in
1102 3439 1139 3483 ea
1162 3419 1227 3483 sola
1246 3419 1373 3484 lectoris
1393 3423 1519 3483 animus
1540 3420 1734 3503 acquiescere
1752 3415 1885 3501 possit.’'
1907 3414 1991 3495 Quid

806 3527 833 3587 si
864 3524 1023 3588 Homerus
1053 3524 1104 3588 τὸν
1136 3528 1338 3602 ruadanus,
1372 3529 1426 3611 qui
1458 3531 1505 3590 tot
1529 3523 1669 3609 pericula
1692 3529 1724 3587 et
1748 3543 1916 3587 aerumnas
1938 3542 1990 3585 ex·

805 3629 955 3695 antlasset
978 3638 1015 3695 ut
1037 3634 1120 3694 inter
1143 3653 1216 3696 suos
1240 3636 1367 3716 quietus
1392 3632 1548 3716 reliquam
1568 3634 1670 3695 vitam
1692 3629 1839 3715 degeret,
1860 3628 1988 3712 abipso

804 3736 871 3801 filio
901 3738 1053 3801 trucidari
1083 3737 1267 3802 cecinisset?
1299 3738 1408 3803 'Paedii
1433 3738 1519 3823 pleni
1543 3737 1582 3802 ad
1605 3758 1705 3801 unum
1729 3756 1837 3800 omnes
1860 3755 1987 3799 carmen

804 3865 821 3908 e
853 3864 950 3908 manu
979 3847 1180 3922 eiicersmus;
1214 3866 1288 3909 nam
1318 3845 1392 3910 licet
1421 3851 1453 3909 et
1482 3848 1550 3908 vita
1573 3844 1746 3908 cottidiana
1769 3847 1801 3906 et
1823 3841 1987 3906 theatrum

803 3950 991 4015 hodiernum
1015 3973 1070 4016 nos
1094 3951 1241 4026 doceant,
1265 3953 1448 4037 improbum
1472 3973 1534 4016 non
1557 3971 1682 4035 semper
1701 3950 1827 4034 puniri,
1851 3947 1986 4032 probum

802 4077 894 4140 saepe
917 4059 1044 4160 merite,
1052 4059 1191 4141 praemio
1212 4060 1350 4141 privari,
1370 4079 1494 4122 carmen
1513 4060 1657 4141 epicum,
1680 4076 1742 4140 quo
1762 4054 1985 4119 describuntur

801 4185 850 4227 res
881 4183 943 4227 nou
973 4165 1019 4226 ita
1048 4171 1085 4226 ut
1115 4171 1183 4225 eurrt
1213 4163 1267 4227 sed
1299 4163 1455 4247 quomodo
1487 4170 1597 4249 poetae
1627 4163 1817 4247 imaginatio
1845 4180 1900 4224 eas
1923 4160 1983 4225 sibi

800 4270 957 4350 proponit,
988 4272 1091 4355 exigit
1122 4278 1158 4333 ut
1189 4274 1326 4356 ignavus
1358 4277 1533 4356 spernatur,
1566 4271 1657 4334 sortis
1681 4267 1865 4343 celebretur,
1890 4268 1982 4331 heros

800 4377 832 4438 in
856 4379 1027 4440 certamine
1051 4376 1141 4440 cadat
1163 4375 1215 4439 vel
1238 4379 1339 4441 victor
1362 4379 1477 4442 merita
1500 4378 1606 4461 quiete
1630 4376 1763 4451 fruatur,
1788 4378 1826 4437 ut
1843 4375 1983 4438 iuniores

800 4481 963 4544 narrandis
992 4503 1027 4545 ae
1050 4482 1255 4568 depingendis
1279 4484 1372 4547 rebus
1397 4505 1415 4547 a
1439 4505 1472 4547 se
1495 4485 1597 4569 gestis
1621 4482 1660 4546 ad
1684 4481 1766 4545 facta
1790 4500 1852 4544 non
1875 4481 1982 4543 minus

835 4702 858 4752 lt
876 4698 965 4763 ’ἔξαλος
984 4715 1029 4747 uua
1046 4716 1101 4747 voce
1120 4701 1278 4748 Herodianus.

833 4782 859 4836 2)
878 4780 1007 4845 ἀβληχρὸς
1029 4780 1067 4829 cll.
1089 4788 1111 4828 Θ
1123 4782 1169 4831 178
1192 4783 1308 4843 significet
1329 4782 1440 4839 debilia,
1459 4781 1545 4830 lenis'':
1570 4782 1604 4830 ric
1621 4781 1668 4830 iam
1687 4781 1826 4830 eustatmus
1844 4781 1873 4830 ad
1894 4781 1982 4830 ales:

798 4860 927 4922 ἀβληχρὸς
941 4860 968 4909 δὲ
983 4862 1085 4919 θάνατος
1099 4863 1112 4909 ὁ
1126 4862 1228 4920 ἀσθενὴς
1244 4862 1286 4910 nal
1301 4863 1413 4922 ἡρεμσῖσς
1429 4862 1469 4912 διὰ
1484 4866 1513 4912 τὸ
1528 4863 1614 4911 drosos
1629 4863 1713 4921 ὁποῖος
1727 4863 1740 4910 d
1755 4860 1854 4927 ἰνγιὶρᾳ
1863 4862 1984 4923 μάλιστα

799 4949 899 5004 λιπαρῷ.
918 4944 958 4992 Est
974 4960 1038 4991 ruore
1053 4960 1100 5007 qna
1116 4960 1185 4993 senex
1204 4946 1267 4992 volut
1285 4946 1444 5007 exstinguitur
1461 4947 1524 4993 oruui
1543 4945 1624 4994 dolore
1642 4952 1665 4993 et
1683 4945 1768 5008 agonia
1787 4959 1882 4994 seeum.
