5125 6150
1104 855 1269 906 nuomnus.
1717 839 1782 904 263

589 1028 692 1091 τοίνυν
716 1027 730 1090 δ
756 1025 903 1105 Θερσίτης
927 1025 941 1088 δ
961 1028 1093 1095 τοιοῦτος
1119 1024 1183 1088 κτὲ.
1209 1021 1386 1106 Utrobique
1405 1024 1571 1106 proprium
1590 1044 1705 1088 nomen
1724 1023 1787 1087 fur*

588 1131 683 1197 cellis
706 1129 968 1216 expungendum.

638 1362 716 1446 §4:
749 1361 802 1426 οὐκ
833 1361 985 1443 ᾐσχύνετο
1016 1362 1111 1442 γέρων
1135 1361 1285 1441 άιίροιποι
1309 1367 1500 1440 παρακαλῶν
1523 1359 1685 1441 παρθένους
1707 1383 1788 1424 συν·

591 1465 800 1544 εσομένας
839 1467 882 1531 τά
921 1465 1135 1546 παιδεραςικά.
1172 1465 1319 1533 Correxit
1353 1466 1537 1532 Dindorfius
1573 1464 1786 1543 συνεισομένας

590 1576 703 1656 itaque
728 1571 828 1636 edidit
850 1571 1053 1650 Iacobitzius;
1083 1573 1231 1657 equidem
1255 1570 1402 1657 supplere
1425 1571 1555 1636 malim:
1584 1569 1786 1648 σοιεσομένας

591 1679 690 1759 (ἐπὶ)
712 1678 755 1742 τά
779 1677 995 1756 παιδεραςικά.

639 1893 709 1979 §2
744 1892 842 1958 Plura
871 1894 1074 1959 describenda
1104 1899 1198 1959 erunt
1229 1899 1267 1958 ut
1297 1894 1482 1960 confirmem
1513 1894 1547 1958 id
1570 1894 1654 1979 quod
1677 1892 1788 1959 velim.

592 2001 708 2066 Sermo
740 1999 777 2063 fit
807 2000 845 2065 de
869 1999 1099 2065 meretriculis:
1125 2003 1272 2077 ἡγοῦνται
1299 2002 1362 2079 γάρ
1387 2000 1438 2065 καί
1463 2000 1518 2073 τὴν
1541 1999 1651 2074 ὠλένην
1676 2003 1788 2072 αὐταῖς

590 2107 797 2185 τιλπνοτὲραν
824 2106 991 2186 φαίνεσθαι
1015 2105 1325 2181 συναπολάμπουσαν
1348 2109 1390 2186 τῷ
1417 2107 1521 2186 χρυσῷ
1547 2105 1598 2170 καί
1622 2109 1675 2170 τοῦ
1699 2104 1788 2176 ποδδι

592 2211 628 2276 τὸ
660 2213 705 2287 uis
738 2211 968 2292 εὐπερίγραφον
992 2212 1096 2285 λήσειν
1122 2213 1179 2276 tat
1202 2213 1306 2293 χρυσῷ
1331 2210 1473 2290 σανδάλῳ
1498 2210 1549 2275 καί
1575 2212 1609 2277 τδ
1634 2210 1790 2290 πράσιοπον

594 2315 671 2382 αιἰτὸ
696 2317 915 2395 ἐρασμιώτερον
940 2318 1123 2393 γενήσεσθαι
1147 2319 1189 2398 τῷ
1215 2316 1411 2397 Φαεινοτάτῳ
1436 2314 1643 2394 συνορώμενον.
1676 2316 1791 2396 Quem·

595 2422 772 2488 admodum
803 2423 912 2487 futura
942 2430 1017 2488 sunt
1047 2424 1150 2496 aiom
1182 2429 1214 2489 et
1244 2425 1446 2501 γενήσεσθαι,
1475 2425 1594 2508 pariter
1616 2425 1791 2506 requiritur

594 2529 836 2608 φανεῖσθαι.

640 2744 735 2830 §lu
767 2743 1006 2829 supplendum:
1039 2744 1132 2823 κάμοί
1166 2745 1356 2826 ἐπιτρέψατε
1384 2745 1560 2825 χρήσασθαι
1584 2745 1626 2824 τῷ
1655 2746 1790 2826 (αὐτῷ)

596 2850 848 2931 παραδείγματι.

641 3068 742 3153 §232
776 3069 923 3133 ἐκεῖνοι
958 3069 1020 3149 γάρ
1050 3069 1157 3146 δμοίαν
1189 3067 1376 3150 ε’γραψάτηι
1407 3066 1518 3133 είκάια.
1551 3067 1621 3133 Iam
1653 3067 1788 3134 Solaque

595 3176 682 3240 vidit
706 3172 865 3259 postulari
889 3176 1037 3239 ἐκείνω.

645 3392 746 3477 §32:
779 3400 841 3461 τοῖς
872 3390 949 3456 οὕτω
982 3392 1136 3464 δυσκόλοις
1166 3394 1272 3458 ἑαυτὸν
1298 3394 1393 3459 έκὼν
1416 3392 1514 3473 ottae
1539 3390 1689 3469 ἐπέβαλε.
1714 3392 1792 3459 Dele

596 3498 694 3562 έκάν
717 3504 751 3562 et
774 3496 849 3562 vide
873 3497 911 3561 de
936 3500 1105 3583 participio
1129 3500 1228 3579 φέρων
1252 3498 1379 3563 Hemst.
1404 3498 1443 3563 ad
1467 3496 1551 3563 Dial.
1572 3497 1669 3563 Mort.
1685 3497 1737 3562 VI.
1759 3498 1790 3563 3.

1118 3695 1279 3760 Macrobii.

648 3860 721 3945 §32
755 3860 879 3926 πιίακδκ
910 3860 936 3925 δ’
960 3858 998 3924 άν
1030 3860 1075 3934 sin
1104 3857 1198 3941 άνδρα
1224 3861 1300 3932 θεοῖς
1323 3860 1522 3937 άνακείμενον
1547 3859 1598 3924 καί
1625 3861 1795 3939 καάαριο-

595 3966 696 4047 τέρρι
721 3964 823 4045 διαίτρ
841 3965 995 4043 χρώμενον
1015 3965 1081 4031 τὸν
1103 3967 1324 4044 Τειρεσίαν
1343 3965 1393 4030 int
1414 3965 1542 4041 μίκιςον
1560 3963 1680 4040 βιῶναι.
1701 3964 1795 4029 Prae·

597 4072 700 4137 stabit
720 4070 990 4151 anteperire
1009 4077 1042 4135 et
1061 4071 1311 4156 expungendum
1331 4072 1497 4155 proprium
1516 4069 1656 4135 Tiresiae
1668 4091 1794 4147 nomen,

597 4177 641 4241 de
677 4197 739 4260 quo
770 4179 803 4240 in
834 4175 1098 4260 praecedentibus
1132 4197 1236 4241 sermo
1272 4176 1345 4240 fuit.
1383 4174 1445 4240 Sed
1476 4174 1673 4239 Fritzeohius
1704 4174 1795 4240 efdus

598 4282 732 4361 Quaest.
756 4280 834 4345 Luo.
859 4302 890 4366 p.
915 4280 947 4345 4.

651 4498 721 4583 §i
755 4497 904 4584 Appellat
935 4500 1069 4583 scriptor
1100 4500 1247 4582 quisquis
1276 4499 1341 4562 fuit
1365 4496 1576 4573 εὐσεβεςάτυν
1607 4492 1795 4571 μεγάλου

601 4603 761 4669 θειοτάτου
786 4602 1005 4684 αὐτοκράτορος
1029 4602 1140 4683 τάχυν’.
1170 4602 1290 4667 Parum
1313 4602 1416 4667 nitida
1438 4602 1515 4667 haee
1539 4603 1726 4685 compositio
1749 4606 1799 4666 est

604 4715 638 4774 et
669 4707 831 4775 Gesnerus
855 4711 922 4774 iam
943 4709 996 4773 hio
1019 4709 1132 4773 haesit.
1156 4707 1286 4773 Leniter
1308 4707 1483 4793 refingam:
1508 4706 1705 4784 ἡμετέρου
1729 4707 1799 4770 ίειο-

602 4814 701 4878 πάτου
721 4811 956 4893 αὐτοκράτορος.
977 4812 1040 4878 Sed
1059 4812 1135 4878 vide
1153 4811 1367 4877 Fritzschium
1385 4812 1497 4897 Progr.
1515 4809 1797 4895 Oct.1853p.12.
