5125 6150
811 788 877 855 396
1272 806 1315 852 nn
1337 804 1527 853 mnoroooir

808 971 972 1048 tribuitur,
996 973 1023 1035 si
1046 970 1171 1056 quando
1193 990 1212 1035 a
1235 969 1387 1035 Melitaea
1409 991 1443 1034 se
1464 971 1691 1056 segregaverit.
1715 969 1856 1034 Iustinus
1878 974 1989 1033 autem

806 1076 949 1162 loquitur
978 1076 1017 1142 de
1042 1075 1250 1153 ,Aetolorum
1273 1079 1494 1141 universarum
1518 1076 1649 1140 urbium
1673 1074 1806 1140 senatu''
1821 1073 1857 1154 ¹),
1880 1081 1914 1139 et
1939 1073 1991 1137 lr-

807 1187 880 1248 vius
911 1183 1063 1248 traditio
1087 1181 1273 1248 Aetolorum
1297 1189 1411 1247 senatu
1435 1185 1626 1269 quingentos
1649 1184 1880 1269 quinquaginta
1902 1183 1989 1265 prin·

806 1293 892 1376 cipes
920 1292 1037 1355 occisos
1067 1288 1184 1369 essc⁵).
1214 1288 1382 1355 Senatores
1411 1289 1600 1355 creabantur
1621 1292 1655 1353 iu
1677 1288 1815 1376 singulis
1837 1287 1988 1364 urbibus,

807 1417 981 1481 eorumque
1003 1417 1155 1461 numerus
1178 1396 1432 1461 constituebatur
1454 1417 1512 1481 pro
1534 1396 1623 1460 urbis
1646 1394 1878 1482 magnitudine.

853 1502 890 1567 ln
908 1508 1032 1567 certum
1051 1509 1160 1568 autem
1181 1510 1308 1588 tempus
1326 1523 1388 1566 nou
1407 1505 1441 1566 in
1460 1504 1563 1567 vitam
1583 1501 1817 1588 deligebantur;
1837 1503 1882 1565 sic
1899 1502 1992 1564 enim

805 1616 854 1675 est
882 1607 1112 1695 intelligendus
1141 1607 1229 1673 locus
1260 1611 1479 1693 inscriptionis
1508 1628 1604 1693 supra
1633 1606 1797 1686 laudatae,
1826 1608 1882 1672 ubi
1904 1609 1992 1672 inter

807 1723 903 1782 tostos
925 1718 1081 1802 pactionis
1103 1722 1309 1781 enumeratur
1330 1715 1366 1778 τὸ
1388 1714 1532 1793 συνέδριον
1553 1712 1640 1778 ὅταν
1657 1716 1692 1779 τὸ
1712 1715 1762 1778 ἐπὶ
1782 1713 1991 1792 γρομμυτέος

806 1825 920 1890 Λύκου.
943 1821 1049 1888 Simul
1071 1843 1145 1887 cnm
1167 1822 1268 1887 scribe
1287 1820 1437 1887 videntur
1454 1843 1489 1886 se
1507 1821 1665 1907 (lignitate
1684 1820 1851 1886 abdicasse.
1878 1818 1991 1884 Etiam

805 1929 868 1996 alia
898 1927 1102 2016 inscriptio')
1131 1929 1194 1993 huc
1217 1931 1374 2014 pertinet,
1398 1931 1431 1992 in
1456 1948 1519 2013 qua
1542 1932 1834 1993 commemorantur
1855 1929 1870 1988 t
1893 1949 1994 2003 στρο-

806 2037 902 2114 rapis
932 2036 984 2101 rai
1015 2037 1040 2100 ol
1071 2035 1200 2113 σύνεδροι
1231 2037 1279 2098 ἀεὶ
1303 2035 1329 2099 ol
1353 2034 1474 2113 ἔνορχοο
1487 2036 1524 2113 ⁴).
1556 2033 1684 2120 Optime
1707 2040 1816 2099 autem
1838 2033 1915 2097 haec
1940 2053 1993 2098 ros

806 2146 954 2230 congruit
976 2163 1052 2207 cum
1074 2142 1190 2207 studiis
1214 2139 1400 2207 Aetolorum
1424 2140 1658 2218 democraticis,
1682 2143 1728 2206 sic
1750 2143 1836 2204 enim
1858 2139 1992 2204 caveba-

806 2258 920 2315 turne
944 2255 1102 2314 senatores
1125 2249 1222 2312 nimis
1244 2254 1388 2332 potentes
1411 2246 1532 2312 fierent.

852 2353 1000 2422 Ceterum
1021 2354 1059 2420 de
1078 2354 1202 2419 iuribus
1220 2359 1253 2419 et
1271 2352 1382 2418 officfis
1400 2360 1528 2418 senatus
1547 2355 1673 2417 nonnisi
1693 2354 1883 2438 paucissima
1894 2351 1994 2418 hodie

806 2465 879 2528 sciri
910 2474 1053 2546 possunt.
1084 2459 1155 2525 Duo
1186 2463 1216 2525 ei
1246 2466 1412 2546 praeerant
1444 2459 1602 2544 praesides
1622 2462 1667 2539 5);
1699 2479 1717 2524 a
1748 2459 1849 2523 scriba
1871 2479 1993 2523 nomen

808 2569 943 2634 habebat
955 2568 991 2647 ⁸).
1016 2567 1149 2632 Videtur
1172 2572 1282 2631 autem
1305 2569 1400 2631 certis
1421 2565 1618 2651 temporibus
1639 2586 1706 2630 esse
1728 2569 1928 2641 convocatus,
1953 2571 1995 2629 ut

807 2677 990 2761 rogationes
1012 2675 1051 2739 ad
1074 2671 1231 2759 populum
1254 2672 1396 2738 ferendas
1419 2681 1627 2758 praepararet.
1649 2672 1750 2738 Urbes
1769 2672 1945 2738 foederatae
1963 2674 1996 2737 si

806 2787 917 2846 contra
945 2780 1033 2867 leges
1063 2788 1096 2845 et
1125 2785 1235 2845 contra
1264 2779 1376 2845 foedus
1406 2779 1445 2843 ab
1475 2781 1554 2863 ipsis
1583 2777 1705 2843 Aetolis
1728 2776 1993 2863 populationibus

806 2893 939 2952 vexatae
961 2893 1064 2964 erant,
1096 2888 1221 2951 senatui
1243 2885 1505 2951 committebatur
1528 2890 1565 2948 ut
1587 2885 1725 2949 multam
1749 2885 1891 2949 sontibus
1915 2906 1993 2950 con-

806 2995 957 3057 stitueret
969 2998 1006 3071 ⁷).

853 3099 989 3164 Senatus
1019 3100 1112 3164 rebus
1140 3102 1279 3164 externis
1302 3105 1446 3184 praeerat
1457 3098 1495 3179 ⁸),
1518 3098 1710 3178 οὶοφοὶλεοοον,
1736 3098 1890 3175 ἐτέλειον,
1915 3102 1993 3162 siro·

807 3207 878 3268 also
902 3205 1045 3285 dahat⁹),
1076 3205 1262 3291 protegebat
1286 3207 1469 3290 peregrinos
1492 3207 1526 3267 iu
1550 3208 1715 3270 civitatem
1738 3202 1913 3269 Aetolicam
1936 3204 1992 3269 ad·

808 3313 904 3376 scitos
919 3310 968 3389 ¹⁰),
995 3311 1068 3375 lites
1091 3314 1174 3376 inter
1198 3309 1326 3375 Aetolos
1349 3319 1380 3375 et
1404 3314 1587 3396 peregrinos
1610 3311 1693 3397 apud
1716 3332 1791 3376 eum
1813 3311 1993 3396 agebantur

808 3438 846 3480 ex
869 3420 1059 3483 auctoritate
1082 3417 1278 3483 Panaetolici
1293 3415 1343 3494 ¹¹).

1304 3673 1495 3685 Ἢ

815 3883 1005 3891 —..—

841 3961 866 4021 1)
887 3957 971 4006 lustin.
991 3957 1093 4006 XXXIII
1112 3958 1128 4004 2
1146 3958 1189 4017 58.
1368 3956 1394 4018 2)
1413 3957 1464 4005 hir.
1484 3956 1546 4004 xhv
1565 3956 1596 4004 28
1615 3955 1658 4016 17.

840 4041 867 4095 3)
886 4038 991 4088 Dittsub.
1012 4038 1068 4086 280.
1371 4041 1400 4102 4)
1418 4039 1454 4087 Cf.
1472 4036 1577 4085 Dittenb.
1596 4037 1684 4095 2416,
1701 4038 1757 4087 280.
1769 4038 1807 4095 14,
1825 4037 1931 4096 30142,
1950 4038 1991 4089 74.

843 4125 867 4180 t)
886 4120 1116 4170 nicostratae.
1139 4120 1219 4168 Miror
1242 4122 1359 4184 quomodo
1376 4121 1429 4169 ud.
1451 4119 1537 4168 Duhois
1555 4136 1577 4183 p.
1597 4121 1644 4168 189
1661 4134 1688 4167 ex
1707 4119 1757 4184 ipsa
1774 4120 1818 4167 hae
1833 4120 1991 4185 inscriptione

807 4206 897 4251 efficere
915 4203 1022 4268 potnerit
1037 4202 1156 4268 apocletos
1173 4204 1264 4251 sensim
1284 4204 1414 4267 praefectos
1431 4203 1517 4260 luisse,
1533 4218 1586 4250 cum
1604 4203 1673 4265 plane
1690 4205 1714 4250 et
1731 4211 1811 4266 aperte
1828 4202 1894 4250 iuxta
1911 4203 1992 4267 ipsum

805 4290 914 4334 senatum
939 4289 1010 4333 testes
1034 4288 1248 4334 commemorentur
1273 4284 1320 4333 (luo
1347 4284 1459 4349 praelecti
1484 4288 1585 4339 senatus,
1611 4290 1663 4332 tum
1689 4282 1765 4331 scriba
1789 4289 1813 4331 et
1836 4284 1992 4349 hipparchus,

807 4372 927 4433 postremo
944 4377 1023 4417 sutem
1041 4367 1092 4415 loeo
1109 4371 1158 4415 tres
1174 4366 1263 4431 privati
1281 4366 1396 4415 homines.

842 4452 866 4509 6)
885 4449 945 4499 ibid.

838 4531 866 4592 1)
884 4530 989 4580 Dittenb.
1008 4529 1069 4580 247:
1090 4529 1112 4578 εἶ
1129 4527 1156 4578 δέ
1174 4530 1213 4586 τίς
1228 4547 1260 4578 κο
1278 4528 1336 4592 ἆγεν
1352 4531 1411 4587 τοὺς
1426 4530 1509 4586 Κείους
1577 4528 1619 4577 καὶ
1635 4530 1693 4583 τοὺς
1711 4527 1839 4591 συνέδρους
1856 4528 1992 4579 arabessi·

808 4609 899 4674 ζοντας
917 4615 970 4670 τοῖς
989 4613 1067 4668 Κείοις
1083 4613 1139 4673 (τὰν
1156 4617 1213 4674 rub
1231 4611 1351 4675 ἄγδντοον
1368 4610 1477 4674 abyrotig
1495 4611 1598 4676 (spalat
1616 4612 1652 4674 ty
1665 4629 1696 4661 κον
1712 4610 1879 4676 δοκομάζυντο
1895 4614 1992 4675 κυρίους

805 4688 881 4752 εἶμεν.
898 4693 934 4742 Cf.
952 4695 1058 4745 Dittenh.
1076 4695 1130 4743 280.
1143 4695 1182 4743 14.

838 4778 864 4834 8)
884 4775 987 4824 Dittsnb.
1005 4776 1109 4828 24122.
1334 4777 1361 4836 9)
1380 4777 1491 4825 Wescher
1508 4780 1531 4825 et
1548 4777 1649 4826 I'ouesrt
1665 4777 1736 4825 inser.
1754 4778 1777 4827 d.
1797 4776 1902 4843 Delphos
1920 4778 1952 4828 ιιο
1963 4779 1988 4831 l.

840 4858 880 4917 10)
900 4856 961 4905 Bull.
980 4858 1007 4906 C.
1026 4858 1149 4908 111882.
1167 4875 1190 4924 p.
1211 4859 1268 4917 460,
1288 4858 1375 4907 liuhais
1393 4858 1427 4908 IV
1443 4876 1465 4924 p.
1484 4859 1530 4907 22]
1541 4875 1577 4923 sq.

838 4937 881 5004 11)
901 4937 1003 4989 Ditteuh.
1021 4940 1128 4991 satas.

738 5257 934 5373 A
