5125 6150
797 789 839 855 90
1288 808 1481 858 macareus.

793 975 879 1038 enim
907 975 968 1038 sibi
993 972 1075 1040 velit
1097 995 1195 1061 pensa
1217 980 1289 1060 post
1310 977 1451 1059 primum
1476 976 1679 1053 trochaeum,
1703 974 1890 1061 intellegere
1912 999 1976 1041 non

794 1099 889 1163 quso;
915 1083 1161 1166 interrumpitur
1184 1084 1268 1145 enim
1293 1101 1329 1146 ea
1352 1080 1490 1147 admissa
1513 1083 1616 1147 omnis
1634 1081 1891 1168 logaoedicornm
1910 1105 1977 1148 yer-

795 1207 891 1251 suum
914 1186 1045 1252 indoles.

837 1397 1014 1464 Nonnullos
1037 1398 1114 1465 alios
1138 1421 1248 1465 versus
1273 1421 1312 1465 ex
1332 1403 1444 1465 ceteris
1464 1399 1615 1487 Aeschyli
1635 1400 1808 1485 tragoediis
1824 1403 1975 1465 eximam.

835 1504 946 1590 Suppl.
972 1504 1025 1570 80.
1062 1506 1165 1572 Probo
1193 1505 1365 1572 Schmidtii
1396 1510 1544 1593 opinions
1575 1528 1746 1572 numerum
1778 1509 1975 1574 trochaicum

790 1614 825 1675 in
855 1611 963 1676 ordine
994 1613 1052 1676 ιιιξν
1082 1615 1179 1692 σκότῳ
1211 1616 1347 1696 μελιιόνᾳ
1370 1613 1522 1696 ξυντυχίᾳ
1546 1614 1712 1694 μερόπεσσι
1736 1622 1834 1686 tocie.
1859 1613 1976 1679 Versus

790 1724 913 1783 constat
932 1739 971 1783 ex
990 1720 1166 1805 tetrapodia
1185 1722 1345 1786 trochaica
1365 1720 1548 1786 catalectico
1567 1728 1599 1786 et
1617 1721 1754 1787 dimetro
1765 1725 1976 1807 anapaestico·

789 1823 981 1911 logaosdico.
1024 1823 1125 1892 Cuius
1162 1830 1290 1913 generis
1324 1847 1478 1893 ramnum
1513 1826 1619 1892 simile
1653 1834 1756 1893 exstat
1791 1828 1974 1915 exemplum

835 2136 946 2222 Suppl.
973 2136 1046 2202 146.
1083 2136 1263 2203 Reiicienda
1287 2144 1335 2202 est
1357 2136 1529 2202 Schmidtii
1551 2136 1684 2202 alterius
1706 2138 1854 2223 strophae
1876 2141 1975 2223 partis

790 2265 939 2310 mensura
969 2246 1183 2328 anapaestico,
1212 2264 1287 2308 cum
1311 2243 1386 2309 ordo
1405 2243 1602 2324 οὐρανόνικον·
1623 2248 1768 2325 χαλεποῦ
1788 2244 1851 2323 γὰρ
1870 2265 1976 2330 paroc

789 2355 912 2417 miacus
940 2350 1178 2436 paenultimam
1208 2348 1317 2415 locum
1349 2352 1490 2416 obtinere
1520 2372 1584 2415 non
1618 2359 1713 2436 queat
1736 2355 1768 2416 et
1791 2354 1817 2415 si
1840 2351 1976 2416 dimeter

790 2459 1007 2544 anapaesticus
1037 2457 1182 2533 habetur,
1215 2460 1345 2541 propter
1368 2455 1525 2543 syllabam
1550 2456 1745 2522 deficientem
1768 2459 1852 2522 insta
1874 2478 1977 2542 repre

789 2566 940 2630 honsione
963 2585 1025 2628 non
1047 2570 1169 2640 careat,
1193 2584 1267 2628 cum
1291 2563 1447 2629 eiusmodi
1470 2561 1594 2631 ordines
1616 2561 1674 2628 illo
1697 2562 1764 2628 loco
1784 2566 1881 2648 positi
1899 2584 1974 2627 nus·

788 2691 902 2756 quem,
927 2671 989 2734 nisi
1012 2667 1114 2746 fallor,
1138 2675 1274 2734 exstent.

836 2889 949 2977 Suppl.
975 2889 1050 2955 346.
1077 2890 1148 2956 Non
1171 2888 1284 2954 accedo
1307 2886 1477 2952 Schmidtii
1500 2888 1674 2953 sententiae
1697 2887 1840 2951 ordinem
1862 2889 1976 2953 iambi·

790 3020 864 3063 eum
888 2998 1096 3078 σσλσόχόσνσι
1119 3017 1137 3061 a
1160 2996 1353 3062 dochmiacis
1375 2994 1640 3079 subsequentibus
1663 2996 1877 3081 seiungentis,
1897 3015 1974 3059 cum

790 3104 982 3170 dochmiacis
1012 3104 1155 3170 versibus
1186 3104 1339 3167 iambicos
1368 3104 1531 3186 praemitti
1554 3103 1707 3166 coniicere
1729 3098 1823 3165 liceat
1845 3121 1885 3165 ex
1908 3121 1975 3166 sen·

789 3214 889 3278 tentia
911 3210 1043 3276 Seidlsri
1066 3210 1104 3275 de
1128 3210 1271 3275 versibus
1295 3207 1488 3273 dochmiacis
1511 3229 1542 3292 p.
1568 3205 1598 3271 9.

832 3430 945 3517 Suppl.
967 3427 1156 3495 347-349.
1180 3426 1311 3493 Arridet
1329 3427 1411 3491 mihi
1431 3426 1603 3492 Schmidtii
1620 3426 1973 3504 mensuradochmiaca,

788 3558 863 3602 cum
883 3539 1008 3601 numeri
1027 3533 1201 3621 aequalitas
1221 3536 1254 3597 in
1275 3533 1405 3618 stropha
1423 3534 1461 3598 ab
1475 3553 1510 3598 eo
1523 3535 1719 3597 restituatur.
1739 3533 1842 3597 Miror
1855 3540 1972 3610 temen,

790 3642 873 3728 qnod
895 3648 1009 3727 negat,
1034 3649 1185 3726 quartum
1209 3648 1240 3705 et
1265 3643 1414 3724 quintum
1437 3639 1585 3724 strophae
1606 3660 1735 3704 versum
1755 3638 1794 3703 ad
1814 3638 1974 3703 dochmia-

790 3769 864 3813 cum
887 3769 1058 3813 numerum
1081 3749 1262 3812 concinnari
1285 3767 1385 3830 posse.

834 3965 946 4052 Suppl.
980 3965 1055 4031 616.
1091 3965 1287 4031 Schmidtius
1317 3986 1391 4030 cum
1422 3963 1618 4028 trochaicum
1650 3963 1794 4029 ordinem
1824 3966 1883 4029 reio
1914 3976 1972 4030 Πε-

786 4073 926 4149 λασγίαν
957 4073 1046 4138 πόλιν
1077 4075 1266 4148 constituat,
1299 4070 1517 4135 dochmiacum
1543 4091 1713 4135 numerum
1737 4074 1863 4136 evertit.
1896 4073 1972 4137 Am-

785 4178 951 4267 plectenda
982 4186 1030 4244 est
1060 4179 1236 4244 Hermanni
1267 4197 1431 4255 mensura,
1461 4196 1523 4262 qna
1547 4177 1722 4242 dochmiaei
1745 4176 1869 4242 ordines
1892 4181 1973 4243 exsi-

788 4290 888 4351 stunt.

834 4486 974 4574 Ohoeph.
1007 4488 1061 4553 tl.
1094 4487 1293 4553 Schmidtius
1323 4509 1397 4552 cum
1426 4487 1513 4567 βρύει
1536 4485 1701 4569 χρσνόζιντ’
1725 4486 1813 4569 ἄχεσι
1836 4490 1971 4567 scribat,

788 4600 932 4660 extremo
964 4615 1074 4659 vorsus
1104 4593 1173 4659 loco
1203 4592 1361 4679 syllabam
1392 4595 1523 4660 brevem
1553 4596 1737 4671 constituit,
1773 4598 1840 4660 sins
1876 4596 1972 4661 dubio

788 4702 1009 4779 reiiciendam,
1046 4722 1119 4765 cum
1151 4707 1253 4765 metro
1286 4699 1465 4786 postuletur
1495 4701 1705 4766 choriambus.
1737 4699 1846 4766 Scribo
1869 4704 1973 4789 igitur

789 4830 864 4874 cum
887 4807 1072 4873 Hermanno
1095 4809 1212 4887 ότυχιῑ.
1236 4806 1383 4884 Accedit,
1408 4807 1489 4892 quod
1513 4813 1551 4871 nt
1573 4810 1606 4871 in
1630 4813 1732 4872 metro
1756 4807 1970 4874 choriambico

785 4922 928 4982 extrema
951 4915 1075 5004 syllaba
1098 4914 1251 5000 producta
1273 4915 1315 4979 sit
1339 4935 1451 4980 versus
1474 4912 1594 4979 indoles
1618 4913 1768 5000 postulat.
