5125 6150
1064 816 1209 863 inmens
1233 816 1348 864 nunno.
1758 805 1798 870 61

605 979 778 1046 ἀποπλέειν
811 978 976 1057 ὁρμημένον
1006 978 1098 1043 αὐτὸν
1131 975 1219 1058 ἶσχον
1252 981 1402 1045 οἶπλοῖαι·
1435 981 1537 1056 ἐπειδὴ
1567 981 1598 1047 δέ
1629 989 1718 1050 τοῦτο
1751 986 1801 1050 ἐπὶ

605 1090 722 1152 πολλὸν
754 1091 888 1150 τοιοῦτον
920 1082 964 1162 ἦν,
997 1086 1205 1163 ἐπιτεχνᾶται
1239 1092 1374 1163 πρῆγμα
1404 1089 1463 1166 οὐχ
1485 1084 1580 1152 θσιον·
1605 1091 1712 1166 λαβὼν
1735 1092 1799 1172 γὰρ

604 1192 657 1256 δύο
690 1191 801 1256 παιθέα
831 1191 942 1269 ἀνδρῶν
976 1191 1144 1271 έπιχιυρθονν
1169 1188 1284 1265 ένπομοέ
1308 1200 1394 1269 σφεα
1422 1192 1570 1266 έποέκσεν.
1596 1192 1643 1260 Of.
1668 1199 1799 1282 insuper

605 1297 689 1362 Xon.
720 1296 809 1363 Hell.
841 1296 898 1372 III,
932 1295 951 1359 5
983 1295 1050 1380 §it
1081 1296 1138 1360 nbi
1170 1295 1340 1382 Agesilaus
1371 1297 1474 1362 altum
1498 1303 1659 1383 petiturus
1682 1301 1798 1368 Aulide

604 1423 733 1467 cervam
756 1407 886 1466 mactat.
914 1400 1058 1485 Denique
1082 1422 1297 1468 commemoro
1321 1423 1409 1467 aram
1432 1410 1602 1470 ventorum
1626 1405 1757 1472 Pitanae
1780 1430 1799 1474 a

603 1508 764 1573 Pausania
794 1508 835 1583 ΙΙ,
868 1506 909 1570 12
941 1513 1221 1572 commemoratam
1252 1514 1285 1573 et
1314 1508 1470 1594 Hesychii
1500 1512 1598 1576 rerba
1621 1511 1658 1576 de
1681 1534 1797 1600 genere

604 1615 807 1688 α’νεμοκοισῶν
833 1609 988 1677 Corinthi.

650 1718 747 1782 Hisce
777 1720 939 1802 perpensis
970 1716 1147 1781 verisimile
1180 1716 1318 1794 videtur,
1343 1717 1474 1803 Minyas
1497 1740 1640 1804 quoque,
1665 1727 1794 1807 gentem

602 1844 679 1908 prae
714 1825 827 1888 ceteris
863 1822 970 1887 studio
1005 1825 1103 1886 maris
1139 1821 1261 1887 colendi
1295 1822 1454 1902 deditam,
1498 1832 1669 1911 antequam
1705 1828 1796 1894 funes

602 1931 845 2014 navigationem
870 1927 1055 1991 diuturnam
1076 1930 1255 2011 suscepturi
1274 1926 1453 2005 solverent,
1473 1929 1636 1995 hominem
1656 1931 1796 2018 aliquem

601 2035 790 2098 numinibus
809 2036 942 2097 marinis
961 2037 1100 2097 mactare
1119 2034 1217 2098 fuisse
1236 2033 1356 2099 solitos.
1379 2032 1448 2098 lam
1469 2039 1669 2120 suspicamur
1681 2038 1796 2103 Phrixi

601 2160 728 2224 quoque
752 2138 943 2204 sacrificium
966 2160 1040 2202 oum
1065 2138 1197 2202 deornm
1221 2136 1313 2202 cultu
1336 2142 1534 2204 marinorum
1559 2143 1742 2220 cohaerere,
1763 2150 1796 2209 et

600 2266 712 2310 revera
740 2243 881 2330 legimus
912 2244 997 2328 apud
1029 2242 1217 2308 Strabonem
1241 2265 1272 2328 p.
1299 2242 1383 2308 498:
1412 2245 1442 2309 έν
1465 2254 1504 2326 πῇ
1528 2255 1676 2328 Μοσχικῇ
1700 2249 1795 2330 (ἐστὶ)

603 2352 639 2414 πὸ
663 2359 717 2425 τῆς
741 2351 911 2418 Λευκοθέας
930 2349 1006 2427 ιἐρθν
1026 2348 1133 2427 Φρέξου
1152 2345 1280 2426 ἵδρυμα.
1306 2348 1385 2428 Quis
1404 2356 1513 2415 autem
1534 2352 1598 2416 fuit
1614 2352 1795 2419 Leucothea

601 2454 677 2531 illa,
701 2458 755 2520 cui
777 2455 916 2519 Phrixus
939 2475 1065 2518 sacrum
1088 2453 1266 2519 condidisse
1291 2452 1412 2519 fertur?
1431 2454 1613 2540 Respondet
1630 2457 1793 2524 Homerus

603 2568 632 2640 (ε
654 2559 719 2624 334
737 2565 837 2645 sqq.):

1315 2665 1526 2744 καλλίσφυρος
1549 2666 1612 2730 Ἰνὼ

785 2768 953 2848 Λευκοθέη,
977 2765 994 2836 οἳ
1018 2769 1087 2849 πρὶν
1109 2769 1166 2845 μέν
1190 2767 1240 2854 ine
1262 2769 1371 2848 βροτὸς
1395 2769 1572 2849 αὐδήεσσα,

784 2881 834 2940 νῦν
857 2877 882 2940 δ’
908 2876 985 2946 ciale
1008 2877 1039 2939 έν
1062 2874 1240 2951 πελάγεσσι
1265 2875 1335 2939 θεῶν
1359 2873 1393 2951 ἓξ
1417 2875 1530 2956 ἔμμορε
1550 2885 1657 2955 τιμῆς.

599 2982 659 3046 Est
682 2984 786 3067 igitur
807 2981 880 3058 ino,
905 2982 1050 3067 nympha
1072 2983 1213 3058 marina,
1237 3001 1318 3065 quae
1342 2981 1472 3065 posthac
1496 2981 1581 3047 dicta
1604 2989 1652 3048 est
1676 2981 1791 3049 Phrixi

599 3108 751 3166 noverca,
774 3087 848 3165 Ino,
875 3087 913 3153 de
937 3108 1000 3172 qua
1022 3086 1180 3151 Pindarus
1204 3085 1266 3165 (Ol.
1291 3086 1322 3151 Π
1345 3087 1386 3151 51
1401 3093 1502 3173 sqq.):

781 3193 905 3269 λέγοντι
931 3191 957 3254 δ’
981 3193 1011 3256 ἐν
1033 3192 1085 3255 καὶ
1110 3193 1258 3274 θαλάσσᾳ

781 3298 866 3373 μετὰ
890 3295 1004 3376 κθραισι
1030 3304 1145 3374 Νηρῆος
1172 3296 1278 3364 ιὶλθαιι
1301 3296 1406 3374 βθοπον
1430 3294 1561 3378 ἄφθιτον

782 3408 853 3468 Ἰνοῖ
873 3401 1029 3481 τετάχθαι
1054 3400 1105 3465 σὸν
1129 3397 1197 3466 θλον
1220 3401 1308 3481 ἀμφὶ
1332 3401 1450 3483 χρθνον.

599 3509 649 3572 Ab
681 3509 805 3593 origine
835 3529 955 3573 numen
986 3527 1160 3592 aquarum,
1191 3510 1276 3573 inter
1298 3508 1393 3573 Nerei
1417 3506 1501 3573 filias
1524 3510 1628 3573 vitam
1651 3509 1789 3597 degens,

599 3633 618 3677 a
641 3611 765 3698 Minyis
788 3616 840 3696 pie
864 3613 1025 3678 colebatur
1049 3616 1146 3677 sacris
1168 3615 1202 3677 in
1224 3612 1376 3678 litoribus
1401 3615 1531 3699 positis;
1555 3634 1591 3679 ac
1608 3617 1643 3680 in
1662 3615 1790 3683 iabnlae

597 3718 701 3781 forma
732 3721 922 3795 recentiore,
956 3718 1012 3782 ubi
1044 3717 1159 3782 Phrixi
1190 3739 1326 3784 noverca
1357 3720 1440 3783 facta
1469 3719 1566 3784 huius
1597 3724 1790 3806 sanguinem

596 3824 777 3906 poposcisse
813 3822 941 3898 dicitnr,
978 3824 1099 3907 optime
1132 3821 1355 3907 intellegimus
1389 3826 1598 3908 posteriorem
1633 3830 1790 3905 aetatem,

595 3926 673 3991 licet
696 3927 793 3991 huius
817 3929 952 4012 originis
975 3931 1059 3992 esset
1083 3926 1199 4005 oblita,
1230 3927 1383 3998 nucleum
1405 3933 1513 3993 tamen
1537 3930 1645 4015 mythi
1668 3951 1792 3997 conser-

596 4051 704 4108 vasse,
724 4052 786 4121 quo
805 4032 946 4096 Phrixus
965 4032 1073 4109 Inoni,
1093 4031 1127 4096 id
1147 4038 1196 4097 est
1214 4033 1308 4110 muri,
1327 4036 1488 4098 mactatus
1508 4033 1606 4099 inisse
1619 4035 1789 4101 ferebatur.

595 4135 692 4200 Venit
722 4142 829 4201 antem
863 4143 1009 4222 tempus,
1042 4158 1105 4221 qno
1128 4139 1213 4201 inter
1236 4137 1310 4202 deas
1334 4144 1487 4201 terrestres
1510 4137 1602 4204 lnoni
1626 4138 1719 4204 datus
1742 4146 1792 4205 est

593 4240 683 4307 locus
713 4247 745 4305 et
774 4241 888 4308 Cadmi
911 4241 977 4306 filia
998 4242 1082 4306 facta
1104 4249 1153 4307 est
1177 4242 1266 4320 (Hes.
1292 4241 1411 4328 Theog.
1438 4241 1535 4322 975);
1561 4243 1600 4309 de
1624 4265 1686 4328 quo
1710 4250 1790 4309 tom·

593 4367 688 4431 porc,
714 4349 774 4409 etsi
799 4368 855 4431 pro
879 4347 1074 4412 obscuritate
1097 4348 1216 4412 horum
1239 4347 1442 4414 saeculorum
1466 4346 1548 4411 nihil
1571 4350 1651 4413 certi
1674 4352 1790 4413 consti-

593 4457 686 4515 tuere
715 4472 903 4534 possumus,
935 4454 1151 4517 coniecturam
1182 4458 1290 4518 tamen
1314 4457 1486 4538 propenens
1509 4455 1624 4518 ausim.
1649 4452 1788 4518 Vocatur

592 4560 681 4622 enim
705 4560 861 4634 narratio,
886 4578 983 4641 quam
1007 4557 1108 4621 Xerxi
1132 4557 1262 4623 tradunt
1286 4558 1398 4637 duces,
1421 4560 1581 4638 ἐπιχώριος
1601 4558 1710 4636 bimi
1731 4558 1785 4623 sed

590 4664 690 4727 etiam
725 4661 809 4747 apud
840 4661 1077 4728 Orchomenum
1100 4663 1271 4730 Boeotium
1295 4663 1459 4729 colebatur
1480 4664 1693 4750 Laphystius,
1718 4683 1787 4729 neo

591 4788 656 4832 non
687 4768 732 4831 ibi
762 4768 876 4832 Phrixi
908 4770 1044 4854 mythns
1067 4790 1150 4843 cum
1181 4768 1270 4834 cultu
1303 4771 1401 4833 huius
1434 4769 1485 4834 dei
1508 4770 1695 4835 coniunctus
1718 4774 1786 4835 erat

590 4872 701 4952 (Pons.
734 4872 791 4950 lx,
824 4872 867 4937 34
899 4871 981 4957 §tt
1013 4872 1126 4958 Itaqne
1157 4879 1297 4939 statuere
1327 4874 1404 4956 licet
1425 4874 1574 4962 Minyas,
1597 4895 1673 4942 cum
1696 4876 1786 4943 sedes
