5125 6150
605 876 608 880 »
694 832 761 900 150
1025 847 1193 900 nronrsrue
1214 850 1531 902 nmrosenssennsrs.

694 1018 769 1084 oedo
799 1023 870 1104 post
898 1017 1032 1082 verbum
1063 1003 1199 1082 ἐλαύνειν
1221 1018 1279 1083 hoo
1302 1038 1416 1083 nomen
1439 1018 1523 1082 haud
1546 1040 1616 1084 rsro
1639 1019 1867 1107 interpolatum

695 1145 779 1202 esse;
809 1146 892 1189 nuno
922 1130 1029 1189 tamen
1059 1122 1152 1211 longe
1183 1124 1268 1190 melo
1299 1128 1472 1211 corrigere:
1504 1131 1575 1190 τῶν
1607 1121 1749 1204 ίππων,
1781 1127 1814 1192 h.
1840 1149 1867 1193 e.

693 1233 794 1314 frenie
825 1232 983 1308 detractio,
1014 1232 1108 1295 slouti
1139 1230 1251 1295 Liuius
1282 1251 1373 1314 saepe
1403 1229 1554 1315 loquitur,
1582 1231 1684 1296 veluti
1715 1231 1788 1297 VIII
1813 1232 1868 1298 30.

695 1337 778 1418 Quid
809 1339 867 1403 hoo
898 1339 940 1400 sit
956 1337 1067 1421 frenos
1089 1337 1259 1413 detrahere,
1283 1335 1477 1401 Niebuhrius
1501 1336 1583 1401 (lieet
1605 1338 1688 1402 Hiet.
1712 1339 1797 1402 nom.
1822 1338 1870 1404 Ill

693 1465 725 1530 p.
749 1442 815 1509 223
839 1468 870 1508 n.
895 1441 969 1508 340.

740 1662 784 1727 VI
808 1662 850 1728 12
874 1685 904 1749 p.
931 1661 1034 1728 1078:
1067 1661 1383 1735 ὑπακούσαντες.
1414 1663 1615 1730 Immortales
1645 1665 1690 1730 dii
1717 1665 1869 1730 dicuntur

697 1769 856 1834 ἐπακούειν
886 1777 918 1835 et
948 1772 1097 1834 novimus'
1126 1769 1202 1853 quid
1230 1768 1352 1835 differet
1374 1771 1545 1836 ὑπακούειν.
1570 1770 1671 1858 Lege:
1703 1772 1869 1837 ἐπακού-

694 1899 850 1948 σαντες.

737 2078 780 2143 VI
804 2078 845 2144 19
869 2101 898 2165 p.
925 2079 1028 2145 1080:
1061 2079 1151 2158 λόγος
1184 2078 1359 2155 ἀπεδόθη
1391 2087 1452 2151 τοῖς
1484 2080 1612 2145 εἰωθόσιν
1637 2081 1866 2163 ἀποφαίνεσθαι

692 2186 830 2264 ηνιίμας.
853 2185 963 2252 Nonne
986 2185 1102 2251 melius
1121 2192 1184 2251 est:
1209 2186 1387 2277 ἀνεδόθη.

736 2405 780 2472 VI
806 2404 845 2470 19
876 2427 907 2491 p.
933 2404 1029 2470 1081.
1060 2404 1147 2470 Dum
1177 2405 1254 2471 haee
1280 2405 1382 2470 scribo
1407 2443 1448 2454 -
1472 2405 1544 2470 idus
1567 2412 1642 2470 sunt
1665 2405 1867 2491 Septembres

691 2518 724 2578 et
754 2532 854 2577 onnus
885 2510 972 2577 1900
996 2549 1037 2561 -
1062 2520 1232 2596 personent
1262 2533 1353 2576 eures
1383 2515 1507 2576 nunoiis
1538 2512 1677 2578 eludium
1702 2516 1736 2578 in
1758 2515 1867 2580 Africo

690 2638 866 2704 numquam
888 2620 1141 2683 intermissurum
1165 2624 1197 2682 et
1218 2621 1319 2682 menti
1341 2618 1524 2683 obversetur
1546 2622 1661 2683 misere
1683 2618 1866 2685 colonorum

690 2728 745 2810 qui
768 2747 825 2810 pro
847 2724 992 2790 libertate
1015 2724 1218 2790 ooneiderunt
1240 2724 1389 2790 conditio.
1422 2723 1459 2788 In
1482 2725 1558 2789 heeo
1582 2732 1724 2810 tempore
1746 2725 1866 2813 Diony·

691 2835 775 2896 sium
810 2833 969 2917 scripsisse
1003 2831 1136 2895 dixeris:
1171 2836 1241 2915 post·
1274 2851 1417 2915 pugnam
1448 2831 1531 2915 opud
1562 2829 1667 2895 lecum
1698 2831 1865 2917 Regillum

691 2939 824 3004 demotis
854 2937 976 3002 Latinis
1006 2937 1135 3002 Latoius
1159 2939 1214 3021 qni
1236 2939 1358 3022 primus
1381 2936 1499 3002 Romus
1523 2937 1656 3003 dictator
1679 2937 1758 3015 fuit,
1785 2960 1866 3004 oom-

690 3045 859 3111 monefaoit
878 3043 1035 3110 &menos
1054 3044 1098 3123 μη
1111 3045 1203 3110 ιισινθν
1214 3051 1302 3120 μῖσος
1315 3045 1545 3109 ἐπιστάσωνται
1558 3045 1643 3124 παρά
1656 3045 1779 3109 ποίντυν
1792 3043 1865 3111 όσσιν

690 3149 824 3228 ἀξιοῦσιν
847 3148 964 3231 ἄρχειν,
988 3151 1041 3215 ἐάν
1065 3151 1175 3229 πικράς
1198 3151 1250 3214 καὶ
1274 3152 1504 3227 ἀπαραιτήτους
1528 3152 1613 3230 παρά
1638 3158 1694 3215 τῶν
1714 3152 1866 3233 ἀμαρτόν·

689 3279 747 3322 τυν
771 3257 1026 3336 ἀναπράττωνται
1049 3258 1155 3335 δίκας,
1178 3259 1216 3328 τίς
1239 3256 1447 3333 ἐκβεβηκότες
1471 3255 1505 3321 ἐκ
1530 3265 1586 3322 τῶν
1610 3259 1738 3332 συνήθων
1763 3261 1865 3333 ἐπιτη-

690 3364 858 3441 ἀευμάτων,
899 3366 958 3443 ἀφ’
993 3358 1030 3426 ὧν
1072 3364 1113 3434 είς
1149 3362 1332 3440 ε’πιΦάνειαν
1367 3365 1509 3443 προῆλθον
1546 3365 1776 3443 ἐπιλαθόμενοι,
1812 3364 1862 3428 καὶ

690 3469 888 3544 πεποιηκότες
911 3469 1070 3547 τυραννίδα
1094 3472 1148 3544 την
1171 3472 1281 3549 ἀρχήν,
1306 3472 1379 3534 ἀλλ’
1402 3472 1461 3550 οὐχ
1482 3469 1647 3547 ἡγεμονίαν
1666 3473 1703 3541 ὥς
1724 3472 1864 3551 πρότερον

690 3572 723 3651 ἦν
756 3578 807 3643 καί
837 3577 1022 3655 προτασίαν·
1055 3576 1096 3641 τοί
1127 3600 1160 3640 τε
1193 3576 1410 3655 ἀμαρτιίματα
1441 3575 1551 3657 μίτρια
1575 3577 1625 3641 καὶ
1650 3579 1683 3642 οὐ
1707 3579 1862 3656 νεμεσητὰ

690 3678 765 3747 εἶναι
796 3682 905 3759 λέγειν,
938 3682 967 3747 εί
995 3706 1072 3753 τινες
1102 3683 1271 3760 ἐλευθερίας
1301 3682 1518 3760 περιεχόμεναι
1549 3683 1653 3754 πόλεις
1678 3684 1729 3747 κα1
1754 3682 1864 3765 ἀρχειν

690 3790 764 3854 ποτὲ
786 3791 937 3864 μαθοῦσαι
961 3797 1017 3863 τῆς
1040 3792 1182 3859 παλαιάς
1206 3786 1354 3863 ἀξιώσεως
1379 3789 1411 3852 οὗ
1434 3790 1605 3863 μεθίενται·
1630 3790 1654 3853 εί
1680 3788 1706 3852 δ’
1730 3790 1862 3863 ἀνιάτυς

689 3895 714 3961 οί
745 3902 802 3958 τῶν
832 3897 981 3974 κρατίςων
1008 3896 1198 3977 ὀρεχθέντες,
1224 3895 1276 3960 ε’ἀν
1301 3893 1488 3975 διαμάρτωσι
1513 3903 1566 3968 τῆς
1590 3895 1729 3975 ἐλπίδος,
1753 3897 1864 3978 ζημιώ-

689 4026 811 4080 σονται,
835 4002 916 4066 oete
941 4001 1059 4067 ἐσεσθαι
1084 4002 1118 4066 τό
1141 4006 1274 4067 κωλῦσον
1295 3998 1439 4074 ἀπαντας
1460 4002 1625 4080 ἀνθρώπους
1647 4002 1698 4067 ὑπ’
1717 4006 1864 4079 ἀλλήλων

689 4107 899 4175 ἀπολωλέναι·
933 4113 1011 4174 πῖισι
1040 4110 1102 4187 γάρ
1134 4105 1209 4173 εἶναι
1241 4109 1291 4173 τάν
1321 4117 1377 4184 της
1409 4110 1578 4189 ἐλευθερίας
1602 4109 1688 4174 πόθον
1713 4108 1864 4190 ἔμφυτον,

688 4218 793 4294 πολλῷ
824 4239 858 4279 τε
882 4217 1037 4294 κρείττονα
1060 4215 1111 4280 καὶ
1135 4213 1342 4293 βεβαιοτέραν
1365 4215 1543 4293 ἀποφαίνων
1567 4216 1676 4296 ἀρχήν,
1701 4214 1764 4291 η’τις
1786 4221 1866 4296 εὐερ-

687 4323 811 4400 γεσίαις
842 4322 928 4385 ἀλλά
951 4324 995 4397 μη
1018 4320 1175 4401 τιμωρίαις
1196 4328 1317 4401 κρατεῖν
1339 4320 1486 4397 βούλεται
1511 4328 1568 4385 τῶν
1593 4320 1737 4395 ὑπηκόων.
1772 4324 1865 4402 ,,Ηοο

686 4425 767 4493 illud
798 4432 846 4492 est
867 4431 1033 4514 praecipue
1056 4431 1089 4492 in
1113 4430 1294 4513 cognitione
1316 4449 1422 4491 rerum
1445 4425 1570 4492 salubre
1592 4448 1628 4493 eo
1650 4429 1864 4513 frugiferum,

687 4536 789 4600 omnis
816 4541 847 4596 te
878 4533 1016 4618 exempli
1044 4533 1232 4598 dooumente
1261 4536 1296 4596 in
1322 4531 1441 4606 illustri
1463 4536 1565 4617 posite
1588 4542 1795 4600 monumento
1818 4540 1867 4601 in·

686 4643 785 4718 tueri;
810 4638 883 4703 inde
905 4641 964 4704 tibi
987 4647 1122 4724 tuaeque
1144 4643 1221 4725 reip.
1246 4637 1330 4722 quod
1353 4641 1477 4704 imitere
1501 4642 1620 4725 oepies;
1641 4640 1713 4704 inde
1731 4641 1865 4707 foedum

588 4821 589 4826 ρ
684 4744 830 4829 inceptu,
862 4745 989 4810 foedum
1020 4750 1108 4811 exitu
1138 4744 1222 4830 quod
1245 4744 1361 4808 vites.''
1392 4742 1520 4807 Eximio
1542 4745 1617 4809 haee
1641 4751 1689 4809 est
1711 4746 1865 4813 historiae

684 4844 770 4927 lnus;
802 4850 856 4915 sed
885 4872 996 4917 eornm
1027 4855 1081 4936 qui
1112 4851 1245 4937 populos
1277 4852 1412 4934 imperio
1442 4856 1577 4935 regunt,
1610 4855 1865 4938 quotusquisque

684 4951 865 5020 (lledstonis
887 4961 988 5023 instet
1010 4979 1163 5043 umquem
1186 4978 1296 5023 eurem
1321 4954 1482 5042 praebuitl
