5125 6150
788 800 854 864 212
1326 817 1434 862 tama.

787 981 990 1053 'Attianum
1022 983 1108 1043 enlm
1140 982 1323 1063 oppositum
1353 977 1509 1042 vocabulo
1534 980 1616 1041 ἐσλοί
1638 978 1775 1054 videtur,
1800 1000 1902 1062 neque
1925 981 1978 1040 ιἰιι-

788 1087 888 1149 becilli
913 1085 1110 1171 significare,
1133 1083 1188 1148 sed
1210 1085 1334 1162 αἰσχροί
1356 1087 1424 1147 sive
1444 1084 1579 1157 remeet,
1599 1100 1635 1147 ut
1655 1084 1741 1168 apud
1758 1082 1977 1168 'I'heognidem

789 1192 851 1256 281
875 1206 907 1256 et
927 1191 1132 1275 Euripidem,
1152 1188 1243 1275 Cycl.
1264 1189 1342 1254 281.
1365 1188 1516 1274 Suspicor
1536 1204 1645 1254 autem
1664 1189 1889 1275 corrigendum
1910 1211 1978 1254 esse

969 1294 1014 1362 ὅτι
1038 1298 1185 1360 ίανὸντυν
1208 1298 1323 1369 μένει
1347 1298 1395 1359 τιν’
1405 1296 1449 1360 δ’·
1474 1298 1591 1360 αὐτίκα
1613 1297 1797 1371 ἀπάλαμνοι
1823 1298 1889 1360 xri.

787 1406 810 1468 i.
834 1425 860 1468 e.
887 1411 958 1485 post
990 1412 1106 1466 ιιιοιίειιι
1140 1404 1210 1465 haec
1235 1425 1361 1478 monere,
1392 1415 1466 1466 cett.
1498 1401 1535 1465 In
1560 1405 1710 1487 genetivo
1733 1401 1895 1467 absoluto.
1921 1423 1978 1485 pro

787 1532 850 1596 quo
873 1532 936 1575 aee.
963 1531 1077 1594 ponere
1102 1522 1266 1594 potuerat,
1290 1530 1384 1572 nemo
1407 1508 1560 1572 haerebit.

833 1615 924 1695 Quod
947 1618 1062 1679 attinet
1086 1615 1124 1678 ad
1149 1615 1246 1679 rerba
1270 1613 1351 1683 ίσαις
1375 1613 1407 1677 δὲ
1430 1614 1507 1687 xri„
1532 1613 1697 1699 perleges
1720 1617 1874 1679 sermonis
1893 1613 1978 1678 nihil

788 1721 876 1786 aliud
907 1721 1086 1806 elgnificare
1117 1736 1247 1804 possunt
1280 1740 1376 1803 quam
1409 1723 1553 1783 noctium
1576 1740 1767 1794 numerum,
1791 1720 1908 1805 quibus
1931 1718 1980 1783 001

787 1828 951 1913 splendeat
975 1832 1008 1892 in
1031 1827 1158 1892 sedibus
1182 1828 1360 1899 beatorum,
1384 1825 1521 1891 eundem
1544 1848 1612 1890 esse
1634 1830 1690 1911 qui
1708 1827 1843 1891 dierum.
1867 1824 1980 1905 Qualis

787 1934 986 1999 artifieIosior
1008 1933 1132 1997 dicendi
1157 1933 1270 1997 modus
1294 1954 1351 2016 pro
1381 1933 1441 1997 hoe
1474 1931 1542 2007 „sol
1572 1933 1619 1996 ibi
1651 1944 1746 1996 noctu
1778 1953 1839 1997 nou
1871 1936 1980 1997 minus

786 2061 883 2125 quam
913 2039 1052 2103 interdiu
1084 2037 1249 2123 splendet’''
1275 2059 1405 2122 prorsus
1424 2041 1573 2103 convenit
1597 2038 1727 2103 Pindari
1752 2038 1826 2104 stilo
1849 2037 1980 2102 insolita

786 2148 942 2209 venantis.
966 2144 1099 2209 Temere
1123 2145 1199 2209 haee
1223 2145 1319 2209 verba
1342 2144 1508 2209 sollicitari
1533 2151 1617 2209 reete
1641 2148 1765 2209 monuit
1790 2146 1902 2209 editor.

833 2362 884 2427 01.
909 2362 937 2423 V
963 2362 1021 2427 13:

922 2475 1023 2552 κολλᾷ
1047 2494 1084 2532 τε
1106 2468 1239 2534 σταδίων
1262 2470 1412 2545 ίαλσίμιιν
1434 2469 1559 2549 ταχέως
1586 2470 1781 2546 ὑψίγυιον
1805 2469 1910 2535 ἄλσος.

787 2575 929 2641 'I'ametsi
959 2575 1174 2652 abblanditur,
1205 2576 1308 2660 quod,
1339 2575 1410 2640 coll.
1442 2576 1592 2663 Bacchyl.
1624 2576 1687 2640 XII
1712 2575 1751 2642 71
1778 2575 1856 2657 (Bl.)
1888 2577 1981 2639 πόλιν

787 2684 969 2759 ι’σψιοίγυιαν,
989 2684 1023 2745 10
1043 2692 1182 2745 mentem
1205 2683 1287 2745 mihi
1308 2685 1396 2746 venit
1420 2684 1626 2759 ὑψάγυιον
1649 2682 1763 2759 ἄλσος,
1782 2669 1983 2767 0000100000·

786 2789 865 2853 dum
898 2795 1004 2853 tamen
1031 2789 1169 2852 arbitror
1191 2791 1222 2852 in
1250 2788 1403 2853 Boeelrhii
1426 2789 1560 2853 traditae
1584 2788 1730 2855 lectionis
1754 2789 1978 2874 explicatione.

832 3007 881 3072 01.
907 3007 954 3071 XI
981 3006 1041 3072 19:

922 3114 1044 3193 τὸγὰρ
1069 3115 1186 3191 ἐμφυὲς
1210 3115 1272 3178 οὔτ’
1297 3113 1387 3178 aldor
1412 3114 1544 3191 α’λιίσιιξ

922 3219 984 3284 οὔτ’
1010 3221 1159 3298 ἐρίβρομοι
1185 3219 1306 3291 λέοντες
1331 3220 1635 3296 transissem
1661 3218 1736 3292 ἦίοε.

787 3327 909 3393 Lehrsii
941 3330 1122 3392 coniectura
1152 3327 1430 3404 διαλλάξαντο
1454 3348 1472 3391 0
1495 3328 1688 3392 Sehroedero
1713 3337 1835 3413 recepta
1860 3330 1977 3396 refelli-

786 3440 840 3497 tur
863 3437 1028 3498 verissima
1052 3437 1154 3518 ipsius
1175 3430 1477 3504 01000001100οἦίσς
1497 3434 1785 3510 (consuetudinem)
1806 3457 1974 3521 nusquam,

787 3541 860 3614 ιἰίεα
893 3541 1026 3618 (sedem)
1059 3562 1184 3625 semper
1215 3541 1331 3604 habere
1362 3541 1535 3624 digamma.
1568 3540 1637 3604 Nisi
1667 3544 1781 3625 igitur,
1805 3543 1890 3627 quod
1912 3567 1974 3608 non

788 3649 959 3721 suaserim,
988 3644 1200 3718 διαλλάξαντό
1231 3650 1263 3722 γ’
1293 3647 1428 3710 seribere
1452 3644 1542 3721 velis,
1567 3646 1646 3709 nihil
1671 3646 1758 3710 aliud
1783 3647 1976 3734 relinquitur

788 3773 884 3837 quam
916 3759 1027 3828 vetus,
1064 3751 1118 3814 sed
1142 3754 1291 3836 egregia,
1317 3751 1481 3837 Hartungi
1505 3754 1655 3815 eorrectio
1680 3752 1888 3828 διαλλάξαι
1903 3758 1974 3817 ιντ·

788 3853 933 3930 belbe

833 4060 882 4124 01.
910 4060 987 4125 XIII
1013 4059 1071 4124 18:
1164 4110 1167 4119 .

1014 4167 1066 4230 ταί
1093 4166 1236 4232 Διονύσου
1259 4167 1348 4231 πόθεν
1371 4167 1519 4246 ἐξέφανεν

1014 4277 1068 4335 σῦν
1090 4271 1237 4354 βονλοίσῳ
1260 4271 1388 4352 χάριτες
1413 4273 1606 4351 διίυριίμβῳ;

1013 4378 1061 4447 τίς
1085 4379 1163 4455 γὰρ
1187 4380 1319 4448 ἱππείοις
1346 4381 1375 4442 ἐν
1400 4377 1532 4443 ἔντεσσιν
1556 4378 1657 4456 μίτρα

1013 4485 1030 4557 ἢ
1055 4484 1126 4547 θεῶν
1150 4494 1244 4548 ναοῖσι
1269 4486 1374 4549 οίονῶν
1396 4486 1534 4560 βασιλέα
1559 4486 1679 4557 δίδυμον

1013 4590 1144 4662 ἐπέθηκ’.

788 4695 960 4760 Sohroeder
994 4695 1162 4762 adnotans:
1200 4699 1266 4773 „ric
1302 4697 1327 4760 δ’
1358 4696 1404 4776 ἄρ’
1435 4697 1599 4763 Hermann
1632 4698 1711 4784 Opp.
1738 4699 1811 4766 VIII
1844 4702 1907 4766 124
1938 4706 1973 4767 10

788 4801 888 4867 altero
910 4806 1169 4887 interrogadonis
1187 4805 1332 4868 membro
1352 4804 1382 4867 δέ
1403 4807 1582 4889 requirens;
1604 4813 1635 4868 at
1653 4808 1693 4868 of.
1714 4806 1750 4870 O.
1764 4807 1838 4871 112.
1852 4808 1888 4872 Ρ.
1903 4808 1972 4874 VII.

788 4908 812 4973 I.
839 4908 864 4969 V
890 4908 966 4985 39”‚
998 4930 1196 4994 nequaquam
1228 4919 1353 4975 tutatus
1384 4922 1431 4977 est
1460 4915 1604 4995 ineptum
1631 4913 1803 4996 particulae
1826 4916 1889 4992 γάρ
1915 4917 1974 4981 hoo
