5125 6150
824 821 891 887 376
1250 838 1367 886 ruam
1389 838 1562 886 sources.

956 1003 1060 1083 Quam
1081 1025 1142 1090 ego
1164 1002 1250 1068 haud
1272 1004 1377 1069 multo
1398 1020 1469 1090 post
1493 1008 1623 1068 mittam
1644 1025 1663 1068 e
1685 1003 1870 1070 ballistaria.

956 1111 1017 1176 Sed
1041 1110 1271 1195 Adelphasium
1292 1131 1400 1176 eccum
1422 1115 1490 1176 exit
1513 1126 1609 1196 atque
1630 1110 1856 1198 Anterast51is.

956 1219 1043 1284 Haec
1065 1228 1113 1282 est
1135 1222 1223 1303 prior
1244 1239 1325 1304 quae
1346 1238 1459 1283 meum
1482 1240 1574 1283 erum
1596 1217 1778 1284 dementem
1799 1218 1887 1283 facit.

866 1325 932 1390 205
955 1325 1017 1390 Sed
1039 1325 1185 1391 evocsbo.
1209 1324 1317 1401 Heus,
1340 1327 1353 1388 i
1375 1325 1476 1402 foras,
1500 1325 1739 1411 Agorastocles,

954 1432 989 1498 Si
1012 1436 1060 1497 ris
1084 1432 1190 1496 ridere
1213 1431 1307 1496 ludos
1328 1432 1585 1497 iucundissimos.

954 1537 1015 1604 Ao.
1036 1538 1118 1618 Quid
1129 1542 1213 1603 istuc
1226 1537 1403 1615 tumultist,
1417 1536 1576 1623 Milphio?
1598 1537 1657 1602 Mu
1677 1537 1740 1603 lim
1750 1558 1874 1603 amores
1888 1546 1971 1613 tuos,

954 1644 990 1710 Si
1013 1647 1062 1709 vis
1086 1652 1236 1730 spectare.
1272 1646 1332 1710 Ao.
1357 1643 1384 1709 0
1407 1643 1511 1709 multa
1535 1645 1595 1709 tihi
1616 1645 1648 1709 di
1670 1644 1746 1710 dent
1767 1646 1865 1721 bona,

954 1750 1059 1830 Quom
1080 1750 1139 1815 hoc
1162 1751 1242 1815 mihi
1266 1750 1414 1836 optulisti
1437 1762 1505 1816 tam
1527 1750 1669 1836 lepidum
1692 1748 1920 1837 spectaculum.

865 1856 901 1921 ln
931 1858 981 1922 his
1011 1857 1109 1922 leoni
1140 1861 1255 1922 merito
1278 1857 1442 1942 displicuit
1467 1857 1707 1943 Agorastoclem
1728 1856 1835 1923 solum
1857 1857 1946 1921 abire
1968 1861 2000 1921 ot

820 1963 1033 2049 Milphionem
1054 1967 1089 2027 in
1114 1966 1276 2049 proscenio
1300 1985 1479 2041 remanere,
1502 1986 1577 2029 curn
1601 1968 1668 2050 ipse
1689 1964 1824 2030 dixerit:
1849 1964 2000 2028 abeamus

819 2087 856 2135 ut
880 2068 1095 2138 Oollebiscum
1118 2071 1354 2156 perdoceamus.

864 2178 911 2243 De
941 2178 991 2242 his
1020 2181 1123 2263 igitur
1153 2181 1242 2242 vitiis
1265 2178 1363 2243 leoni
1383 2182 1547 2253 assentior,
1570 2179 1626 2244 sed
1648 2179 1688 2243 ab
1710 2178 1823 2245 eodem
1846 2177 1998 2242 dissentio

818 2286 857 2350 de
879 2288 982 2350 censis
1005 2283 1088 2349 unde
1111 2288 1310 2361 exstiterint,
1334 2306 1412 2371 ques
1435 2287 1533 2349 nimis
1554 2288 1719 2350 intricatas
1739 2294 1773 2350 et
1790 2284 1886 2370 longe
1904 2304 1999 2370 quae-

817 2395 895 2457 sitas
923 2390 1095 2476 protulisse
1125 2391 1207 2455 mihi
1238 2391 1377 2467 ridetur,
1407 2412 1486 2477 cum
1512 2412 1584 2457 mec
1613 2395 1772 2457 sententia
1800 2395 1891 2478 origo
1920 2393 1999 2456 setis

817 2496 953 2583 simplex
976 2501 1019 2561 sit
1041 2519 1142 2582 noque
1164 2501 1251 2562 tertii
1274 2500 1389 2563 erroris
1410 2498 1494 2562 desit
1515 2496 1618 2563 facilis
1640 2497 1773 2563 medela

863 2605 943 2669 Rem
961 2606 1063 2690 igitur
1080 2607 1125 2668 sic
1143 2607 1312 2669 instituam
1331 2613 1368 2669 ut
1386 2625 1543 2689 exponam
1560 2625 1647 2669 mess
1664 2606 1842 2689 opiniones,
1859 2603 1998 2668 refutem

817 2711 979 2775 interdum
1014 2709 1128 2775 leonis
1156 2718 1347 2794 argumente
1377 2731 1458 2795 qnae
1480 2710 1567 2774 ultro
1589 2732 1623 2776 se
1644 2710 1796 2788 offerunt,
1820 2707 1942 2793 reliquo
1964 2711 1998 2773 in

818 2825 983 2904 posterum
1005 2824 1198 2882 servaturus.

861 2924 981 3010 Incipio
1005 2945 1023 2988 a
1046 2927 1141 2989 tertio
1164 2926 1262 3001 vitio,
1287 2924 1369 3009 quod
1394 2927 1444 2987 vir
1465 2923 1505 2988 cl.
1529 2930 1613 2988 recte
1634 2927 1681 2988 ita
1700 2923 1844 2988 definivit
1861 2944 1892 3007 p.
1916 2920 1997 2986 160:

818 3031 978 3117 „Milphio
1009 3029 1105 3096 bleibt
1136 3029 1262 3097 obwohl
1293 3052 1327 3096 er
1353 3033 1386 3095 in
1410 3029 1521 3095 Plural
1543 3032 1737 3119 gesprochen
1760 3030 1841 3096 ohne
1862 3028 1996 3095 Motivi-

817 3160 920 3225 ,rung
938 3138 1121 3203 draussen”.
1142 3138 1231 3217 Quod
1250 3144 1357 3203 tamen
1377 3136 1471 3223 paulo
1489 3145 1560 3222 post
1571 3137 1733 3202 adiunxit:
1752 3134 1995 3224 ,Agorastocles

816 3254 958 3324 ,musste
986 3245 1066 3310 noch
1097 3267 1127 3309 v.
1154 3244 1216 3309 189
1244 3246 1303 3309 auf
1321 3244 1377 3309 der
1398 3245 1510 3310 Bdhne
1533 3243 1656 3309 bleiben
1680 3245 1745 3309 und
1767 3244 1847 3309 nach
1870 3266 1901 3307 v.
1927 3241 1993 3308 409

817 3360 933 3432 „(scen.
948 3350 981 3430 3)
1000 3351 1055 3415 des
1074 3349 1156 3416 Geld
1176 3349 1293 3415 holen”
1309 3352 1343 3429 ¹),
1364 3352 1421 3416 hoc
1442 3372 1555 3415 verum
1574 3373 1643 3416 esse
1655 3373 1746 3436 nego.
1766 3349 1993 3415 lmmoaudito

815 3469 847 3523 et
877 3459 1006 3543 probato
1036 3456 1107 3522 dolo
1139 3456 1219 3521 nihil
1249 3460 1337 3542 prius
1360 3457 1521 3542 agendum
1543 3464 1612 3522 erat
1634 3479 1687 3523 ero
1709 3465 1741 3521 et
1764 3478 1872 3533 servo,
1897 3477 1993 3541 quam

815 3572 852 3629 ut
874 3567 942 3628 eius
965 3563 1144 3648 perficiendi
1166 3566 1298 3627 initium
1322 3564 1476 3639 facerent;
1500 3563 1533 3627 id
1555 3567 1731 3628 iustissime
1753 3563 1901 3628 hortatur
1919 3561 1994 3626 Mil·

815 3672 906 3755 phio,
930 3673 982 3734 cui
1005 3691 1126 3735 morem
1149 3673 1234 3756 gerit
1257 3692 1329 3734 erus
1352 3692 1383 3733 v.
1411 3668 1597 3746 193-197,
1621 3674 1724 3755 igitur
1748 3671 1840 3735 ambo
1859 3670 1992 3735 domum

813 3779 931 3841 intrare
950 3776 1135 3840 debuerunt.
1155 3775 1190 3841 Si
1208 3784 1317 3841 autem
1339 3780 1425 3841 iusta
1448 3776 1552 3861 aliqua
1575 3797 1669 3841 causo
1688 3780 1918 3854 intercesserit,
1937 3799 1993 3842 cur

814 3904 923 3947 servus
954 3882 1119 3947 domiuum
1142 3906 1203 3947 non
1227 3887 1337 3948 statim
1361 3889 1522 3969 sequatur,
1544 3887 1648 3948 omnis
1670 3882 1732 3949 loci
1756 3885 1884 3950 offensio
1907 3884 1992 3950 tolli·

813 3996 877 4053 tur.
910 3990 993 4053 Puto
1023 3996 1132 4054 antem
1163 3988 1259 4054 telem
1283 4011 1411 4055 censam
1435 4011 1546 4056 revera
1569 3993 1780 4056 intercessisse
1805 3991 1863 4056 hoc
1886 3991 1990 4057 modo.

815 4094 1001 4160 Adolescens
1032 4115 1140 4159 amens
1171 4099 1203 4159 in
1235 4097 1397 4162 comoedia
1426 4099 1510 4162 iners
1541 4118 1607 4162 esse
1637 4096 1716 4163 solet
1739 4101 1772 4161 et
1792 4096 1875 4161 nihil
1898 4118 1991 4183 agere

814 4202 896 4287 qnod
915 4223 975 4266 non
994 4202 1123 4266 iubetur
1142 4223 1160 4266 a
1180 4224 1270 4267 servo
1290 4203 1455 4289 vigilanti,
1476 4206 1583 4287 itaque
1602 4203 1740 4288 Milphio
1752 4224 1803 4268 ero
1816 4207 1991 4290 praecepit,

813 4315 851 4374 ut
880 4314 986 4393 postes
1017 4307 1055 4372 de
1086 4309 1220 4373 testibus
1250 4331 1281 4373 v.
1307 4308 1382 4385 424,
1413 4312 1458 4374 ita
1487 4332 1570 4374 nunc
1593 4309 1630 4374 de
1654 4313 1788 4395 pecunia
1809 4311 1989 4394 promenda.

814 4415 884 4480 Hoc
915 4421 1022 4480 autem
1052 4423 1255 4500 praeceptum
1278 4416 1442 4481 intercidit
1464 4424 1534 4501 post
1557 4438 1588 4481 v.
1613 4415 1685 4493 197,
1710 4418 1990 4501 comprehensum,

813 4524 932 4605 opinor,
954 4542 1016 4585 uno
1035 4521 1191 4586 versiculo
1211 4523 1412 4588 huiusmodi:
1433 4525 1461 4601 I,
1475 4546 1578 4606 prome
1589 4531 1741 4604 arpentum
1756 4524 1928 4601 Collabioco,
1941 4546 1990 4605 epo

814 4634 842 4689 te
863 4650 967 4711 sequor
978 4628 1014 4708 ²).
1042 4627 1131 4692 Nihil
1157 4629 1262 4694 obstet
1288 4633 1476 4715 quominus,
1497 4630 1574 4695 dum
1595 4628 1650 4695 ille
1671 4629 1835 4715 Philippos
1856 4632 1990 4715 promit,

848 4810 874 4871 l)
891 4808 982 4873 Nempe
999 4813 1097 4874 epperct
1113 4824 1141 4858 ex
1159 4826 1181 4858 v.
1198 4812 1247 4858 415
1264 4811 1441 4874 Agonstoclem
1457 4811 1552 4861 domum
1570 4811 1670 4860 intrasse
1687 4813 1714 4860 nt
1730 4812 1854 4874 argentum
1868 4813 1990 4875 promeret

812 4890 944 4939 Collsbisco
961 4891 1030 4954 idque
1047 4892 1068 4940 ei
1085 4892 1182 4941 dedisse.

846 4973 872 5032 2)
890 4972 966 5025 Etiam
983 4978 1036 5037 post
1054 4975 1116 5022 1101
1135 4989 1208 5024 nnnm
1226 4990 1248 5024 r.
1265 4974 1412 5024 intercidisse
1429 4975 1481 5025 iure
1498 4975 1582 5025 statuit
1598 4978 1653 5026 Iso.
