5125 6150
1054 815 1200 863 vnnnsan
1223 818 1339 866 suano.
1749 799 1791 865 59

597 981 756 1048 Hercules
778 984 1010 1058 interveniens;
1035 1003 1110 1046 nam
1132 981 1243 1046 lovem
1267 981 1485 1068 Laphystium
1508 1003 1547 1046 ex
1570 980 1721 1047 Herculis
1740 1003 1793 1047 ore

601 1089 734 1153 demum
759 1090 914 1171 accepisse
938 1089 1090 1151 nuntium
1110 1086 1148 1151 de
1169 1086 1281 1150 Phrixi
1301 1090 1368 1152 vita
1388 1093 1529 1164 servata,
1547 1095 1795 1154 consentaneum

599 1215 665 1257 non
695 1201 753 1257 est.
785 1191 910 1257 Sciebat
940 1213 1055 1276 nempe
1086 1197 1124 1255 ut
1154 1191 1233 1256 deus
1264 1200 1337 1256 ante
1368 1191 1474 1256 herois
1498 1191 1673 1257 adventum
1697 1199 1793 1278 atque

600 1297 708 1363 multo
740 1306 823 1362 ante.
857 1300 1009 1361 Attamen
1032 1300 1115 1360 iram
1139 1317 1230 1360 suam
1253 1319 1313 1361 non
1340 1296 1503 1381 deposuit.
1527 1300 1628 1362 immo
1652 1299 1793 1363 Achaeos

600 1403 732 1480 afflixit,
765 1403 864 1467 donec
894 1402 1023 1467 oraculo
1055 1405 1169 1466 moniti
1193 1402 1277 1466 Iovis
1299 1402 1439 1468 furorem
1463 1403 1657 1469 Athamante
1679 1405 1793 1468 sacrifi-

599 1510 699 1574 cando
733 1506 835 1572 lenire
870 1513 965 1592 atque
999 1514 1144 1572 avertere
1178 1510 1283 1571 conati
1319 1512 1404 1572 sunt.
1440 1508 1586 1573 Iratusne
1621 1530 1698 1594 ergo
1729 1510 1793 1573 init

600 1615 808 1689 Athamanti,
833 1613 917 1696 quod
941 1616 969 1676 is
987 1615 1089 1697 ipsius
1109 1611 1175 1677 filio
1194 1618 1333 1677 mortem
1352 1619 1436 1678 essct
1454 1611 1605 1676 minatus?
1626 1616 1669 1677 At
1688 1634 1793 1679 meras

600 1723 707 1784 minas
739 1726 804 1782 tam
836 1717 942 1782 valere
974 1718 1013 1783 ad
1044 1718 1177 1782 deorum
1207 1721 1291 1783 iram
1323 1718 1525 1783 excitandam
1548 1718 1638 1783 nullo
1662 1720 1794 1784 ebonis

599 1825 706 1890 literis
729 1823 875 1908 exemplo
899 1824 1135 1908 comprobatur.
1160 1822 1258 1887 Aliud
1281 1823 1346 1888 fuit
1369 1825 1397 1887 si
1421 1823 1498 1909 quid
1522 1824 1624 1890 video.
1657 1823 1793 1889 Perinde

601 1951 638 1994 ac
679 1928 820 1993 lehovah
854 1928 1053 1993 Testamenti
1087 1927 1227 2004 Veteris,
1271 1934 1309 1992 ut
1343 1927 1512 1993 Molochns
1546 1934 1578 1994 et
1612 1928 1794 1994 Mslhartus

602 2036 803 2100 Phoenicum
833 2033 902 2109 dei,
934 2036 979 2098 sic
1010 2033 1210 2119 Laphystius
1239 2033 1386 2119 Iuppiter
1416 2033 1566 2098 humanis
1588 2033 1794 2099 immolandis

602 2141 787 2225 corporibus
818 2138 1020 2223 placabatur;
1054 2141 1241 2223 praesertim
1272 2141 1493 2224 primigeniti,
1518 2160 1535 2203 e
1558 2159 1674 2225 genere
1698 2139 1795 2204 Atha·

602 2248 741 2321 mantis,
769 2247 822 2309 cui
853 2244 964 2308 domui
996 2243 1103 2308 cultus
1132 2242 1303 2329 Laphystii
1333 2241 1425 2307 velut
1454 2264 1580 2308 sacrum
1603 2242 1726 2330 gentile
1748 2247 1795 2308 in·

602 2349 791 2424 cumbebat,
817 2350 846 2412 ai
869 2348 977 2412 deberi
999 2348 1275 2412 existimabantur.
1300 2345 1384 2414 (lum
1407 2354 1517 2413 autem
1538 2347 1692 2413 Athamas
1712 2352 1795 2414 mori

604 2457 766 2519 maiorum
797 2454 966 2518 obsecutus
989 2451 1092 2518 filium
1116 2455 1297 2517 maximum
1320 2458 1399 2516 natu
1422 2452 1481 2518 deo
1504 2458 1586 2518 esset
1610 2452 1792 2531 oblaturus,

603 2559 661 2624 ille
691 2561 724 2622 in
748 2561 847 2623 ariete
870 2558 996 2636 sedens,
1021 2564 1060 2622 ut
1082 2556 1188 2623 voluit
1211 2559 1297 2622 fama
1320 2557 1483 2644 vulgaris,
1506 2580 1563 2644 per
1586 2580 1657 2624 aera
1681 2558 1794 2645 effugit

605 2666 765 2748 deumque
788 2665 923 2727 victima
944 2663 1050 2728 debita
1073 2664 1250 2729 frustravit.
1275 2663 1344 2743 Qua
1367 2662 1474 2728 fabula
1497 2666 1622 2748 antiqui
1645 2663 1795 2729 videntur

604 2768 801 2856 significasse
832 2771 981 2833 victimas
1016 2770 1171 2833 humanas
1201 2767 1279 2834 olim
1310 2767 1484 2834 velleribus
1514 2768 1643 2834 indutas
1664 2789 1794 2854 -qua

605 2876 643 2939 de
667 2897 700 2939 re
722 2874 806 2938 infra
830 2912 870 2923 —
896 2874 936 2938 ad
960 2895 1048 2939 aram
1072 2874 1243 2961 Laphystii
1266 2895 1334 2939 esse
1358 2875 1487 2952 ductas,
1513 2874 1566 2940 sed
1591 2872 1795 2941 volventibus

604 2983 695 3045 annis
717 2980 923 3063 moribusque
947 2983 1081 3045 mutatis
1106 2985 1235 3064 tempus
1258 2982 1445 3066 copiamque
1467 2982 1509 3046 iis
1532 2981 1630 3046 fuisse
1653 2982 1797 3065 praebita

604 3099 643 3151 ut
677 3086 756 3171 iuga
790 3085 919 3151 caedem
953 3086 1222 3172 subterfugerent.
1261 3088 1345 3151 Ante
1376 3085 1484 3153 oculos
1508 3088 1612 3173 igitur
1641 3087 1796 3152 habemus

606 3190 792 3274 exemplum
815 3190 895 3254 ucria
917 3190 1008 3254 acori.

650 3294 850 3381 Laphystius
880 3316 956 3360 vero
987 3294 1135 3380 posthac,
1166 3297 1213 3359 ita
1241 3294 1351 3360 sabula
1374 3298 1496 3383 pergit,
1522 3299 1609 3383 agris
1632 3297 1796 3361 vastandis

604 3405 687 3465 iram
710 3420 802 3464 suam
826 3406 962 3464 testatus
985 3400 1215 3465 Athamantem
1238 3403 1348 3485 ipsum
1367 3404 1526 3486 poposcit,
1548 3404 1603 3486 qui
1622 3402 1681 3467 hae
1700 3403 1796 3468 modo

605 3508 696 3592 lege,
720 3512 759 3570 ut
782 3504 885 3590 proles
909 3506 1021 3571 Phrixi
1044 3513 1145 3571 semet
1164 3509 1268 3591 ipsam
1288 3504 1430 3593 (lytisori
1448 3507 1554 3571 verbis
1574 3505 1632 3572 deo
1650 3506 1796 3572 laniendo

606 3617 755 3687 voveret,
787 3616 934 3675 servatus
966 3616 1024 3675 est.
1056 3613 1168 3676 Partes
1197 3613 1303 3698 igitur
1324 3609 1474 3675 Herculis
1496 3613 1530 3675 in
1554 3611 1719 3697 tragoedia
1742 3610 1798 3677 So

606 3716 738 3802 phoclea
772 3716 871 3780 fuisse
905 3716 1052 3781 videntur
1081 3716 1158 3792 hae,
1190 3721 1228 3780 ut
1259 3714 1416 3801 populum
1454 3714 1492 3779 de
1522 3715 1643 3781 Phrixo
1674 3722 1799 3782 servato

606 3824 774 3886 certiorem
806 3821 939 3898 faceret,
973 3820 1150 3906 Laphystio
1180 3841 1256 3885 vero
1286 3824 1339 3886 ius
1369 3822 1600 3905 sempiternum
1629 3824 1663 3885 in
1686 3821 1801 3887 Phrixi

605 3934 750 4012 posteros
770 3924 982 4010 polliceretur.
1004 3925 1142 4011 Mythus
1161 3930 1270 3989 contra
1289 3924 1451 4010 popularis
1468 3922 1656 4012 cytisorum
1674 3928 1799 4011 ipsum,

606 4031 721 4094 Phrixi
751 4029 875 4106 filium,
909 4036 946 4094 ut
969 4051 1067 4095 avum
1090 4029 1240 4095 liberaret
1264 4035 1296 4095 et
1319 4032 1553 4116 semetipsum
1576 4029 1633 4096 deo
1657 4030 1799 4107 offerret,

605 4135 737 4201 rediisse
760 4135 889 4199 ferebat.

653 4240 763 4315 Ritus,
788 4237 917 4323 qualem
942 4239 1108 4323 descripsit
1130 4237 1333 4318 Herodotus,
1358 4260 1438 4324 quas
1462 4240 1560 4304 fuerit
1583 4241 1633 4303 vis
1656 4244 1799 4324 tempore

607 4347 707 4409 etiam
737 4344 903 4421 historico,
935 4365 997 4408 non
1028 4344 1147 4408 frustra
1177 4346 1371 4429 quaerebant
1401 4351 1525 4409 veteres
1548 4343 1666 4409 harum
1689 4362 1798 4407 rerum

606 4452 734 4514 curiosi.
759 4447 851 4513 Plato
873 4451 961 4513 enim
983 4448 1065 4513 Min.
1091 4447 1156 4513 315
1181 4448 1235 4514 vel
1257 4452 1404 4536 quisquis
1428 4455 1539 4514 auctor
1560 4448 1658 4512 huius
1677 4446 1799 4533 dialogi

605 4562 655 4620 est
685 4552 867 4630 habendus,
899 4557 954 4639 agi
985 4554 1023 4617 de
1052 4553 1236 4619 hominibus
1267 4553 1476 4620 immolandis
1509 4554 1665 4617 sentiebat
1672 4569 1681 4628 ;
1706 4552 1800 4616 cuius

606 4661 685 4724 haec
715 4662 790 4722 sunt
821 4659 934 4722 verba:
968 4661 1040 4736 ἡμῖν
1072 4660 1129 4735 μὲν
1152 4662 1184 4724 οὐ
1209 4660 1299 4737 νόμος
1324 4659 1408 4724 ἐστὶν
1430 4656 1597 4738 ἀνθρώπους
1622 4657 1701 4722 θύειν
1723 4657 1798 4720 ἀλλ’

608 4766 737 4841 ἀνόσιον,
773 4762 969 4842 Καρχηδόνιοι
999 4762 1030 4829 di
1061 4764 1178 4829 ideam
1211 4766 1250 4837 aa
1280 4760 1358 4830 ὅσιον
1389 4761 1419 4827 ὅν
1452 4787 1481 4828 ν.
1495 4789 1523 4828 r.
1537 4776 1568 4827 λ.
1600 4760 1654 4827 nal
1684 4762 1728 4840 ab
1753 4758 1799 4826 das

610 4870 766 4952 βάρβαροι
798 4866 942 4951 ἄνθρωπον
975 4871 1057 4945 ἡμῶν
1088 4870 1197 4942 ἄλλοις
1226 4870 1328 4947 νόμοις
1351 4875 1504 4949 χρῶνται,
1529 4868 1617 4933 alati
1640 4865 1693 4933 καὶ
1718 4866 1744 4932 oi
1766 4865 1799 4931 iv
