5125 6150
944 828 1108 878 1111111111
1130 829 1448 879 mncsausssnusre.
1720 806 1784 875 317

596 993 701 1080 pellat
732 1015 765 1058 se
795 997 919 1078 ipsum:
950 995 1024 1058 hinc
1055 999 1137 1058 recte
1160 996 1321 1078 sequitur:
1347 992 1413 1073 ἔχει
1437 993 1498 1071 γὰρ
1523 1014 1552 1054 τι
1577 989 1627 1055 καὶ
1652 995 1784 1055 τοιοῦτον

596 1103 615 1174 ἦ
643 1102 703 1164 τῶν
727 1097 905 1179 παραδόξων
928 1099 980 1163 καὶ
1005 1100 1169 1176 όαιιμαςῶν
1195 1098 1374 1182 ὑπόσχεσις.

645 1310 705 1374 15
736 1334 766 1397 p.
793 1311 845 1376 16.
876 1311 974 1376 Ν1111
1006 1319 1055 1376 111
1086 1310 1204 1377 Graeca
1235 1312 1272 1377 de
1304 1315 1406 1376 initiis
1437 1332 1543 1376 rerum
1567 1311 1781 1375 Romanarum

593 1421 741 1496 historia,
761 1417 806 1483 ότι
827 1421 871 1494 μὴ
884 1419 1107 1500 κεφαλαιώδεις
1128 1419 1326 1496 ἐπιτομαὶ
1347 1419 1428 1483 πάνυ
1441 1419 1604 1499 βραχεῖαι.
1623 1417 1782 1482 luseram:

593 1526 743 1602 ἐπιτομαὶ
767 1524 924 1607 (μόναι).
949 1525 1039 1590 idern
1064 1527 1181 1589 vitium
1205 1525 1386 1610 Stephanus
1409 1527 1534 1589 sanavit
1557 1524 1572 1587 1
1595 1523 1616 1588 8
1640 1545 1670 1608 p.
1696 1522 1750 1587 23.

642 1737 666 1802 1.
696 1737 735 1800 15
761 1759 791 1821 p.
817 1736 868 1801 41.
894 1735 1033 1803 Cutiliae
1057 1737 1144 1801 lacus
1168 1743 1216 1802 est
1238 1740 1272 1801 in
1295 1759 1356 1822 quo
1380 1737 1514 1802 fluctuat
1537 1734 1658 1812 insula,
1684 1737 1779 1799 sicuti

592 1843 723 1907 Plinius
754 1844 864 1907 scribit
895 1842 936 1906 H.
961 1843 1000 1907 N.
1033 1842 1078 1907 111
1104 1843 1155 1919 12,
1188 1846 1240 1908 111
1265 1842 1348 1908 lacui
1373 1843 1466 1908 hodie
1489 1864 1603 1908 nomen
1628 1845 1675 1906 est
1700 1841 1780 1921 Lupo

599 1949 800 2030 Contiplicno.
825 1949 981 2013 Describit
1005 1955 1112 2013 autem
1136 1948 1311 2035 Dionysius
1337 1950 1387 2014 his
1415 1951 1520 2015 verbis
1547 1968 1640 2012 usus:
1664 1948 1781 2021 ταύτην

593 2057 666 2135 (τὴν
698 2054 820 2134 λόμνην)
851 2054 982 2132 ἔχουσάν
1015 2079 1044 2117 τι
1075 2055 1236 2132 θεοπρεπὲς
1267 2056 1348 2132 όεροὶν
1377 2061 1431 2127 τῆς
1456 2056 1552 2128 Νόκης
1576 2055 1602 2119 οἱ
1627 2054 1779 2134 ἐπιχώριοι

594 2160 748 2240 νομίζουσι
769 2160 820 2224 καὶ
841 2159 1061 2240 περιείρξαντες
1082 2159 1182 2240 κύκλῳ
1202 2160 1278 2235 ςέμ
1289 2185 1343 2237 μα
1354 2185 1391 2224 σι
1413 2165 1465 2225 τοῦ
1480 2160 1597 2235 μηδένα
1610 2161 1649 2238 τῷ
1663 2159 1781 2232 νόματι

595 2267 745 2345 πελάζειν
775 2266 933 2344 ἄβατον
964 2267 1185 2345 φυλάττουσιν.
1218 2267 1316 2332 Plane
1348 2289 1409 2331 non
1440 2270 1595 2353 perspicio
1623 2264 1779 2352 quomodo

594 2371 717 2437 infulae
746 2373 889 2437 homines
920 2372 1115 2437 avicularum
1147 2376 1247 2437 instar
1279 2394 1382 2438 arcere
1412 2376 1589 2458 potuerint;
1619 2372 1693 2437 hinc
1717 2393 1781 2436 cor·

595 2500 794 2544 correxeram
815 2481 1051 2557 ςαυρύμασι
1070 2481 1181 2543 Maean.
1205 2478 1291 2543 1893
1312 2501 1343 2564 p.
1365 2479 1447 2556 352;
1469 2480 1522 2545 111
1539 2479 1778 2565 quatuordecim

594 2588 687 2650 annis
718 2591 808 2661 1111,
841 2585 926 2670 quod
956 2607 1039 2650 nunc
1069 2587 1199 2650 demum
1230 2589 1384 2671 comperi,
1410 2587 1520 2651 eodem
1543 2586 1638 2652 modo
1661 2586 1781 2670 Diony-

595 2693 683 2755 sium
707 2698 874 2755 sanaverat
895 2692 1009 2756 Petrus
1033 2691 1166 2757 lacobus
1189 2692 1273 2757 Smit
1292 2696 1325 2757 in
1345 2693 1564 2757 dissertatione
1582 2692 1779 2758 Academica.

595 2797 667 2861 Non
692 2796 841 2883 intelligo
865 2819 920 2861 cur
943 2820 1023 2863 anno
1046 2799 1130 2863 1885
1156 2799 1301 2864 Iacobius
1323 2805 1391 2864 tam
1415 2800 1594 2864 evidentem
1618 2801 1786 2863 correctio-

595 2925 672 2967 nem
691 2923 731 2966 ne
750 2907 974 2969 memoraverit
994 2905 1140 2989 quidem,
1163 2926 1262 2990 quum
1284 2908 1442 2969 tamenin
1462 2907 1652 2989 praefatione
1672 2904 1783 2969 8111111

595 3012 792 3076 mentionem
823 3011 925 3074 faciat.
957 3010 1080 3097 Nempe
1112 3015 1262 3098 cognovit
1286 3018 1422 3098 quatuor
1445 3010 1682 3077 dissertationes
1706 3011 1782 3074 Aca-

596 3118 738 3183 demicas
761 3117 914 3182 Batavas:
939 3119 1050 3183 1111111
1075 3119 1160 3184 haud
1183 3140 1252 3183 raro
1277 3122 1383 3183 utitur
1402 3121 1435 3182 in
1454 3119 1654 3183 adnotatione
1673 3120 1781 3181 critica

594 3225 869 3289 observationibus
905 3223 1035 3290 Garreri
1069 3230 1100 3290 et
1135 3224 1293 3291 Reudleri.
1326 3224 1482 3290 Smitium
1513 3246 1574 3289 nou
1607 3226 1780 3308 inspexisse

593 3331 726 3395 videtur
748 3335 780 3394 et
801 3336 885 3395 certo
909 3335 1025 3395 certius
1049 3351 1225 3416 numquam
1249 3331 1331 3396 vidit
1355 3352 1429 3395 eum
1452 3333 1507 3416 qui
1530 3332 1564 3394 in
1588 3351 1779 3395 annumero

595 3443 729 3524 quartus
764 3443 828 3514 eet,
864 3438 1093 3502 Schwartzium
1127 3438 1213 3514 dico,
1250 3441 1305 3522 qui
1340 3439 1519 3524 fragmenta
1553 3436 1685 3524 collegit
1715 3458 1779 3501 non

596 3546 695 3609 huius
729 3542 876 3628 Dionysii
912 3544 967 3608 sed
1001 3544 1083 3607 Aelii
1115 3543 1279 3629 Dionysii,
1310 3547 1401 3608 cuius
1432 3544 1555 3609 lexicon
1585 3545 1778 3610 rhetoricum

595 3650 735 3714 Photius
766 3654 798 3714 et
821 3671 877 3735 per
899 3650 1053 3713 Photium
1076 3649 1189 3714 811111
1213 3652 1330 3733 partim
1355 3656 1438 3714 certe
1462 3651 1500 3714 ab
1523 3653 1657 3719 interitu
1680 3670 1782 3714 serva-

596 3762 722 3821 verunt.
753 3754 813 3820 Sed
843 3753 921 3820 illuc
945 3756 1045 3820 redeo.
1070 3754 1144 3820 Noli
1168 3757 1278 3820 mirari
1302 3756 1450 3820 confundi
1475 3756 1630 3822 vocabula
1654 3756 1781 3835 ςαυρός,

596 3862 767 3941 ςαόρωμα,
798 3861 899 3939 ςόμα,
932 3860 1111 3941 ςρότεομα,
1144 3869 1266 3939 ςρῶμα·
1299 3869 1422 3947 praeter
1444 3862 1589 3949 exempla
1612 3883 1691 3948 quae
1714 3859 1782 3926 illic

596 3967 712 4044 attuli,
743 3967 815 4032 vide
846 3967 1036 4046 ςαυρύματα
1067 3972 1099 4032 11
1129 3967 1279 4047 ςρώματα
1312 3969 1441 4033 confusa
1471 3969 1555 4054 apud
1585 3967 1782 4054 Polyaenum

596 4074 674 4140 VIII
693 4074 746 4139 23.
761 4072 798 4138 9;
822 4073 966 4154 γεφύρας
985 4073 1243 4150 διακεκομμένα,
1265 4075 1306 4138 τοὶ
1325 4075 1380 4151 μὲν
1401 4077 1594 4154 ςρόματα
1614 4072 1783 4151 πεπηγότα

595 4182 746 4262 ἐχούσης,
769 4181 827 4252 τὰς
852 4182 877 4246 δ’
901 4181 1001 4247 ἕπόνα
1026 4181 1148 4251 δοκίδας
1172 4182 1397 4261 ύφηρημένας,
1422 4184 1477 4247 ubi
1501 4182 1554 4248 vel
1578 4204 1656 4268 puer
1680 4204 1780 4248 emen-

594 4290 686 4354 dabit
715 4287 975 4367 1αυρόμασα.
1010 4288 1093 4353 Sunt
1123 4308 1233 4352 omnes
1263 4287 1337 4353 illae
1369 4288 1563 4374 corruptelae
1594 4289 1781 4374 repetendae

594 4397 637 4460 ab
668 4400 743 4458 noto
774 4394 976 4478 compendio,
1008 4415 1069 4479 quo
1101 4392 1209 4472 ςαυρός
1240 4396 1306 4458 iam
1330 4397 1506 4479 antiquitus
1529 4397 1624 4460 scribi
1648 4395 1780 4460 solebat.

597 4503 818 4578 Σταυρώματα
842 4505 1003 4585 praeterea
1025 4498 1198 4585 Dionysius
1221 4498 1397 4585 appellavit
1419 4499 1434 4564 I
1458 4500 1501 4567 26
1526 4523 1556 4586 p.
1583 4500 1626 4567 70
1650 4508 1682 4566 11
1705 4499 1780 4566 VIII

593 4607 640 4673 67
673 4629 702 4692 p.
736 4605 832 4671 1668.
869 4606 927 4670 Est
958 4610 1066 4670 antem
1089 4610 1156 4669 toto
1180 4604 1266 4670 coelo
1291 4606 1454 4672 diversum
1478 4609 1562 4692 quod
1586 4607 1697 4673 Strabo
1721 4613 1782 4673 tra-

594 4713 678 4777 didit
710 4711 746 4774 V.
773 4710 809 4775 3:
843 4711 886 4776 τόι
916 4711 945 4775 ἕν
974 4711 1137 4782 Κατιλόαις
1161 4712 1271 4792 ψυχροὶ
1297 4711 1416 4791 ύδατα,
1441 4716 1502 4794 ἀφ’
1526 4710 1562 4776 όν
1587 4716 1638 4779 καὶ
1663 4716 1781 4779 πόνοιοσι

597 4821 651 4885 καὶ
687 4816 898 4898 ἕνκαόόζοντες
933 4819 1125 4896 θεραπεύοντι
1162 4818 1273 4889 νόσους.
1311 4817 1460 4885 Ceterum
1494 4819 1600 4885 lacum
1634 4820 1685 4885 illi
1717 4843 1779 4886 non

597 4926 757 5002 ἄβατον
781 4925 964 5001 servabant,
987 4924 1040 4990 sed
1063 4925 1339 5002 ἀπρόσβατοι.
