5125 6150
980 802 1189 850 crunonmmr
1213 803 1278 850 sno.
1304 803 1448 850 nuncin.
1748 789 1811 852 159

615 966 783 1046 γνωμικίν,
815 967 1031 1044 α’λλνγορικὸν,
1064 967 1234 1044 παροιμία,
1263 968 1394 1045 οίπορία,
1419 967 1528 1045 λίνος,
1555 968 1758 1046 διηγημάτων
1782 978 1814 1035 01

617 1074 698 1159 quid
722 1071 805 1138 non?
829 1073 914 1136 haud
937 1092 1008 1136 raro
1032 1075 1130 1136 etiam
1154 1073 1252 1154 ι’ρείαε
1275 1073 1432 1154 scriptoria
1458 1075 1553 1136 certia
1571 1077 1746 1161 plerumque
1765 1078 1813 1139 ιιοὶ

615 1182 729 1264 paucis
759 1177 1016 1263 complectuntur
1046 1181 1221 1242 sententiae
1253 1187 1367 1262 caput,
1404 1179 1565 1243 cardinem
1599 1185 1812 1265 quaestionis,

617 1305 783 1350 summam
807 1305 915 1348 rerum
938 1286 971 1346 in
995 1286 1146 1347 orationis
1171 1289 1322 1347 contextu
1350 1287 1568 1368 expositarum
1592 1289 1663 1350 sim.

663 1391 734 1454 Iam
767 1410 878 1474 operae
903 1391 1044 1471 pretium
1067 1400 1115 1453 est
1138 1409 1212 1452 cum
1237 1387 1306 1452 loco
1329 1396 1437 1453 nostro
1462 1411 1649 1474 componere
1672 1392 1705 1455 id
1729 1391 1813 1475 quod

618 1494 717 1581 paulo
746 1515 842 1579 supra
865 1502 910 1573 (v.
935 1493 978 1556 22
992 1495 1158 1556 :Maca
1184 1492 1338 1573 111ε29)
1361 1499 1469 1558 narrat
1492 1495 1635 1559 Marcus:
1660 1495 1732 1560 lesu
1757 1495 1813 1562 Oa-

619 1603 788 1685 pernaumi
807 1602 841 1663 in
861 1619 1025 1685 synagoga
1044 1598 1189 1675 docente,
1210 1601 1333 1682 inquit,
1353 1598 1514 1662 auditores
1540 1600 1813 1684 „percellebantur

620 1728 717 1791 super
749 1705 892 1769 doctrina
922 1707 1007 1768 eius:
1041 1704 1171 1768 docebat
1195 1706 1281 1768 enim
1307 1724 1359 1767 eos
1384 1711 1420 1767 ut
1444 1709 1670 1769 auctoritatem
1694 1706 1812 1770 habens

618 1820 650 1876 et
685 1832 749 1875 nou
783 1818 819 1874 nt
854 1808 1008 1873 scribae''.
1044 1808 1124 1873 Ecce
1158 1810 1255 1873 verba
1288 1809 1420 1894 quibus,
1453 1811 1517 1873 uisi
1548 1813 1677 1897 egregie
1708 1809 1811 1889 fallor,

619 1915 783 2002 probabile
814 1922 862 1979 est
892 1915 1043 1979 lectorem
1075 1915 1248 1998 quemdam
1280 1914 1577 1980 annotatiunculam
1608 1916 1755 1981 allerissc
1777 1919 1811 1980 in

619 2024 706 2086 hunc
730 2021 881 2085 modum:

969 2124 1020 2188 καί
1046 2123 1268 2200 ἐξεπλήσσοντο
1295 2124 1344 2188 ἐπὶ
1370 2134 1408 2204 τῇ
1432 2123 1547 2206 διδαχῇ
1573 2127 1684 2190 αὐτοῦ·

703 2237 798 2300 διδαχὴ
816 2236 886 2293 naevi
968 2228 1002 2304 ἦν
1025 2231 1089 2309 γὰρ
1114 2228 1263 2294 διδάσκων
1286 2230 1399 2301 αὐτοὺς
1422 2232 1462 2302 ὥς
1486 2229 1625 2306 ἐξουσίαν

968 2335 1050 2415 ἔχων
1074 2336 1125 2399 καί
1151 2338 1211 2413 οὐχ
1236 2337 1275 2407 ὥς
1300 2336 1325 2399 01
1349 2344 1564 2412 γραμματεῖς.

619 2435 704 2515 Quid
727 2435 873 2522 deinceps
896 2440 1016 2504 factum
1040 2442 1083 2504 sit
1105 2439 1197 2505 facile
1217 2439 1441 2525 intelligimus.
1462 2439 1591 2506 Scilicet
1608 2434 1810 2508 librariorum

617 2541 763 2606 socordia
785 2564 872 2608 more
896 2566 953 2609 suo
977 2545 1135 2622 codicem,
1161 2551 1198 2609 ut
1221 2552 1288 2610 erat
1312 2548 1346 2609 iu
1370 2567 1424 2610 ora
1447 2547 1499 2611 hic
1521 2546 1588 2611 illic
1611 2551 1721 2632 paucis
1743 2553 1812 2633 qui·

620 2646 758 2711 busdam
788 2651 872 2712 notis
902 2652 1096 2728 instructus,
1120 2650 1258 2716 fideliter
1281 2672 1355 2716 sane
1378 2651 1432 2716 sed
1456 2651 1675 2738 negligentius
1698 2653 1812 2719 descri-

619 2753 783 2829 bentium,
816 2753 919 2818 futilis
950 2755 1215 2820 annotatiuncula
1244 2759 1278 2819 in
1302 2759 1448 2841 margine
1472 2760 1614 2841 primum
1639 2758 1810 2842 paululum

619 2857 798 2934 descendit,
824 2859 935 2925 deinde
958 2861 1155 2926 alienissimo
1179 2861 1264 2938 loco,
1290 2867 1327 2925 ut
1351 2862 1403 2936 fit,
1429 2865 1558 2947 irrepsit
1579 2866 1613 2926 in
1637 2870 1775 2928 textum.

663 3038 793 3105 Tertius
816 3041 904 3108 locus
927 3064 999 3109 mea
1022 3044 1152 3128 quidem
1177 3046 1334 3109 sententia
1355 3044 1524 3109 manifesto
1547 3045 1758 3129 interpolatus
1777 3049 1810 3111 in

617 3146 731 3211 eodem
755 3148 858 3212 Marci
879 3148 1058 3235 Evangelio
1081 3150 1202 3235 legitur
1225 3149 1285 3213 VII
1300 3170 1306 3214 :
1324 3149 1365 3214 18
1378 3171 1443 3234 seq.
1464 3155 1516 3228 (=
1533 3152 1647 3215 Matre.
1672 3151 1752 3214 XV:
1768 3150 1809 3217 17

616 3258 719 3335 seqq.)
752 3252 862 3328 „Nihil
892 3261 941 3319 est
964 3262 1054 3319 extra
1077 3255 1262 3332 homiuem,
1289 3255 1367 3319 dicit
1390 3256 1494 3327 Iesus.
1520 3256 1604 3340 quod
1627 3256 1810 3342 ingrediens

617 3361 651 3421 in
677 3378 752 3420 eum
776 3362 877 3442 possit
899 3380 974 3423 eum
1000 3358 1176 3444 polluere''.

834 3507 973 3575 Murcus
1424 3509 1629 3576 Mnunnsnus

665 3659 697 3722 οὗ
732 3665 826 3722 νοεῖτε
857 3655 902 3722 ὅτι
934 3663 998 3723 ποῖν
1030 3661 1065 3725 τὸ
1098 3657 1202 3733 ἔξωθεν
1307 3661 1339 3724 οὐ
1373 3668 1466 3723 νοείτε
1494 3657 1539 3723 ὅτι
1564 3664 1629 3723 ποῖν
1652 3660 1687 3723 τδ
1711 3662 1810 3725 είσπο-

617 3762 861 3841 είσπορενόμενον
894 3766 937 3835 είς
968 3765 1019 3828 τδν
1052 3762 1201 3844 ἄνθρωπον
1258 3764 1416 3842 ρενίμενον
1436 3766 1476 3835 είς
1498 3766 1533 3829 τδ
1553 3766 1675 3842 στίμα,
1697 3768 1738 3835 είς
1756 3769 1810 3840 τίρν

618 3869 652 3933 οὖ
685 3869 814 3933 δύναται
845 3870 939 3933 αὐτδν
969 3873 1127 3947 κοινῶσαι,
1156 3867 1200 3934 ίτι
1259 3869 1378 3933 κοιλίαν
1399 3879 1495 3951 χωρεῖ
1514 3871 1565 3934 καί
1587 3874 1627 3939 είι
1648 3871 1810 3950 ἀφεδρῶνα

618 3976 673 4038 οιίκ
704 3974 913 4054 εἰσπορεύεται
946 3977 1040 4040 αὐτοῦ
1073 3977 1114 4046 είς
1147 3978 1201 4049 τὴν
1260 3974 1456 4050 ἐκβάλλεται
1465 3978 1530 4051 ;το“ι
1544 3976 1574 4040 δὲ
1587 3977 1809 4053 ἐκπορευόμενα

618 4079 745 4156 καρδίαν
770 4083 843 4144 ἀλλ’
864 4082 907 4152 είς
926 4083 981 4154 τὶρν
1002 4081 1128 4161 κοιλίαν,
1149 4080 1202 4143 καί
1260 4081 1294 4144 ἐκ
1315 4085 1368 4143 τοῦ
1388 4080 1544 4155 στίματοι
1570 4083 1669 4155 ἐκτῆς
1683 4081 1809 4159 καρδίας

619 4186 662 4255 είς
707 4184 758 4247 τδν
804 4185 963 4263 ἀφεδρῶνα
1008 4185 1205 4262 ἐκπορεύεται
1267 4184 1448 4264 ἐξέρχεται,
1481 4188 1608 4249 κοίιιεῑνα
1641 4196 1731 4250 κοινοῖ
1758 4185 1809 4248 τὸν

619 4288 884 4372 [καίαρίζωνῆ
904 4292 1034 4354 πάντα
1052 4291 1101 4354 roi
1119 4290 1206 4369 βρώ·
1264 4288 1424 4370 ι’ίνίριοπον.

623 4398 769 4478 μαπα];
795 4394 903 4471 ἔλεγεν
928 4394 959 4460 δὲ
980 4392 1026 4461 ίτι
1048 4396 1082 4458 τδ
1104 4396 1138 4458 ἐκ
1158 4400 1210 4459 τοῦ

620 4502 774 4579 culpem
788 4501 1028 4580 ἐκπορευόμενον,
1043 4502 1135 4565 ίκείνο
1148 4524 1205 4565 κοι-

619 4614 666 4670 νοῖ
686 4605 737 4669 τδν
761 4604 920 4685 ἄνθρωπον.

654 4817 682 4880 1)
701 4815 852 4881 καίαρίζιιν
869 4815 965 4864 exhibet
983 4815 1159 4864 vetustissimus
1177 4815 1276 4878 quisque
1294 4814 1379 4870 00101,
1404 4812 1508 4879 καθαρίζ
1515 4830 1540 4862 τι
1557 4815 1607 4863 cod.
1626 4815 1704 4865 Βοοαο
1723 4814 1812 4865 Canta·

619 4900 745 4964 ίσίρίιιιιι
763 4913 822 4948 nec.
840 4897 889 4957 Vl;
908 4895 1039 4962 κιθαρίζοι
1058 4896 1112 4945 libri
1130 4912 1189 4946 succ.
1207 4895 1242 4945 lx
1260 4895 1422 4961 complusculi.
