5125 6150
951 846 995 893 AD
1017 847 1247 895 amsrorrranffl
1270 847 1407 896 Puuruu.

769 1013 804 1077 τὸ
828 1012 895 1077 καὶ
918 1012 1091 1090 ἀντιλέγειν

583 1121 656 1188 vel:
767 1120 802 1184 τὸ
825 1120 864 1185 ti
889 1116 1110 1195 ιιοὶντιλέγειν.

582 1225 720 1293 Confero
744 1231 853 1290 autem
874 1223 974 1289 'verba
997 1223 1152 1289 Medeae:

1094 1329 1183 1393 ἀλλὰ
1208 1335 1263 1401 τῆς
1289 1330 1365 1407 dalle
1390 1328 1506 1410 κάκης,

768 1438 810 1502 τὸ
835 1437 902 1502 καὶ
926 1435 1067 1513 προέσθαι
1091 1435 1271 1511 μαλθακοὺς
1295 1435 1405 1514 λόγους
1429 1437 1562 1517 Φρενοο]

632 1651 686 1716 Vs.
712 1650 788 1716 631.

767 1758 799 1821 τι
822 1756 847 1820 δ’
872 1754 965 1833 ἔστιν,
989 1751 1010 1818 ὦ
1033 1752 1185 1830 βέλτιστε
1209 1755 1267 1818 τῶν
1291 1758 1407 1818 σαυτοῦ
1431 1756 1548 1834 Oltam

766 1864 872 1944 <palm
896 1863 959 1940 γοὶρ
983 1859 1064 1935 darn
1086 1858 1227 1938 ἄγγελος
1250 1865 1388 1940 χρηστοῦ
1411 1884 1499 1932 τινος.

583 1971 709 2036 Vitiosa
739 1990 805 2034 esse
836 1969 913 2033 haec
943 1968 1057 2044 verba,
1092 1967 1209 2051 quibus
1239 1968 1438 2053 coryphaeus
1465 1965 1635 2033 Curionem
1659 1968 1778 2034 salutat

584 2076 682 2142 hilari
714 2075 812 2142 vultu
842 2074 998 2158 laetisque
1029 2074 1136 2138 verbis
1167 2095 1200 2138 se
1232 2073 1422 2151 adeuntem,
1454 2094 1515 2138 non
1548 2075 1704 2159 estquod
1729 2074 1779 2138 de·

583 2189 771 2249 monstrem.
798 2180 936 2268 Blaydes
960 2182 1143 2266 proposuit:

767 2287 799 2351 ri
822 2286 849 2350 δ’
871 2285 964 2365 ἔστιν,
989 2282 1010 2349 ὦ
1033 2285 1201 2365 (titurium
1227 2293 1292 2356 τοῖς
1318 2285 1422 2365 φίλοις
1447 2284 1574 2365 φράσον,

588 2393 660 2459 vel:
1226 2387 1327 2470 Φροὲζε
1350 2397 1413 2460 τοῖς
1437 2390 1552 2470 φίλοις.

584 2500 706 2565 Lenius
729 2506 761 2565 et
784 2504 915 2584 propter
936 2497 1000 2577 γοὶρ
1023 2496 1107 2582 quod
1130 2498 1276 2581 sequitur
1299 2496 1496 2581 probabilius
1520 2496 1755 2563 vHerwerdeu:

768 2606 799 2669 τί
822 2604 849 2668 δ’
872 2603 964 2681 ἔστιν,
985 2599 1005 2667 ὦ
1029 2603 1197 2681 βέλτιστε;
1222 2610 1285 2674 τοῖς
1310 2607 1425 2667 σαυτοῦ
1449 2603 1551 2678 Φίλοις

767 2711 874 2790 Φαίνει
897 2710 960 2787 γὰρ
985 2707 1066 2782 ἥκειν
1090 2708 1229 2785 ἄγγελος
1254 2713 1392 2787 χρηστοῦ
1416 2731 1504 2779 τινος.

584 2817 689 2897 Quam
716 2816 878 2881 duriorem
909 2821 1017 2879 tamen
1041 2836 1109 2879 esse
1137 2814 1308 2878 verborum
1334 2821 1547 2890 structuram,
1573 2819 1657 2879 certe
1682 2815 1779 2880 art'fi-

583 2925 703 2987 oiosam
734 2923 839 3006 magis
870 2940 967 3005 quam
997 2940 1077 3005 quaa
1105 2918 1279 2984 admodum
1313 2918 1452 3004 placeat,
1478 2940 1542 2983 non
1564 2921 1713 3006 negabit,
1740 2926 1778 2984 ut

583 3031 706 3114 opinor.
741 3026 943 3113 Quapropter
965 3028 1109 3111 auspicor
1133 3024 1197 3091 alia
1220 3027 1342 3091 ratione
1364 3024 1473 3092 locum
1497 3046 1565 3092 esse
1588 3026 1774 3092 sanandum.

584 3132 732 3201 Onnicci:

767 3240 798 3303 ri
821 3240 848 3303 δ’
873 3235 965 3314 ἔστιν,
989 3234 1010 3301 ὦ
1034 3236 1184 3314 βέλτιστε
1208 3244 1267 3302 τῶν
1291 3239 1360 3316 τρὸ
1385 3244 1453 3304 τοῦ
1477 3240 1594 3319 Oltam

583 3368 601 3409 o
633 3352 666 3409 tu
697 3344 749 3430 qai
781 3344 909 3426 optimae
938 3366 968 3407 er
998 3343 1124 3407 omnium
1156 3366 1228 3428 quor
1257 3367 1386 3428 unquam
1417 3345 1508 3408 dadai
1539 3346 1705 3412 amicorum.
1733 3381 1775 3394 -

582 3449 781 3515 Sublimiore
812 3452 924 3535 igitur,
957 3452 984 3513 si
1014 3470 1129 3514 verum
1161 3450 1247 3527 vidi,
1279 3451 1479 3537 coryphaeus
1509 3472 1610 3528 nuno,
1642 3458 1680 3517 ut
1707 3454 1776 3537 ipse

584 3554 694 3632 Cario,
720 3558 825 3620 utitur
847 3576 963 3641 genere
987 3554 1121 3620 dicendi.
1145 3554 1198 3620 sie
1223 3555 1420 3622 Philoctetes
1439 3556 1635 3640 Sophoclaus
1654 3580 1776 3626 novum

584 3660 741 3726 advenam
765 3660 959 3744 alloquitur:

766 3763 788 3830 ὦ
812 3768 911 3843 λῷστε
937 3773 1009 3830 τῶν
1033 3767 1124 3846 τρὶν
1148 3766 1291 3845 ἐντόπιον,

582 3870 695 3936 'Photis
715 3879 789 3937 noto
810 3870 945 3936 Homeri
960 3872 1028 3937 loco
1045 3872 1148 3937 filium
1166 3895 1262 3938 suum
1280 3876 1515 3952 ὠκυμορώτατον
1536 3874 1671 3938 ἄλλον
1687 3875 1775 3950 dicit,

581 3976 787 4064 Thucydides
818 3979 920 4063 operis
945 3980 996 4042 sui
1018 3980 1112 4043 initio
1134 3978 1257 4043 bellum
1281 3980 1586 4065 Peloponnesiacum
1611 3980 1775 4057 ἀξιολογώ-

580 4107 677 4147 τατον
700 4090 758 4148 τῶν
783 4084 1076 4163 προγεγενημένον
1101 4093 1203 4149 vocat.
1237 4083 1426 4151 Cuiusmodi
1449 4087 1588 4171 genitivi
1613 4108 1676 4151 non
1700 4090 1775 4150 sunt

574 4189 740 4272 partitioi,
766 4191 821 4254 sed
846 4193 949 4254 vicem
974 4189 1101 4252 ablativi
1125 4190 1260 4267 obeunt,
1285 4190 1391 4254 locum
1415 4192 1501 4254 anim
1525 4190 1668 4255 indicant
1691 4191 1774 4256 unde

581 4298 767 4361 instituitur
789 4298 998 4380 comparatio.

628 4506 680 4575 Vs.
708 4509 784 4575 641.
818 4546 860 4558 -
891 4509 1001 4574 Prima
1033 4511 1128 4575 verba
1159 4512 1269 4574 uxoris
1294 4508 1462 4597 Ohremyli
1486 4532 1523 4575 ex
1548 4511 1679 4578 aedibus
1702 4532 1774 4578 eve

579 4622 669 4681 catae
692 4617 769 4681 haec
793 4623 887 4680 sunt:

762 4721 809 4793 τις
834 4726 851 4798 ἡ
875 4721 934 4800 βοή
960 4723 1030 4785 τοτ’
1054 4721 1154 4801 dorin
1180 4715 1240 4801 ἄρα
1265 4723 1298 4798 γ’
1323 4720 1524 4800 ἀγγέλλεται

763 4829 897 4906 χρηστόν
921 4847 968 4899 τι;

577 4936 625 4998 sic
656 4941 740 4997 certe
771 4935 865 4998 habet
896 4931 1080 5010 liavennas,
1112 4937 1226 4997 invitis
1256 4938 1408 5000 numeris.
1441 4935 1476 4998 ln
1509 4934 1627 5000 Veneto
1641 4943 1698 5002 'est
1721 4930 1772 5019 οἶρ·
