5125 6150
1216 817 1358 865 11111113.
1836 801 1877 863 95

736 983 922 1062 Quondam,
944 983 1021 1045 durn
1043 982 1126 1046 Otho
1145 1003 1218 1046 cnm
1238 985 1365 1059 amicis,
1384 982 1481 1047 lautis
1499 984 1710 1060 senatoribus,
1735 983 1879 1068 epulaba-

687 1098 753 1166 tur,
778 1092 888 1174 gravis
912 1095 1000 1153 ortus
1025 1096 1073 1153 est
1091 1089 1352 1170 praetorianorum
1376 1088 1557 1165 tumultus,
1579 1092 1670 1153 cuiue
1690 1091 1766 1153 baec
1785 1110 1879 1154 causa

689 1203 774 1260 erat:
807 1195 971 1259 cohortem
1002 1195 1161 1279 quandam
1195 1194 1279 1258 Otho
1311 1195 1400 1260 Ostia
1433 1198 1638 1259 arcessiverat
1670 1198 1801 1278 eiusque
1833 1217 1879 1260 ar·

687 1301 822 1365 mandae
847 1322 956 1364 curam
981 1299 1127 1385 Crispino
1148 1302 1265 1363 tritono
1278 1301 1541 1382 praetorianorum
1561 1300 1700 1364 mandat.
1726 1300 1756 1363 Is
1776 1304 1879 1365 omnis

687 1407 835 1472 vitandae
859 1427 967 1470 morae
990 1426 1099 1482 causa,
1125 1414 1216 1470 nocte
1241 1409 1407 1491 negotium
1433 1409 1633 1490 exsequitur:
1655 1408 1720 1470 otio
1740 1409 1825 1470 enim
1846 1413 1878 1470 et

687 1517 791 1597 spatio
824 1534 903 1596 opus
935 1515 964 1575 ei
988 1518 1046 1576 est.
1073 1515 1115 1575 At
1139 1515 1194 1576 vix
1219 1521 1328 1597 aperto
1353 1514 1600 1576 armamentario
1624 1514 1817 1595 conspicitur
1839 1513 1878 1576 ab

687 1641 751 1683 uno
786 1619 950 1702 alteroque
985 1618 1105 1695 milite,
1142 1621 1197 1702 qni
1232 1619 1313 1682 ebrii
1348 1622 1379 1682 in
1416 1620 1579 1703 principiis
1610 1619 1809 1682 discurrunt:
1843 1619 1878 1682 hi

686 1734 805 1790 ceteros
837 1732 1027 1800 convocant,
1058 1746 1196 1808 quornm
1228 1723 1285 1788 alii
1322 1728 1419 1788 armis
1449 1728 1528 1788 visis
1560 1724 1663 1788 caedis
1687 1745 1877 1809 pugnaeque

686 1832 768 1895 liunt
803 1831 905 1906 avidi,
943 1830 999 1894 3111
1035 1831 1249 1914 proditionem
1286 1830 1472 1907 odorantur,
1510 1831 1544 1894 fit
1580 1852 1691 1894 rumor
1726 1831 1877 1895 adversus

688 1937 846 2000 Othonem
867 1939 984 2000 armari
1005 1943 1188 2000 senatorum
1210 1937 1368 2001 familias:
1390 1940 1463 2021 equi
1483 1936 1747 2012 conscenduntur,
1769 1937 1807 2000 ad
1821 1937 1879 2000 Pa-

686 2043 804 2107 latium
837 2042 1014 2107 advolatur.
1039 2041 1221 2119 Senatores,
1247 2045 1302 2126 qui
1326 2046 1423 2106 etiam
1448 2043 1532 2126 apud
1556 2042 1716 2106 Othonem
1742 2043 1878 2106 discum-

686 2151 783 2222 bunt,
809 2151 863 2211 vix
886 2150 1052 2212 saevitiam
1077 2147 1221 2211 militum
1246 2147 1413 2232 effugiunt.
1439 2149 1598 2212 Postridie
1622 2147 1705 2211 Otho
1724 2150 1757 2210 in
1778 2155 1877 2210 caetra

685 2258 775 2318 venit
800 2255 959 2334 praetorio
989 2260 1021 2317 et
1046 2254 1259 2334 praetorianos
1292 2253 1376 2317 male
1406 2254 1443 2317 de
1466 2257 1536 2336 ipso
1561 2252 1713 2317 sollicitos
1736 2256 1877 2317 oratione

686 2362 819 2444 mitigat
842 2367 905 2435 (res
929 2358 1050 2442 legitur
1075 2358 1158 2442 apud
1182 2357 1254 2422 Tac.
1281 2357 1366 2421 Hist.
1392 2357 1416 2434 l,
1441 2357 1484 2421 80
1497 2365 1588 2441 sqq).

733 2464 810 2542 Quis
833 2465 920 2527 bisce
943 2463 1061 2526 auditis
1084 2485 1148 2527 non
1171 2462 1327 2548 intelligit
1350 2462 1454 2527 nullas
1478 2465 1511 2526 in
1534 2464 1593 2528 hoc
1614 2462 1759 2526 tumultu
1780 2463 1877 2528 fnisse

692 2570 837 2631 Ostiensis
867 2569 1005 2632 cohortis
1037 2566 1163 2652 partes?
1197 2568 1257 2632 Illa
1288 2575 1398 2632 utrum
1423 2590 1459 2633 eo
1484 2573 1625 2653 tempore
1649 2567 1755 2632 Ostiae
1779 2570 1877 2632 suerit

688 2678 785 2738 etiam
815 2678 906 2738 auin
926 2673 1033 2758 aliquo
1054 2675 1143 2738 urbis
1161 2674 1231 2739 loco
1249 2673 1301 2739 vel
1322 2696 1417 2759 prope
1438 2675 1549 2739 urbem
1569 2677 1610 2738 sit
1630 2675 1796 2738 deversata
1814 2697 1875 2738 non

688 2781 849 2857 docemur,
869 2801 971 2864 neque
992 2780 1030 2843 ad
1049 2780 1129 2844 hanc
1150 2781 1277 2865 quidem
1299 2783 1513 2844 narrationem
1533 2779 1775 2865 intelligendam
1789 2781 1876 2865 quid·

689 2907 785 2971 qnam
814 2891 920 2950 nostra
944 2888 1022 2949 scire
1045 2889 1186 2949 interest.
1221 2884 1255 2948 ln
1279 2886 1387 2948 caetris
1404 2887 1570 2967 praetor-iia
1594 2891 1741 2951 oriuntur
1764 2888 1876 2951 turbae

686 2997 780 3067 istae,
806 3013 825 3056 a
847 2994 955 3054 castris
973 2992 1147 3072 praetoriis,
1173 3013 1253 3076 quae
1277 2995 1551 3068 31111311311311,
1578 2992 1741 3056 Palatium
1762 2998 1877 3077 petunt

686 3098 882 3179 praetoriani.
904 3098 946 3160 nt
966 3120 1004 3161 ne
1025 3100 1095 3181 quis
1114 3101 1250 3161 miretur
1262 3099 1319 3162 hoc
1332 3097 1405 3162 illos
1418 3102 1560 3182 spatium
1572 3098 1655 3182 equis
1666 3120 1819 3175 emensos,
1831 3102 1876 3162 in-

686 3206 798 3286 spiciat
806 3203 908 3267 Taciti
921 3225 946 3267 c.
958 3203 1001 3266 40
1014 3203 1156 3266 eiusdem
1169 3203 1252 3279 libri,
1267 3204 1322 3267 ubi
1335 3204 1371 3267 de
1384 3207 1592 3287 praetorianis
1604 3206 1680 3268 haec
1692 3211 1875 3268 narrantur:

732 3308 848 3371 Othoni
867 3312 984 3371 armari
1005 3307 1131 3390 plebem
1152 3309 1369 3372 nuntiabatur.
1395 3309 1443 3373 113
1464 3312 1650 3393 praecipites
1670 3318 1702 3373 et
1723 3331 1876 3394 occupare

687 3413 828 3497 pericula
858 3414 957 3476 iubet.
991 3413 1098 3497 Igitur
1129 3413 1249 3477 milites
1281 3414 1435 3491 Romani,
1468 3418 1558 3498 quasi
1584 3413 1796 3498 Vologaesum
1821 3424 1876 3480 aut

686 3521 843 3583 Pacorum
863 3521 951 3582 avito
971 3518 1195 3582 Arsacidarum
1216 3518 1293 3583 solio
1315 3519 1495 3604 depulsuri,
1517 3541 1552 3583 ac
1572 3541 1633 3584 non
1649 3522 1876 3603 imperatorem

685 3646 782 3688 sunm
813 3628 968 3688 inermem
1000 3631 1030 3687 31
1062 3645 1168 3688 senem
1202 3625 1359 3689 trucidare
1391 3631 1576 3710 pergerent,
1609 3625 1738 3690 disiecta
1767 3624 1875 3709 plebe,

685 3729 866 3814 proculcato
891 3735 1002 3792 senatu
1023 3734 1126 3792 truces
1147 3732 1263 3805 armis,
1286 3730 1387 3813 rapidi
1408 3733 1497 3814 equis
1517 3731 1622 3793 forum
1635 3733 1826 3814 inrumpunt
1843 3729 1875 3808 ¹).

730 3839 772 3899 At
800 3835 994 3898 Plutarchus
1023 3835 1108 3896 Ostia
1132 3834 1368 3899 tumultuantes
1391 3834 1463 3899 illos
1488 3835 1649 3900 advolasse
1673 3837 1792 3900 milites
1817 3843 1877 3900 tra·

684 3944 747 4018 dit,
781 3944 836 4025 qui
868 3963 955 4005 error
986 3949 1179 4024 quantopere
1212 3948 1313 4004 totam
1345 3943 1510 4025 perturbet
1534 3946 1746 4006 narrationem
1770 3945 1876 4026 quivis

684 4051 838 4112 coniicere
862 4052 974 4131 potest.
1006 4048 1049 4109 At
1073 4047 1230 4129 quomodo
1254 4055 1347 4111 natus
1369 4046 1423 4112 ille
1447 4046 1516 4112 est?
1539 4047 1667 4112 Scilicet
1686 4048 1770 4130 apud
1789 4046 1876 4110 Taci-

684 4165 754 4217 tum
786 4153 896 4237 legens
927 4156 1025 4215 urbem
1050 4176 1085 4215 ac
1109 4154 1265 4215 Palatium
1283 4161 1393 4234 petunt
1416 4176 1477 4219 non
1501 4153 1659 4217 intellexit
1682 4152 1875 4217 Plutarchus

682 4258 741 4321 hoc
774 4258 877 4321 dicere
908 4264 1070 4322 auctorem
1103 4279 1219 4322 suum:
1256 4262 1461 4335 „interiorem
1494 4267 1608 4343 petunt
1640 4259 1727 4322 urbis
1750 4265 1875 4342 partem

684 4369 779 4448 atque
803 4385 873 4429 earn
898 4364 953 4427 ubi
977 4362 1142 4428 Palatium
1166 4366 1235 4429 est’'
1260 4373 1293 4429 31
1316 4368 1360 4429 eic
1385 4386 1421 4429 33
1445 4363 1595 4429 vocabula
1619 4368 1717 4429 vertit
1736 4363 1874 4429 Graece:

684 4472 812 4544 ἤλαυνον
844 4470 886 4541 εἷς
920 4472 974 4540 τὴν
1007 4472 1124 4545 Ῥώμην
1155 4481 1250 4555 atque
1274 4467 1458 4556 Crispinum
1483 4471 1583 4532 Ostiae
1607 4470 1754 4534 vehicula
1778 4471 1876 4536 armis

685 4583 867 4640 onerantem
893 4577 969 4640 facit
983 4574 1017 4653 ²).

716 4834 742 4896 1)
761 4834 796 4881 Ol.
814 4836 880 4883 Suet.
900 4832 975 4881 Galba
997 4835 1039 4880 19:
1057 4834 1148 4896 equites
1165 4831 1250 4896 quibus
1268 4835 1378 4882 mandata
1395 4833 1475 4880 caedes
1492 4838 1552 4880 erat.

715 4919 742 4979 2)
765 4917 893 4965 Suetonius
914 4919 943 4965 0.
972 4918 987 4963 8
1012 4916 1143 4964 rectissime
1167 4916 1191 4965 iu
1217 4916 1354 4965 narratione
1371 4916 1399 4962 dc
1417 4915 1462 4963 hoc
1478 4915 1584 4964 tumultu
1604 4913 1751 4966 Ostiensiurn
1769 4917 1873 4967 militum
