5125 6150
1104 830 1277 880 HORRIOA.

726 995 779 1058 ιιοιὶ
803 994 918 1066 τόσσας
944 994 1052 1064 κυνέας
1074 994 1257 1074 χιολιιήοεοις
1281 993 1506 1063 ἱπποδασείας·

727 1099 780 1175 ’βῆ
805 1101 832 1164 δ’
855 1098 977 1176 ἵμενοιι,
1003 1099 1096 1174 μάλα
1122 1098 1147 1162 δ’
1171 1095 1236 1162 dua
1259 1098 1359 1179 <piper
1381 1107 1566 1177 μνηστῆρσιν
1591 1098 1692 1165 ἔδωκε.

586 1207 754 1271 Adccmdit
785 1206 881 1270 homo
911 1226 967 1291 per
999 1208 1101 1285 ῥῶγας
1131 1204 1204 1269 11111
1227 1207 1261 1267 11
1284 1205 1412 1269 aedium
1436 1207 1600 1289 superiora
1624 1206 1665 1274 εἰς
1689 1201 1785 1267 11111-

584 1337 665 1389 μονς
769 1332 910 1396 quonam
940 1308 1093 1375 oonsilio?
1124 1316 1160 1374 ut
1184 1310 1269 1374 sacili
1294 1309 1391 1375 alicui
1415 1309 1539 1394 puellae
1562 1309 1630 1374 illic
1654 1310 1785 1374 cubanti

581 1417 695 1484 oscula
726 1414 861 1502 figeretl
892 1414 1047 1481 Minime!
1082 1415 1136 1480 sed
1168 1418 1295 1500 sequior
1318 1422 1411 1500 poeta
1438 1452 1481 1464 —
1504 1415 1650 1502 simodo
1673 1421 1783 1500 poeta,

583 1546 663 1589 nam
694 1544 811 1588 venam
839 1524 999 1607 poeticam
1022 1523 1094 1605 quis
1118 1521 1256 1584 hicnon
1279 1541 1373 1606 aegre
1398 1520 1573 1586 desiderati
1599 1559 1642 1571 —
1666 1542 1783 1586 vocum

581 1627 800 1694 similitudine
835 1629 987 1711 deceptus
1019 1627 1177 1691 thalamos
1208 1632 1261 1690 σοῦ
1297 1627 1449 1706 impulere,
1475 1627 1531 1690 uhi
1554 1626 1781 1703 dormiebatur,

585 1756 664 1799 cum
689 1732 841 1797 thalamis
865 1732 1087 1808 inferioribus,
1112 1732 1167 1796 ubi
1191 1734 1276 1817 regis
1299 1733 1445 1797 iacebant
1468 1752 1562 1817 opes,
1586 1737 1693 1796 mente
1717 1752 1784 1817 per-

585 1841 721 1933 miscuit
729 1860 737 1916 ;
761 1841 871 1922 itaque
894 1836 1113 1902 Melanthium
1137 1839 1228 1901 misit
1251 1839 1293 1907 εἰς
1318 1836 1352 1900 rt
1378 1837 1527 1916 ὑπερώιον,
1552 1843 1590 1901 11
1613 1837 1713 1902 talem
1737 1857 1784 1901 ar·

585 1965 716 2010 morum
751 1946 819 2008 vim
854 1941 945 2007 illinc
979 1943 1102 2006 afferret
1137 1945 1241 2026 procis
1275 1941 1404 2026 qualem
1439 1941 1536 2007 homo
1572 1946 1783 2028 quantumvis

586 2051 740 2115 robustus
763 2069 826 2112 una
849 2054 935 2113 certe
958 2051 1028 2113 rice
1048 2068 1157 2112 secum
1178 2047 1302 2111 trahere
1321 2070 1383 2112 non
1404 2051 1528 2133 potnit,
1549 2051 1575 2111 si
1596 2051 1783 2133 praesertim

587 2177 646 2240 per
681 2158 833 2239 angustas
868 2152 991 2237 aliquas
1025 2154 1123 2217 rimas
1158 2155 1187 2216 ei
1219 2159 1302 2217 esset
1331 2153 1586 2237 perreptandum.
1617 2154 1784 2238 Numquid

586 2263 693 2346 igitur
724 2280 825 2323 unum
856 2257 1058 2343 alterumque
1090 2278 1219 2322 versum
1248 2258 1302 2321 hic
1336 2256 1498 2334 delemus,
1530 2260 1708 2323 Aristarchi
1732 2262 1783 2323 usi

588 2360 832 2430 observatione?
860 2363 930 2428 Non
954 2367 1017 2440 ita,
1043 2364 1098 2427 sed
1123 2365 1328 2449 agnoscimus
1351 2383 1421 2427 sero
1446 2366 1514 2427 nati
1537 2367 1675 2429 centoris
1697 2367 1785 2430 1111-

586 2469 798 2554 loqnentiam.
834 2469 927 2533 Nunc
961 2468 1101 2554 profecto
1136 2490 1194 2532 suo
1225 2490 1258 2532 se
1291 2470 1429 2553 strepitu
1460 2469 1565 2553 prodit
1595 2489 1702 2546 sorex;
1727 2475 1784 2535 aut

588 2574 719 2639 nullum
754 2580 802 2639 est
838 2574 1009 2638 discrimen
1042 2576 1125 2638 inter
1157 2572 1340 2658 simplicem
1371 2575 1463 2649 μῦθον
1495 2581 1550 2647 σῆς
1582 2575 1727 2649 ἀληθείας
1752 2580 1784 2639 11

589 2678 751 2765 ampullas
774 2681 995 2754 imitatorum,
1019 2683 1076 2742 aut
1098 2679 1150 2742 hic
1174 2681 1367 2762 agnoscitur.

636 2785 766 2849 Priscus
787 2794 896 2849 autem
916 2790 1027 2870 poeta,
1048 2786 1103 2868 qui
1122 2786 1246 2869 primus
1266 2786 1321 2858 τὴν
1341 2784 1430 2848 Tiro
1450 2786 1582 2862 cecinit,
1602 2784 1684 2848 nihil
1704 2787 1785 2849 eius·

588 2891 678 2957 modi
713 2894 746 2954 in
781 2910 814 2954 16
845 2890 1028 2954 admiserat.
1059 2887 1201 2954 Inermes
1233 2895 1269 2953 ut
1300 2894 1468 2974 occuparet
1496 2892 1647 2967 iuvenes,
1673 2889 1784 2955 Ulixes

588 3018 702 3062 eorum
725 3015 813 3060 arma
836 2997 963 3060 curavit
985 2994 1220 3059 abscondenda:
1246 3015 1330 3058 nunc
1354 2997 1388 3057 in
1412 2993 1555 3059 conclavi
1574 2995 1659 3059 unde
1678 2999 1785 3060 exitus

590 3102 701 3167 nullus
725 3106 775 3165 est
799 3104 860 3165 nisi
880 3121 937 3186 per
955 3099 1070 3178 limen,
1092 3099 1177 3184 quod
1195 3102 1264 3184 ipse
1285 3106 1387 3176 16161,
1409 3100 1491 3164 nihil
1510 3100 1589 3165 mali
1608 3105 1784 3186 suspicatos

589 3230 645 3273 eos
677 3209 833 3291 opprimit
863 3205 935 3271 16111
966 3209 1050 3283 suis,
1082 3212 1120 3269 ut
1151 3208 1294 3289 primum
1325 3211 1412 3270 tenet
1434 3226 1544 3270 arcum
1568 3208 1784 3291 sagittasque,

588 3316 658 3377 sine
681 3311 797 3396 quibus
821 3332 875 3375 eos
898 3310 1011 3375 ulcisci
1033 3332 1095 3375 non
1120 3312 1234 3395 potuit.
1264 3310 1350 3372 Solus
1375 3316 1484 3375 autern
1508 3332 1560 3375 eos
1585 3312 1784 3398 aggreditur,

588 3420 681 3483 venit
719 3418 806 3481 enim
844 3418 878 3478 in
909 3417 1048 3500 patriam
1079 3415 1190 3487 ὀλέσας
1223 3412 1287 3479 ἄπο
1318 3412 1441 3487 σοὶντοις
1474 3416 1625 3496 ἑταίρους,
1658 3415 1711 3482 111
1739 3419 1784 3481 111

589 3531 699 3588 tamen
723 3522 785 3586 sibi
808 3520 965 3585 sufficiens
996 3525 1102 3598 μοῦνος
1134 3520 1175 3583 ἑνὶ
1205 3519 1368 3584 πλεόνεσσι
1382 3519 1418 3600 1),
1447 3525 1565 3606 quippe
1592 3518 1634 3594 εἷς
1662 3529 1783 3588 πολλῶν

591 3624 750 3701 ι’ντοὶξιος.

637 3731 727 3795 Η161
749 3731 813 3796 fuit
834 3729 942 3795 sabula
965 3732 1148 3814 primitiva,
1173 3735 1240 3794 tam
1263 3734 1429 3816 perspicua
1453 3753 1550 3816 quam
1575 3736 1684 3798 nativo
1708 3753 1783 3817 quo-

589 3838 668 3903 dam
691 3837 823 3901 candore
845 3836 981 3921 placens.
1007 3835 1068 3900 Sed
1093 3836 1175 3920 qnod
1199 3836 1237 3899 de
1261 3834 1397 3900 Achillis
1421 3838 1516 3902 rebus
1534 3842 1635 3924 gestis
1655 3845 1784 3923 totoque

589 3942 678 4008 hello
703 3941 836 4006 Troiano
859 3963 961 4025 nuper
984 3942 1242 4016 observavimus,
1262 3940 1296 4003 id
1316 3940 1353 4005 de
1373 3940 1478 4006 Ulixis
1498 3964 1622 4028 quoque
1642 3944 1786 4007 facinori-

589 4050 652 4113 bus
686 4045 791 4111 valst:
834 4048 1001 4111 recentiori
1037 4048 1135 4110 aetati
1169 4043 1358 4129 simplicitas
1392 4045 1449 4111 illa
1484 4050 1634 4112 carminis
1648 4050 1783 4113 ,vetust'

589 4151 758 4227 sordebat,
791 4158 823 4214 61
856 4172 918 4235 quo
949 4156 1092 4236 tempore
1124 4149 1273 4215 credibile
1305 4171 1367 4214 non
1391 4151 1560 4216 videbatur
1581 4156 1727 4238 reginam
1751 4156 1785 4216 in

590 4259 703 4323 mariti
732 4254 875 4320 conclavi
906 4277 980 4320 cum
1011 4255 1135 4320 ancillis
1165 4255 1273 4319 lanam
1305 4255 1415 4320 fecisse
1429 4255 1465 4334 ²),
1497 4256 1592 4321 fidem
1617 4258 1787 4342 superabat

589 4367 643 4428 vir
667 4382 750 4425 nnus
773 4366 822 4425 tot
844 4362 1099 4426 adversariorum
1123 4368 1265 4447 stragem
1289 4361 1394 4426 edens.
1418 4360 1530 4426 Nonne
1553 4365 1678 4447 impetu
1702 4362 1786 4427 fecto

590 4469 725 4534 obruere
748 4488 823 4530 oum
846 4473 991 4551 poterant
1011 4488 1145 4532 numero
1165 4470 1352 4551 priusquam
1372 4466 1506 4548 alteram
1525 4471 1611 4532 arcui
1630 4470 1785 4554 sagittam

588 4579 755 4659 imponere
785 4571 911 4657 posset?
942 4572 1029 4659 Ergo
1059 4575 1137 4637 socii
1168 4575 1196 4636 61
1226 4572 1369 4636 adiuncti
1393 4581 1468 4637 sunt
1490 4572 1698 4638 Telemachus
1722 4574 1785 4638 Elu-

589 4699 703 4744 meeus
737 4675 917 4743 Philoetius
949 4680 1110 4763 armisque
1146 4679 1282 4754 muniti,·
1315 4677 1387 4742 dein
1418 4699 1494 4742 1611
1525 4682 1629 4763 procis
1660 4699 1784 4763 quoque

628 4924 653 4982 1)
671 4937 693 4982 χ
709 4921 747 4969 11.
1166 4919 1193 4981 1)
1213 4917 1265 4967 vu.
1284 4933 1337 4982 pag.
1356 4918 1412 4967 111.
