5125 6150
691 878 693 882 .
791 806 835 870 84
1168 824 1211 870 sn
1235 823 1467 872 smerornsrns
1489 825 1581 872 sves.

791 990 894 1069 Quam
918 993 1005 1054 vocis
1029 989 1160 1054 δαπέδου
1184 990 1322 1054 formam
1346 991 1402 1074 qui
1425 991 1524 1053 etiam
1548 988 1689 1055 Homero
1708 991 1886 1056 tribuerent
1902 990 1981 1057 olim

790 1097 906 1171 fuisse,
938 1103 1069 1181 apparet
1100 1116 1138 1160 ex
1171 1094 1361 1173 Aristotele,
1394 1096 1451 1161 ubi
1474 1095 1634 1182 Odysseae
1658 1117 1769 1161 versus
1793 1100 1850 1182 qui
1871 1102 1921 1162 est
1944 1097 1981 1162 de

789 1201 895 1287 lapide
917 1201 1068 1289 Sisyphi:

970 1303 1060 1379 αὖτις
1083 1306 1194 1372 έτεοτα
1216 1306 1341 1371 πέδονδε
1367 1305 1534 1372 ’κυλίνδετο
1557 1311 1641 1379 triac
1665 1309 1792 1384 ἀναιδής

791 1414 835 1478 sic
858 1413 1003 1478 affertur:

970 1515 1059 1592 οὗτος
1083 1520 1133 1585 ert
1159 1520 1334 1585 δάτεδέυδε.

792 1624 875 1690 Nam
907 1628 1115 1691 manifestum
1147 1635 1196 1692 est
1226 1649 1289 1691 non
1321 1627 1402 1690 hano
1433 1625 1485 1690 sed
1512 1625 1562 1688 ἕτὶ
1583 1622 1756 1690 Ζάτεδέυδε
1780 1625 1862 1691 olim
1884 1627 1981 1691 fuisse

791 1732 962 1797 lectionem
982 1732 1134 1812 alteram,
1155 1754 1235 1818 quae
1254 1755 1271 1798 e
1289 1732 1407 1797 litteris
1426 1737 1813 1813 ΕΠ(ε)1ΤΛῐ]ΕΔοΝΔΕ
1828 1731 1982 1798 facillime

789 1859 863 1903 sane
886 1842 992 1924 potuit
1014 1842 1110 1904 nasci.

833 2101 886 2165 Vs.
916 2100 1002 2167 1337
1015 2123 1082 2186 sqq,
1105 2105 1231 2166 iuvenis
1254 2104 1440 2186 supervenit
1462 2100 1629 2166 cantillans
1651 2104 1829 2166 canticum:

1060 2210 1210 2285 γενοίμαν
1233 2209 1336 2279 αἰετὸς
1361 2208 1535 2287 ὑψιπέτας,

1059 2315 1098 2384 ὡς
1123 2313 1160 2377 dcv
1185 2314 1349 2387 τοταέοέην
1373 2314 1446 2391 ὑτέρ
1470 2311 1642 2391 ἀτρυγέτου

1059 2423 1204 2497 γλαυκοῖο
1228 2419 1277 2482 ἐτ’
1301 2414 1398 2495 οἶδμα
1422 2419 1547 2494 λίμνας.

788 2522 931 2588 Vitiosus
954 2531 1002 2589 est
1024 2545 1135 2589 versus
1154 2525 1321 2589 secundus.
1346 2524 1390 2589 nt
1411 2523 1514 2589 levior
1538 2524 1668 2608 quidem
1692 2529 1741 2589 est
1762 2545 1860 2602 error,
1883 2547 1980 2610 quem

787 2629 923 2694 feliciter
942 2633 1080 2694 correxit
1099 2629 1252 2714 Blaydes‚
1271 2633 1309 2701 ἀο
1331 2630 1556 2706 ἀμποταθείην
1577 2630 1752 2696 scribendo.
1773 2629 1882 2695 Multo
1905 2654 1981 2697 vero

786 2739 921 2820 gravius
939 2742 987 2799 est
1007 2735 1092 2818 quod
1111 2735 1340 2800 animadvertit
1359 2734 1526 2812 Meinehe,
1545 2735 1717 2800 desiderari
1729 2737 1980 2803 substantivum.

786 2840 870 2905 Nam
890 2844 1015 2905 numeri
1040 2841 1275 2924 verborumque
1299 2841 1374 2904 ordo
1399 2842 1525 2905 obstant
1549 2844 1719 2925 quominus
1742 2845 1828 2906 inter
1852 2864 1885 2907 se
1910 2847 1981 2909 iun·

784 2966 918 3032 gamus:
952 2947 1025 3023 ὑπὲρ
1056 2950 1228 3022 ἀτρυγέτου
1258 2952 1424 3025 γλαυκοῖο,
1450 2968 1607 3012 memores
1632 2946 1784 3013 Hesiodei
1809 2958 1979 3026 »γλαυκῆς

785 3052 1030 3131 δυοπομφέλου”
1045 3051 1081 3133 ¹).
1103 3051 1172 3118 Non
1193 3060 1300 3118 tamen
1319 3052 1396 3118 lieet
1415 3056 1613 3138 acquiescere
1625 3053 1782 3119 Meinehii
1794 3058 1981 3123 coniectura

787 3157 860 3237 ὑπὲρ
893 3159 1056 3238 (αἰθέρος)
1088 3161 1276 3238 ἀτρυγέτου,
1307 3158 1383 3223 licet
1413 3159 1549 3224 aetheris
1580 3160 1745 3243 epitheton
1776 3164 1906 3244 epicum
1939 3166 1982 3227 sit

785 3266 953 3342 ἀτρύγετος
964 3286 972 3341 ;
994 3286 1057 3328 non
1077 3267 1162 3328 enim
1182 3287 1271 3346 anper
1291 3264 1452 3329 aetherem
1472 3264 1526 3328 sed
1539 3288 1598 3346 per
1617 3265 1779 3330 aetherem
1800 3266 1853 3331 vel
1871 3289 1980 3333 aerem

784 3368 920 3433 volatur.
943 3369 1055 3453 Itaque
1076 3370 1112 3432 δι’
1131 3371 1244 3448 αἰθέρος
1265 3370 1468 3434 scribendum
1488 3376 1585 3446 esset,
1606 3373 1669 3434 nisi
1688 3375 1796 3456 potius
1812 3373 1981 3439 videretur

784 3473 1016 3558 supplendum:
1051 3475 1212 3551 (τέττα)
1246 3474 1319 3554 irrep
1350 3475 1532 3554 ἀτρυγέτου.
1565 3474 1702 3540 Minime
1732 3485 1843 3541 autem
1867 3500 1979 3544 rarum

785 3599 852 3643 esse
875 3582 909 3641 in
934 3580 1072 3645 dictione
1097 3584 1219 3665 poetica
1241 3581 1343 3643 volare
1367 3581 1439 3659 ὑτέρ
1462 3581 1590 3658 τουτου,
1615 3584 1671 3645 vix
1695 3589 1742 3646 est
1766 3583 1851 3666 quod
1874 3585 1981 3651 ohser-

785 3705 860 3750 vem
874 3683 909 3765 ²).
929 3685 1042 3770 ltaque
1061 3689 1251 3771 praepositio
1271 3685 1344 3764 ὑπὲρ
1364 3684 1439 3749 licet
1458 3688 1491 3748 in
1510 3685 1626 3750 Aldina
1642 3686 1739 3762 desit,
1760 3690 1897 3753 minime
1909 3711 1981 3755 eam

785 3789 952 3854 delendam
983 3791 1062 3855 duco
1091 3799 1219 3856 auctore
1243 3791 1421 3867 Brunchio,
1446 3795 1501 3875 qni
1525 3792 1636 3855 deinde
1659 3796 1690 3855 in
1717 3814 1764 3856 vs.
1792 3792 1879 3858 1339
1908 3798 1980 3875 ὑτέρ

783 3892 881 3971 οἶδμα
914 3899 1040 3980 scripsit
1047 3918 1055 3974 ;
1090 3896 1257 3980 multoque
1280 3899 1388 3961 minus
1413 3898 1493 3960 facio
1517 3918 1591 3961 cnm
1616 3896 1768 3982 Bergkio,
1793 3901 1827 3962 in
1851 3897 1980 3984 ὕταρ(έ)

784 4022 856 4066 eam
880 4009 1036 4067 mutante.

830 4105 950 4171 Verum
974 4110 1077 4192 igitur
1100 4107 1198 4171 duco:

1100 4213 1250 4289 γενοίμαν
1274 4213 1376 4283 αἰετὸς
1404 4212 1577 4291 ὑψιπέτας,

1099 4320 1137 4388 ὥς
1164 4318 1376 4394 ἀμτοταθεέηυ
1401 4318 1513 4384 τέτταρ’
1538 4318 1612 4398 ὕτορ
1637 4321 1807 4399 ἀτρυγέτου

1100 4428 1247 4501 γλαυκᾶς
1272 4425 1321 4487 έτ·
1347 4419 1442 4500 οἶδμα
1464 4425 1585 4502 elnone.

817 4707 845 4770 l)
865 4708 924 4758 Hes.
942 4710 1030 4773 Theog.
1047 4711 1105 4758 440.

817 4789 846 4849 Β)
864 4789 934 4839 Pind.
952 4790 1023 4854 Pyth.
1041 4791 1068 4840 11
1089 4790 1136 4843 127
1155 4792 1238 4842 Aeseh.
1257 4795 1303 4859 Ag.
1323 4792 1370 4847 ild
1388 4793 1460 4859 Soph.
1479 4794 1516 4844 Δί.
1534 4793 1583 4846 702
1599 4798 1642 4845 Δτ.
1659 4796 1719 4846 Ros.
1740 4797 1804 4847 1488
1821 4802 1867 4850 etc.
