5125 6150
1119 823 1239 872 nrsrrs.
1362 826 1365 830 ·
1514 890 1517 894 Ι
1705 808 1770 874 433

584 990 646 1072 ζειν
671 997 703 1057 et
726 991 826 1076 Soph.
848 992 958 1055 Eleate.
984 990 1088 1056 1266:
1113 991 1141 1055 εί
1163 1015 1198 1055 σε
1220 990 1283 1061 tete
1309 992 1494 1070 ἐπόρισεν
1519 999 1572 1070 (ex
1594 996 1772 1059 certissima

583 1097 741 1164 Dindorfii
765 1098 998 1178 emendatione)
1023 1098 1162 1179 ἀμέτερα
1185 1099 1258 1178 πρὸς
1282 1097 1423 1178 μέλαθρα
1439 1095 1474 1179 ¹).

630 1300 685 1366 Or.
712 1301 727 1365 I
750 1304 767 1386 ξ
787 1301 831 1366 22
841 1322 848 1366 τ
881 1301 1017 1368 ἐκέλευον
1049 1301 1252 1368 συνδειπνεῖν·
1285 1303 1336 1368 καί
1356 1341 1432 1352 --
1451 1304 1631 1383 ἀναβάντες
1662 1307 1705 1378 είς
1736 1309 1770 1373 τί

583 1409 714 1491 ὑπερῷον
745 1409 946 1485 ἐδειπνοῦμεν.
980 1411 1082 1484 ἐπειδη
1116 1410 1147 1476 δέ
1182 1417 1282 1483 καλῶς
1316 1411 1423 1492 αὐτῷ
1455 1406 1549 1492 εἶχεν,
1582 1412 1690 1485 ἐκεῖνος
1714 1414 1770 1490 μέν

584 1517 685 1580 ἀπιὼν
710 1514 828 1597 ᾤχετο,
853 1517 912 1595 ἐγὼ
937 1516 962 1580 δ’
986 1516 1152 1583 έκάίενδον.
1176 1517 1285 1583 Multo
1310 1525 1392 1583 certe
1415 1521 1598 1584 concinnius
1621 1521 1771 1606 estquod

584 1624 732 1708 requiro:
757 1622 858 1695 ἐπειδη
882 1623 913 1687 δέ
938 1629 1039 1694 καλῶς
1064 1624 1133 1704 νῷν
1157 1620 1252 1704 εἶχεν.
1276 1625 1371 1690 Recte
1394 1625 1489 1691 hebet
1510 1627 1592 1707 αὐτῷ
1613 1625 1696 1712 §39,
1716 1626 1772 1692 sed

586 1748 622 1793 ea
652 1730 723 1813 ipsa
746 1729 964 1815 paragraphus
987 1752 1061 1794 cum
1086 1731 1144 1796 hac
1168 1738 1350 1817 comparata
1374 1731 1511 1797 ostendit
1535 1734 1618 1814 αὐτῷ
1642 1733 1697 1798 n.l.
1721 1733 1772 1797 ad·

586 1834 719 1900 modum
743 1838 839 1914 mire,
866 1844 902 1901 ut
923 1835 1086 1902 lenissime
1109 1837 1230 1915 dicam,
1255 1859 1321 1903 esso
1344 1844 1544 1924 usurpatum.

629 2055 683 2122 Or.
704 2055 720 2121 I
740 2055 835 2140 §24:
859 2057 1061 2139 εἰσερχόμεθα
1069 2107 1077 2137 ,
1098 2059 1292 2139 ἀνεῳγμένης
1313 2065 1367 2132 τῆς
1389 2054 1477 2138 ἀείρας
1498 2058 1549 2123 καί
1571 2059 1627 2123 ἀπὸ
1647 2065 1703 2132 τῆς
1721 2061 1771 2124 ἀν-

581 2163 697 2243 ἀράπου
709 2164 1009 2244 παρεσκευασμένης.
1024 2167 1127 2232 Miror
1139 2172 1172 2231 et
1182 2169 1250 2252 lpse
1263 2188 1336 2232 cum
1349 2166 1544 2233 FranckenIo
1556 2169 1676 2246 (Coum.
1686 2169 1770 2252 Lyra.

582 2292 613 2356 p.
639 2269 696 2349 27)
722 2280 943 2357 „praeparatas
968 2273 1082 2350 foras’'‚
1113 2274 1198 2358 quod
1221 2296 1283 2339 non
1308 2277 1414 2338 minus
1434 2277 1587 2340 vitiosum
1610 2277 1671 2339 erit
1696 2295 1771 2360 quo·

584 2380 673 2443 niam
706 2400 736 2443 v.
755 2400 781 2443 c.
813 2379 963 2460 τράπεζαι
988 2381 1275 2461 παρεσκευασμέναι
1300 2381 1475 2467 (Aristoph.
1499 2382 1612 2470 Ecolce.
1638 2381 1716 2461 839)
1740 2388 1772 2446 et

585 2488 692 2552 simm.
718 2489 894 2552 rectissime
918 2489 1076 2554 dicuntur.
1101 2490 1273 2574 Proposuit
1296 2492 1402 2574 itaque
1426 2493 1525 2554 eiecto
1545 2489 1621 2553 ἀπὸε
1642 2490 1694 2553 καί
1715 2495 1768 2562 τηε

585 2595 664 2675 ἀνίρ.
686 2595 992 2678 παρεσκευασμένης,
1013 2604 1050 2660 ut
1069 2600 1111 2660 sit
1130 2597 1256 2661 intenta.
1277 2595 1456 2661 Subdubito
1473 2596 1511 2662 de
1529 2596 1769 2683 significatione,

583 2707 613 2765 et
633 2704 681 2765 sic
700 2705 875 2786 composita
896 2703 1043 2788 periodus
1063 2705 1167 2769 nescio
1187 2703 1264 2789 quid
1282 2704 1410 2788 abrupti
1422 2709 1454 2768 et
1465 2703 1642 2768 indistincti
1656 2703 1770 2769 habere

583 2808 667 2872 mibi
691 2808 828 2873 videtur.
853 2809 889 2873 ln
910 2810 986 2894 quid
1006 2813 1092 2874 enirn
1111 2809 1260 2874 ancillam
1280 2812 1437 2874 intentam
1449 2808 1612 2874 dicamus?
1636 2808 1770 2876 Aldinae

582 2936 695 3000 margo
727 2917 777 2978 καί
810 2915 979 2980 delendum
1010 2918 1211 3002 proponebat.
1248 2916 1334 2980 Hinc
1364 2916 1444 2980 mibi
1475 2917 1609 2982 subnata
1632 2920 1770 3002 suspicio

582 3029 631 3087 est
655 3041 776 3100 annon,
800 3022 909 3108 paullo
933 3022 1026 3088 aliter
1048 3045 1145 3109 quam
1171 3022 1386 3089 Franckenius
1409 3021 1570 3089 iudicabat
1588 3023 1643 3088 sed
1662 3033 1770 3090 tamen

582 3150 621 3195 ex
644 3131 715 3194 eius
739 3133 912 3202 sententia.
939 3137 1043 3196 orator
1067 3131 1203 3196 dederit:
1229 3130 1423 3211 ἀνεῳγμένης
1447 3136 1501 3202 τῆς
1526 3131 1615 3210 ίιίραε
1639 3130 1695 3196 ext
1714 3139 1768 3206 τῆς

581 3237 736 3316 ἀνθρώπου
762 3236 864 3317 (πρὸς
897 3241 1034 3310 ταῦτα)
1065 3235 1373 3317 παρεσκευασμένηιε
1411 3259 1506 3313 „cum
1538 3239 1633 3301 ianua
1662 3243 1771 3322 aperta

581 3350 666 3410 esset
689 3366 707 3409 a
731 3344 866 3409 muliere
889 3343 961 3421 illa,
985 3346 1024 3410 ad
1046 3344 1105 3409 boc
1127 3348 1234 3430 ipsum
1259 3343 1441 3409 collocata’'.

632 3561 685 3627 Or.
706 3563 721 3627 I
740 3565 758 3647 ᾗ
778 3562 839 3628 42:
861 3564 1053 3640 καίτοιγε
1074 3563 1098 3627 εί
1121 3564 1266 3643 προῄδειν,
1288 3564 1341 3627 οάκ
1361 3560 1398 3627 ἀν
1419 3560 1491 3627 δοκῶ
1512 3578 1582 3628 κτλ.
1602 3563 1651 3629 Ita
1671 3564 1771 3630 edidit

583 3668 824 3747 Thalheimius,
855 3672 922 3755 ipse
954 3691 1085 3734 monens
1115 3667 1263 3733 similiter
1295 3668 1361 3755 legi
1393 3668 1445 3733 Or.
1468 3668 1575 3734 XXVI
1595 3670 1668 3755 §16
1692 3674 1770 3736 καί·

583 3801 700 3854 τοιγε
733 3778 825 3842 αὐτὸν
857 3779 954 3841 ἀκούω
985 3775 1082 3852 λέξειν
1115 3775 1184 3841 κτλ.
1216 3775 1300 3855 Quin
1332 3779 1429 3841 etiam
1461 3780 1595 3842 retinuil
1618 3778 1671 3843 Or.
1696 3778 1770 3844 VIII

583 3884 657 3968 §ll
684 3883 830 3962 καίτοιγε
855 3889 940 3960 σφῶν
963 3907 1009 3960 γε
1034 3884 1134 3947 αὐτῶν
1158 3884 1356 3961 κατηγόρουν,
1381 3883 1472 3948 orado
1496 3886 1571 3968 quia
1593 3888 1769 3951 orationem

586 3998 625 4057 ut
657 3993 789 4056 minime
820 3989 924 4055 dicam
955 3997 1136 4075 suspectam
1159 3989 1330 4055 iudicabat.
1362 3988 1433 4055 Non
1458 3988 1629 4055 admodum
1652 3994 1768 4069 miror;

586 4096 745 4165 Oobetum
767 4099 875 4171 miror,
901 4099 956 4182 qui
980 4103 1085 4161 tamen
1110 4096 1162 4161 Or.
1183 4095 1257 4160 Vlll
1276 4095 1346 4181 §11
1370 4102 1441 4180 post
1460 4095 1640 4161 Dobraeum
1661 4099 1768 4176 (Adeo.

584 4204 599 4269 l
625 4227 654 4290 p.
680 4202 888 4273 204=208t
912 4206 1032 4288 optime
1056 4203 1256 4280 emendavit,
1281 4225 1417 4288 orrmque
1441 4224 1477 4268 eo
1501 4203 1769 4281 Herwerdenum,

583 4311 599 4376 l
625 4312 643 4395 ᾖ
667 4309 707 4374 42
738 4317 770 4374 et
802 4309 909 4374 XXVI
932 4311 949 4393 ξ
970 4309 1011 4373 16
1043 4313 1076 4373 in
1108 4311 1302 4376 editionibus
1333 4312 1400 4374 suis
1425 4312 1563 4387 καίτοιγε
1586 4314 1768 4377 retinentes.

585 4416 809 4483 Controversia
839 4420 907 4502 ipsa
939 4423 986 4480 cst
1016 4418 1183 4482 notissima
1213 4438 1315 4502 neque
1347 4423 1383 4482 ut
1415 4438 1472 4502 par
1501 4425 1548 4482 est
1569 4417 1770 4483 Thalheimio

588 4572 782 4580 ——.—--

620 4649 646 4710 l)
669 4650 727 4696 Sero
750 4646 799 4695 vidi
822 4646 895 4695 etiam
914 4645 1091 4695 Helbertsmrm
1110 4644 1207 4709 πορίζσι
1225 4646 1355 4711 repperisse
1372 4645 1499 4710 (truanes.
1519 4644 1547 4695 V.
1565 4648 1589 4694 S.
1608 4645 1642 4695 xl
1659 4662 1683 4712 p.
1700 4646 1771 4709 208),

580 4731 644 4796 qnod
664 4738 744 4795 postca
762 4728 871 4777 abiecisse
888 4729 991 4788 ridetur,
1008 4727 1078 4776 credo
1095 4729 1158 4793 quod
1176 4729 1280 4779 alterum
1298 4728 1409 4778 dictionis
1426 4728 1558 4793 exemplum
1576 4727 1605 4777 ab
1621 4728 1686 4777 omni
1702 4733 1770 4793 parte

581 4814 661 4863 simile
683 4812 789 4878 proferre
814 4827 861 4860 non
884 4799 988 4860 babebat.
1009 4812 1059 4860 Nec
1077 4811 1136 4860 mibi
1154 4812 1179 4860 in
1197 4815 1309 4877 promptu
1328 4816 1375 4870 est,
1393 4816 1417 4860 et
1434 4818 1513 4861 tamen
1530 4809 1628 4861 verbum
1645 4826 1659 4858 a
1676 4812 1771 4876 palaeo-

582 4897 703 4962 graphiois
720 4895 852 4945 rationibus
869 4912 915 4944 non
935 4895 1011 4944 minus
1027 4911 1099 4959 quarn
1116 4912 1130 4944 a
1146 4896 1265 4946 sententia
1283 4896 1468 4947 commendabile
1483 4901 1507 4945 et
1521 4911 1583 4948 noue
1596 4894 1770 4959 συνεμπτάσνι

583 4979 716 5029 stabilitum
734 4978 801 5028 unice
819 4993 900 5028 verum
917 4993 966 5027 erse
982 4978 1097 5029 existimo.
