5125 6150
939 836 1107 885 1161116116
1131 835 1450 885 nemomuasssrsrs.
1725 815 1791 882 333

593 1004 682 1086 66111
713 1006 746 1066 61
777 1000 871 1081 μέχρι
903 1004 1020 1066 πολλοῦ
1052 1002 1167 1065 κλαίων
1189 1025 1225 1065 τε
1248 1001 1300 1064 καὶ
1325 999 1471 1079 περιέπων
1498 1006 1647 1077 κατεῖχεν
1671 1001 1795 1063 ἐκλελυ-

594 1107 701 1184 μένην,
739 1127 814 1170 oum
848 1127 910 1190 quo
944 1106 1013 1171 1666
1048 1109 1198 1172 66116111
1228 1105 1304 1170 VIII
1335 1105 1378 1169 54
1410 1128 1440 1190 p.
1476 1104 1573 1169 1632.
1607 1104 1641 1182 Q.
1674 1103 1792 1167 Fabius

594 1209 720 1277 Consul
743 1213 872 1294 copiosa
891 1213 1032 1276 oratione
1052 1211 1209 1296 populum
1230 1211 1270 1275 ad
1290 1213 1446 1276 virtutem
1465 1211 1660 1286 cohortatur,
1680 1208 1727 1272 IX
1749 1207 1791 1271 10

593 1338 625 1400 p.
663 1311 764 1391 1763,
802 1315 906 1379 πολλοὶ
942 1314 1065 1393 μεταξὺ
1103 1323 1160 1379 τῶν
1191 1317 1293 1391 λόγων
1324 1316 1440 1394 ε’κχέαν
1471 1313 1600 1390 texile.
1636 1313 1791 1377 Omnium

593 1426 707 1484 autem
741 1423 882 1484 maxime
912 1419 1119 1485 memorabile
1151 1424 1199 1484 est
1229 1419 1313 1504 quod
1338 1419 1376 1483 de
1400 1418 1500 1484 Siccio
1524 1418 1665 1504 legimus
1690 1417 1719 1480 X
1745 1414 1788 1479 45

593 1547 624 1610 p.
651 1524 754 1601 2112,
791 1528 848 1609 qui
878 1528 985 1589 iussus
1015 1526 1054 1590 ab
1085 1528 1277 1610 imperatore
1309 1531 1432 1589 certum
1465 1527 1577 1589 mortis
1608 1521 1787 1608 periculum

592 1629 701 1705 adite,
727 1631 884 1708 δακρύσας
916 1632 986 1701 τούς
1017 1654 1053 1694 τε
1084 1633 1217 1704 συνήθεις
1249 1626 1397 1702 ἅπαντας
1429 1629 1654 1704 ἀσπασάμενος
1685 1625 1786 1708 ᾤχετο

591 1734 666 1806 τοὺς
699 1736 896 1806 ὀκτακοσίους
927 1734 1038 1816 ἄνδρας
1070 1733 1155 1811 ἄγαν
1184 1742 1339 1814 κατηφεῖς
1372 1734 1424 1797 καὶ
1457 1733 1704 1812 δεδακρυμένους.
1729 1731 1785 1816 Sp.

591 1839 763 1924 Virginius
794 1840 995 1917 adulescens,
1028 1841 1058 1904 X
1091 1841 1133 1905 49
1165 1863 1195 1925 p.
1228 1841 1327 1916 2112,
1360 1861 1459 1924 quum
1492 1839 1615 1904 videret
1644 1836 1784 1903 sodalem

590 1966 692 2009 suum
727 1945 774 2009 M.
805 1945 934 2011 Icilium
968 1946 1007 2010 ad
1041 1951 1161 2010 certam
1196 1951 1335 2011 mortem
1369 1952 1480 2030 sponte
1515 1944 1785 2029 proficiscentem,

590 2057 704 2114 narrat
735 2051 796 2114 sibi
828 2052 954 2116 obortas
977 2072 1045 2115 esse
1067 2051 1215 2116 lacrimas
1238 2051 1292 2123 riv
1316 2049 1479 2129 συμφορὰν
1503 2053 1556 2112 τοῦ
1580 2048 1698 2127 ἑταίρου
1721 2071 1789 2124 προ-

591 2155 841 2234 ανακλατομὲνῳ.
877 2156 999 2235 Quibus
1034 2158 1152 2220 auditis
1186 2159 1356 2221 universus
1391 2155 1528 2240 populus
1564 2154 1603 2219 ad
1638 2153 1787 2217 lacrimas

590 2282 697 2344 usque
718 2266 899 2325 commotus
917 2262 989 2324 fuit.
1010 2259 1164 2326 Claudius
1185 2261 1358 2326 decemviri
1370 2266 1513 2345 patruus,
1527 2258 1574 2322 XI
1588 2257 1628 2321 15
1642 2280 1672 2341 p.
1687 2256 1786 2333 2192,

590 2369 702 2451 surgit
732 2370 766 2430 in
798 2372 910 2431 senatu
940 2369 1086 2445 κατηφὴς
1116 2367 1167 2430 καὶ
1192 2368 1306 2444 μεςοὺς
1331 2363 1410 2445 ἔχων
1434 2364 1504 2436 τοὺς
1529 2363 1709 2444 ὀφθαλμοὺς
1735 2362 1787 2425 δα-

591 2473 690 2551 κρύαν
721 2477 753 2535 61
776 2470 936 2557 significet
959 2493 992 2536 se
1015 2471 1181 2556 Regillum
1205 2472 1349 2536 secedere
1372 2470 1473 2546 16116,
1497 2473 1531 2533 11
1555 2469 1730 2533 decemviri
1753 2487 1786 2530 66

589 2580 732 2663 imperio
761 2577 917 2641 abdicent.
941 2577 1147 2641 Numitorius
1170 2576 1218 2640 XI
1243 2575 1286 2640 30
1310 2598 1341 2660 p.
1367 2575 1455 2639 2235
1481 2575 1657 2639 demisere
1681 2571 1786 2656 Virgi-

590 2685 667 2747 niae
699 2688 783 2745 sorte
815 2681 943 2745 disserit
974 2681 1251 2758 ἀνακλαυσάμενος
1282 2685 1337 2755 riv
1367 2679 1454 2760 ὕβριν
1487 2681 1528 2751 εἰς
1553 2677 1587 2751 ἣν
1611 2674 1743 2752 ἔμελλεν
1767 2676 1785 2748 ἧ

590 2795 671 2856 ταῖς
703 2786 976 2863 παραδοθήσεσθαι.
1009 2788 1075 2852 Nec
1106 2787 1230 2852 diverso
1260 2786 1372 2852 affectu
1404 2787 1534 2850 fuerunt
1565 2785 1620 2867 qui
1652 2784 1786 2846 circum·

590 2892 740 2966 stabant,
771 2891 818 2954 XI
844 2890 885 2955 35
917 2914 947 2976 p.
974 2892 1074 2969 2246,
1107 2892 1160 2955 καὶ
1193 2892 1235 2956 τὸ
1259 2901 1316 2966 τῆς
1340 2891 1440 2970 τύχης
1465 2890 1662 2953 ἀνεκλαίοντο
1686 2885 1786 2964 παροξ-

590 3013 696 3077 λογον,
733 2998 789 3061 ubi
822 2997 937 3061 malim
978 2998 1045 3061 τὸν
1085 2997 1264 3076 παράλογον
1301 2996 1477 3083 611611616,
1513 2991 1785 3081 quemadmodum

590 3103 799 3188 Thucydides
829 3103 917 3187 loqui
948 3104 1038 3168 solet.
1071 3103 1176 3182 Quum
1209 3125 1284 3168 1616
1309 3102 1406 3168 611616
1430 3104 1527 3187 Appii
1550 3102 1712 3185 virginem
1736 3098 1786 3161 ab·

591 3209 747 3286 ducebat,
772 3207 820 3272 XI
846 3206 887 3272 37
915 3231 945 3293 p.
971 3208 1071 3286 2250,
1096 3210 1122 3273 οἱ
1147 3206 1237 3273 ἄλλοι
1260 3211 1394 3280 ςένοντες
1420 3209 1471 3272 καὶ
1496 3207 1538 3271 τοὶ
1562 3205 1694 3281 μέτωπα
1715 3203 1787 3266 παί-

590 3336 680 3384 οντες
711 3313 763 3377 καὶ
795 3313 837 3378 τοὶ
868 3314 986 3387 δάκρυα
1018 3312 1166 3393 κατέχεον
1197 3316 1230 3379 οὐ
1264 3313 1426 3392 δυνάμενον
1456 3311 1651 3391 παρεχώρουν
1675 3311 1708 3374 ἔκ
1731 3317 1786 3383 τῆς

591 3421 725 3496 ἀγορᾶς.
761 3419 872 3503 Neque
904 3441 984 3504 opus
1020 3424 1068 3484 est
1099 3420 1202 3485 dicere
1233 3427 1357 3504 1611611
1389 3419 1575 3503 Virginium
1606 3421 1787 3501 1611611616

592 3522 681 3588 filiae
714 3523 808 3587 caede
844 3524 981 3588 ubertIm
1013 3524 1154 3601 11611666,
1187 3546 1261 3589 nam
1294 3525 1353 3589 hoo
1384 3529 1495 3609 sponte
1524 3525 1679 3607 sequitur.
1713 3520 1784 3595 sed,

591 3634 764 3714 postquam
794 3631 827 3692 in
860 3634 1263 3714 6661161611611111661,
1290 3633 1420 3714 exponit
1444 3628 1522 3714 quid
1545 3649 1651 3693 rerum
1676 3633 1783 3691 actum

592 3736 640 3798 sit
670 3739 703 3798 et
732 3735 921 3808 καταμαθὼν
952 3734 1189 3814 ὀλοφυρομένους
1217 3759 1253 3799 τε
1284 3735 1417 3805 πολλοὺς
1446 3735 1498 3798 καὶ
1532 3734 1715 3811 δακρύοντας
1740 3732 1783 3801 εἰς

594 3838 717 3907 insciae
740 3839 792 3901 καὶ
816 3838 931 3911 δεήσεις
957 3840 1057 3903 αὐτῶν
1080 3837 1240 3918 ἐτράπετο.
1264 3840 1408 3924 Denique
1430 3839 1510 3904 XIII
1533 3861 1564 3923 p.
1592 3835 1784 3902 19211161.

592 3942 754 4011 Camillus
784 3943 898 4008 urbem
928 3944 1100 4009 relicturus
1123 3945 1193 4017 τοὺς
1219 3945 1373 4025 παρόντας
1398 3944 1621 4019 ἀσπασάμενος
1646 3943 1787 4021 ὀλοφυρο-

592 4048 703 4127 μένους
728 4048 779 4111 eat
805 4049 990 4129 δακρύοντας
1014 4046 1072 4115 οἵου
1096 4050 1234 4130 §iperius
1258 4053 1400 4127 μέλλοιεν
1423 4051 1546 4129 οὶνδράς,
1574 4048 1679 4113 πολλοὶ
1701 4045 1787 4110 κατὰ

592 4162 655 4220 τῶν
678 4161 807 4234 παρειῶν
831 4156 925 4235 α’Φεὶς
950 4155 1066 4233 δάκρυα
1091 4158 1142 4220 καὶ
1167 4160 1221 4231 τὴν
1246 4162 1472 4236 κατασχοῦσαν
1492 4156 1585 4221 αὐτὸν
1605 4151 1787 4234 ἀσχημοσύ-

594 4286 648 4335 νην
673 4261 950 4339 ἀνακλαυσάμενος
976 4261 1174 4327 immortales
1198 4264 1271 4328 deos
1295 4271 1429 4328 testatus
1454 4270 1511 4328 est.

640 4368 706 4432 Nec
730 4371 837 4431 tamen
857 4370 964 4431 minus
984 4388 1130 4433 summae
1148 4368 1236 4434 laudi
1257 4369 1396 4446 ducitur,
1416 4372 1443 4433 si
1463 4371 1533 4453 quis
1553 4369 1667 4432 invicti
1686 4365 1787 4429 animi

590 4476 628 4536 11
652 4478 796 4537 extremo
820 4471 925 4537 dolore
949 4479 1057 4537 mente
1080 4472 1180 4539 solida
1203 4477 1292 4559 quati
1313 4497 1375 4540 non
1394 4478 1508 4559 potest.
1529 4474 1636 4537 Huius
1655 4473 1702 4535 rei
1722 4469 1784 4534 duo

590 4584 668 4641 sunt
691 4577 777 4661 apud
800 4577 993 4664 Dionysium
1017 4578 1173 4663 exempla.
1198 4578 1348 4645 Alterum
1373 4580 1466 4643 Bruti
1486 4585 1534 4644 est
1553 4583 1651 4642 etest
1671 4594 1784 4661 616166

590 4684 733 4767 pretium
767 4684 932 4769 integrum
967 4683 1075 4748 Iocum
1110 4684 1281 4749 lectoribus
1317 4706 1491 4769 apponere,
1527 4682 1555 4744 V
1587 4682 1607 4747 8
1639 4707 1670 4769 p.
1696 4680 1780 4746 862:

597 4788 670 4867 ὑπὲρ
702 4784 832 4851 ἅπαντα
855 4789 887 4852 δὲ
910 4790 953 4852 τοὶ
977 4788 1137 4867 παράδοξα
1162 4792 1213 4853 καὶ
1239 4791 1389 4867 θαυμαςοὶ
1412 4795 1465 4854 τοῦ
1490 4788 1593 4868 ἀνδρὸς
1618 4790 1653 4852 τὸ
1677 4790 1782 4859 ἀτενὲς

597 4901 651 4966 τῆς
683 4891 781 4970 ὄψιας
813 4892 864 4956 καὶ
896 4890 1050 4970 ἄτεγκτον
1078 4891 1128 4969 ἦν·
1154 4890 1184 4967 ὃς
1209 4919 1248 4972 γε
1273 4901 1331 4960 τῶν
1354 4894 1459 4958 ἄλλων
1482 4895 1629 4960 ἁπάντων
1654 4889 1715 4957 ὅσον
1738 4894 1780 4971 τῷ
