5125 6150
1179 819 1385 868 unumnmss.
1832 799 1874 865 73

728 987 866 1053 Frustra
890 987 1047 1052 desudant
1071 988 1132 1051 viri
1155 986 1238 1051 docti
1257 1006 1314 1072 per
1333 986 1464 1072 longam
1485 988 1683 1072 periphrasin
1704 992 1879 1072 utcumque

686 1094 820 1181 planum
844 1094 949 1160 facere
972 1100 1120 1159 conantes
1145 1092 1223 1178 quid
1247 1093 1374 1159 tandem
1399 1097 1442 1158 sit
1466 1095 1514 1158 θτί
1540 1095 1611 1166 τοὺς
1629 1095 1754 1172 βωμοὺς
1778 1091 1796 1158 θ
1801 1119 1881 1171 μυς

689 1202 869 1282 καθίζουσιν.
903 1200 1012 1266 Veluti
1044 1198 1212 1266 Goellerus
1241 1206 1412 1269 annotans:
1451 1202 1576 1278 „verbis
1612 1198 1692 1279 ὅμως
1729 1200 1878 1280 καθίζουσι

691 1308 763 1373 dicit
795 1307 875 1373 Th:
914 1309 984 1380 (etei
1007 1309 1090 1391 fides
1122 1308 1195 1369 doto
1218 1314 1283 1370 unt
1315 1308 1350 1369 αθ
1384 1307 1613 1371 Atheniensibus
1648 1308 1879 1385 incolumitatis,

693 1418 777 1479 donec
804 1414 900 1495 lepati
923 1414 1096 1494 rediissent)
1123 1412 1395 1475 nihilominus
1417 1413 1568 1494 supplices
1592 1415 1634 1476 υιθ
1655 1437 1725 1477 οταν
1748 1415 1880 1477 coneede-

694 1531 757 1586 -nnt
785 1531 817 1587 et
850 1520 1001 1586 similiter
1032 1518 1232 1586 Classenius:
1266 1520 1417 1600 „obpleich
1441 1520 1530 1583 ι’θιιιοο
1553 1522 1693 1585 scabiei
1716 1521 1879 1584 διὀθοοθοθί

696 1629 902 1710 npeeproclea
923 1651 986 1690 soar
1008 1650 1038 1690 ν.
1051 1649 1075 1690 a.
1089 1625 1159 1690 w.”.

640 1770 642 1801 ;
734 1733 814 1814 Quid
847 1735 908 1799 tibi
939 1732 1069 1797 videtur
1098 1735 1146 1796 mi
1175 1729 1295 1797 lector?
1326 1732 1431 1797 Unine
1462 1733 1612 1798 adverbio
1635 1754 1783 1819 perverso
1806 1733 1875 1799 loco

699 1843 875 1925 interposito
898 1845 947 1903 tot
971 1836 1200 1903 vocabulorum
1223 1841 1416 1904 sententiam
1439 1839 1615 1905 subiectam
1639 1860 1704 1904 esse
1729 1838 1878 1905 credibile

701 1946 756 2011 esti
791 1943 945 2013 (lancisae
981 1946 1131 2011 brevitati
1166 1945 1274 2010 studet
1304 1943 1381 2009 Th:
1417 1967 1510 2011 nemo
1541 1945 1645 2010 hercle
1676 1945 1877 2011 initiabitur.

703 2051 809 2117 lerum
833 2056 1015 2127 enimver0,
1040 2051 1127 2136 quod
1149 2049 1267 2115 alicubi
1287 2051 1369 2115 dixit
1390 2051 1674 2139 Wyttenbechius,
1696 2053 1879 2117 verbosius

704 2159 818 2246 singula
849 2160 913 2224 fere
943 2158 1079 2224 totidem
1109 2158 1223 2222 habere
1256 2161 1445 2236 sententias,
1477 2159 1511 2222 id
1541 2179 1615 2222 eane
1645 2158 1878 2244 quodammodo

703 2266 772 2330 cadit
806 2270 840 2330 in
877 2265 966 2330 fictas
1000 2266 1165 2329 conciones
1197 2284 1274 2348 quas
1306 2265 1457 2329 historiae
1488 2267 1684 2329 immiscuit:
1716 2269 1749 2329 in
1775 2269 1878 2351 ipsam

703 2393 797 2437 rerum
820 2380 987 2458 gestarum
1010 2372 1243 2456 expositionem
1267 2391 1330 2434 non
1353 2373 1443 2435 item.

734 2480 905 2545 Neminem
929 2499 1005 2543 vero
1029 2477 1291 2542 animadvertisse
1315 2484 1495 2542 monstrum
1514 2476 1659 2543 lectionis
1682 2475 1782 2555 ὅμως
1807 2485 1878 2563 post

699 2586 852 2662 θυμοὺς
871 2592 984 2649 natum
1004 2604 1072 2648 esse
1091 2604 1109 2648 e
1128 2581 1361 2668 dittographial
1383 2581 1451 2662 Quo
1464 2572 1598 2648 feliciter
1609 2583 1741 2668 expulso
1752 2584 1876 2670 gaudeo

699 2700 724 2756 et
744 2693 865 2778 volupe
890 2701 937 2757 est
961 2690 1042 2756 mihi
1066 2689 1172 2753 videre
1197 2697 1315 2774 quanto
1340 2688 1457 2754 melius
1481 2690 1629 2775 procedat
1652 2693 1761 2756 oratio.

733 2908 993 2993 fflcae5L

731 3019 817 3095 'eye
848 3015 905 3095 μίν
937 3011 986 3081 οὖν
1009 3015 1024 3079 θ
1049 3012 1183 3087 cirin)
1208 3015 1270 3093 ιθμι
1295 3024 1334 3097 τῇ
1358 3012 1541 3098 prolapsuri
1567 3015 1713 3096 θαυμάζω
1738 3019 1794 3095 μὲν
1819 3023 1878 3083 τῶν

689 3125 854 3201 προθέντων
888 3118 971 3193 αὖθις
1008 3121 1074 3200 περὶ
1108 3121 1325 3194 Μυτιληναίων
1359 3122 1464 3199 λέγειν
1499 3123 1549 3186 καί
1582 3121 1688 3204 χρόνον
1720 3124 1878 3204 διατριβὴν

685 3228 932 3307 ἐμτοινρσθντων,
956 3224 975 3293 θ
996 3227 1062 3291 ἔστι
1086 3230 1158 3307 τρθς
1179 3234 1236 3292 τῶν
1257 3228 1503 3302 ἠδικηκότων
1523 3234 1645 3304 μᾶλλον
1666 3267 1708 3279 -
1729 3228 1778 3296 db)
1802 3233 1853 3308 yde
1862 3256 1878 3312 ρ

685 3338 819 3400 ταθθιν
851 3337 893 3416 τῷ
922 3333 1069 3413 δράσαντι
1101 3333 1290 3418 ἀμβλυτέρα
1323 3345 1360 3416 τῇ
1393 3337 1466 3418 θργρῑ
1500 3335 1717 3417 ἐπεξέρχεται,
1754 3339 1877 3415 <rd>⁰)

682 3443 866 3520 ἆμιίναοθοιι
898 3440 928 3506 δὲ
960 3442 1001 3521 τῷ
1029 3443 1137 3505 παθεῖν
1161 3436 1206 3505 θτι
1232 3442 1399 3519 ἐγγυτάτω
1424 3444 1561 3519 κείμενον
1584 3446 1755 3508 utrinam
1779 3442 1877 3527 [dv]d)

683 3551 838 3628 μάλιστα
861 3551 915 3622 τὴν
938 3547 1086 3627 τιμωρίαν
1109 3546 1271 3624 λαμβάνει
1295 3586 1338 3596 -
1363 3550 1510 3629 θαυμάζω
1534 3549 1565 3613 δὲ
1589 3551 1654 3614 κτὲ.

718 3672 746 3732 ι)
776 3666 863 3724 (θεῖ)
885 3664 992 3723 lubrie
1007 3682 1070 3715 corr.
1090 3664 1183 3724 Naber;
1210 3666 1236 3728 b)
1255 3665 1321 3714 οθτα
1339 3667 1388 3728 γθιρ
1406 3666 1418 3715 θ
1437 3666 1518 3715 παθῶν
1536 3668 1578 3717 cit.
1596 3667 1752 3728 Doederlein
1780 3669 1805 3734 c)
1824 3670 1875 3718 add.

685 3752 773 3802 Naber
788 3750 843 3799 ooli
863 3749 986 3798 Plutarchi
1003 3765 1026 3813 p.
1045 3747 1138 3806 utam
1165 3748 1192 3811 d)
1209 3747 1255 3796 del.
1275 3749 1361 3797 Haase.

732 3865 821 3946 Quid
853 3864 981 3929 tandem
1013 3863 1193 3950 significent
1224 3885 1279 3928 vv.
1313 3863 1327 3927 θ
1360 3865 1423 3943 γοὶρ
1447 3865 1548 3929 παθὼν
1574 3867 1637 3930 ari.
1663 3872 1695 3929 et
1719 3865 1878 3951 quomodo

683 3996 764 4039 cnm
795 3972 954 4057 prioribus
985 3972 1170 4036 cohaereant
1205 3969 1378 4034 nemodum
1418 3970 1502 4054 quod
1540 3973 1637 4035 sciam
1674 3972 1880 4056 probabiliter

685 4078 871 4165 explicavit.
903 4075 1005 4143 Causa
1037 4078 1116 4153 fuit,
1148 4082 1186 4140 ut
1216 4079 1337 4160 opinor,
1362 4076 1445 4160 quod
1468 4083 1500 4140 et
1523 4079 1556 4140 in
1580 4099 1613 4142 se
1637 4078 1676 4142 ad
1699 4077 1880 4163 intelligen-

685 4188 768 4251 dum
793 4184 889 4270 panio
910 4186 1018 4247 minue
1037 4189 1147 4267 aperta
1166 4188 1242 4247 sunt
1261 4189 1292 4246 et
1313 4183 1433 4247 scribae
1452 4203 1555 4247 errore
1576 4186 1692 4247 vitium
1713 4203 1881 4265 concepere

685 4296 781 4358 cuius
813 4290 919 4355 sedem
950 4291 1107 4375 sagaciter
1135 4288 1344 4373 deprehendit
1367 4286 1564 4353 Doederlein.
1591 4289 1791 4372 Quamquam
1815 4286 1881 4351 noli

685 4419 765 4465 cum
789 4395 829 4461 D.
853 4395 960 4481 legere
983 4392 1168 4475 οὕτωγίιρ
1192 4395 1218 4459 θ.
1242 4419 1276 4459 τ.
1304 4415 1416 4459 verum
1440 4401 1584 4459 revocata
1608 4392 1764 4478 particula
1788 4414 1881 4479 nega-

684 4510 758 4571 tiva
782 4523 863 4588 quae
885 4503 1060 4567 sexcenties
1083 4504 1116 4564 in
1139 4499 1231 4565 libris
1254 4500 1390 4566 excidit:

963 4609 1045 4686 (οὐ)
1070 4607 1133 4688 γὰρ
1157 4608 1171 4670 θ
1195 4608 1298 4671 παθὼν
1325 4606 1387 4671 xri.

732 4716 806 4795 Quo
837 4716 918 4778 facto
947 4711 1056 4777 locum
1088 4713 1299 4778 difficiliorem
1323 4716 1355 4775 in
1379 4713 1462 4776 hunc
1487 4714 1549 4775 iere
1574 4712 1705 4777 modum
1728 4716 1880 4796 interpre-

683 4823 785 4888 tando
810 4819 1064 4903 explanaverim:

734 4927 829 5014 „Ego
854 4925 965 5002 ver0'’‚
984 4925 1063 4990 dicit
1082 4924 1195 5003 Cleon,
1218 4929 1272 5003 „in
1293 4946 1364 4991 mea
1385 4927 1518 5009 pristina
1539 4928 1693 4990 sententia
1714 4945 1881 5009 permaneo
