5125 6150
1226 841 1346 890 ursus.
1815 828 1880 894 373

690 1028 772 1091 quae
803 1006 856 1071 vel
888 1008 933 1069 sic
965 1027 1025 1069 non
1057 1007 1178 1090 optime
1209 1009 1375 1070 enuntiata
1405 1012 1496 1084 sunt,
1530 1046 1571 1055 —
1605 1011 1770 1094 oportebat
1794 1013 1881 1075 enim

688 1115 783 1177 initio
815 1114 1005 1177 sententiae:
1037 1111 1127 1189 περὶ
1159 1111 1230 1188 μέν
1263 1106 1326 1175 οὖν
1356 1113 1431 1176 τῶν
1463 1111 1648 1178 attactui
1674 1115 1880 1193 ἐπιτάξαντες

690 1215 922 1293 καταδέξασθαι
942 1217 1054 1287 αὐτοὺς
1074 1216 1211 1281 ἀδικοῦσι
1232 1231 1315 1294 κτλ,
1336 1254 1374 1266 -
1398 1217 1452 1282 sed
1473 1223 1581 1283 tamen
1601 1227 1638 1283 ut
1650 1224 1881 1286 sententiarum

687 1345 789 1388 nexus
813 1326 891 1388 satis
914 1322 1080 1388 commode
1103 1325 1224 1408 percipi
1244 1325 1354 1407 possit.
1374 1323 1424 1387 Ita
1444 1327 1528 1389 enim
1550 1328 1776 1392 ratiocinatur:
1799 1328 1883 1393 dicet

688 1429 821 1493 fortasse
852 1427 1024 1514 indignum
1055 1448 1122 1492 esse
1153 1430 1181 1491 si
1203 1427 1296 1492 index
1322 1427 1528 1506 mulcebitur,
1552 1431 1684 1496 indicati
1707 1433 1745 1496 ab
1770 1454 1806 1498 eo
1829 1455 1881 1519 op·

690 1536 770 1599 timo
789 1537 931 1599 civitatis
950 1537 1020 1599 iure
1040 1534 1197 1598 fruentur.
1221 1534 1283 1612 At,
1304 1536 1431 1598 etiamsi
1451 1535 1484 1599 hi
1504 1541 1609 1601 sontes
1628 1538 1760 1616 fuerint,
1782 1539 1880 1604 huius

689 1642 735 1704 rei
759 1639 852 1724 culpa
874 1642 908 1703 in
932 1661 985 1705 eos
1003 1639 1195 1704 redundabit
1213 1643 1269 1723 qui
1288 1660 1346 1703 vos
1365 1648 1403 1702 ut
1422 1662 1474 1705 eos
1494 1644 1676 1727 reciperetis
1695 1652 1878 1729 coegerunt.
1996 1648 2001 1659 '

687 1745 783 1810 Hunc
814 1767 889 1810 vero
920 1748 948 1810 si
978 1767 1053 1822 vos,
1085 1748 1141 1830 qui
1171 1767 1256 1809 nunc
1279 1748 1312 1809 in
1337 1745 1531 1811 democratia
1554 1750 1654 1812 vestri
1677 1751 1757 1814 iuris
1782 1753 1879 1828 estis,

687 1851 906 1916 misericordia
926 1853 1006 1915 moti
1025 1850 1214 1929 absolvatis,
1235 1874 1300 1915 οοι
1321 1851 1454 1916 deorum
1472 1851 1647 1918 vindictam
1668 1854 1878 1934 sustuleritis,

688 1979 750 2022 non
769 1956 835 2022 ulii.
861 1956 1015 2042 Supplevi
1037 1957 1245 2031 κατελεήσετε
1255 2005 1264 2035 ,
1286 1979 1349 2042 quo
1371 1958 1499 2023 tendere
1517 1959 1645 2025 videtur
1663 1963 1811 2025 insanum
1826 1961 1878 2026 aa}

687 2065 772 2127 inter
802 2070 989 2148 corruptum
1021 2055 1241 2142 irretiret,
1266 2063 1350 2148 quod
1373 2065 1509 2128 verbum
1533 2064 1584 2148 §3
1609 2066 1705 2131 huius
1728 2070 1880 2133 orationis

685 2166 808 2254 legitur
827 2172 861 2232 in
881 2168 1042 2233 consimili
1062 2172 1236 2246 sententia,
1258 2174 1297 2232 ut
1316 2174 1348 2233 et
1368 2171 1476 2233 sensui
1495 2169 1629 2234 satisfiat
1648 2177 1680 2235 et
1694 2170 1877 2237 litterarum

686 2271 843 2358 reliquiis.

736 2487 789 2552 Or.
803 2487 845 2563 VI
864 2490 882 2572 ᾖ
897 2487 953 2552 14:
974 2486 1143 2572 Sequitur:
1165 2487 1264 2551 καίτοι
1285 2486 1336 2550 καὶ
1358 2487 1388 2550 έν
1403 2487 1507 2567 Ἀρείῳ
1521 2488 1615 2569 τάγῳ
1630 2525 1662 2536 -
1675 2527 1709 2536 -
1723 2490 1878 2569 ὁμολογῶν

689 2592 1093 2675 pertinacissimoque,
1114 2592 1167 2657 έάι
1188 2592 1219 2657 δὲ
1240 2591 1432 2675 ἀμφισβητῇ
1446 2593 1634 2676 ἐλέγχεται,
1656 2595 1720 2658 καὶ
1740 2596 1877 2661 πολλοὶ

688 2699 800 2762 οὐδέν
824 2696 966 2774 ἔδοξαν
991 2699 1118 2776 ἀδικεῖν,
1141 2704 1328 2783 corruptum
1351 2704 1384 2763 et
1407 2701 1526 2784 ipsum.
1558 2699 1638 2763 Rem
1659 2703 1877 2780 notissimam,

689 2808 805 2868 nostris
836 2807 979 2870 moribus
1011 2808 1180 2890 sensuique
1213 2804 1307 2891 plane
1337 2813 1591 2889 repugnantem,
1624 2816 1879 2873 commemorant

689 2914 786 2976 etiam
816 2912 989 2976 Aeschines
1013 2912 1065 2976 Or.
1090 2912 1105 2975 Ι
1127 2897 1164 2996 ξς
1184 2911 1238 2986 91,
1265 2910 1348 2988 113;
1381 2909 1548 2975 Demosth.
1574 2911 1627 2976 Or.
1653 2912 1759 2977 XXIV
1783 2914 1877 2997 §653

689 3015 878 3082 Aristoteles
901 3026 976 3083 noa.
999 3020 1062 3081 ’st
1088 3037 1114 3081 c.
1135 3016 1177 3079 52
1198 3018 1216 3100 ξ
1238 3017 1265 3081 l.
1294 3015 1331 3079 In
1355 3016 1459 3081 verbis
1479 3018 1606 3101 requiro
1626 3018 1703 3092 <d>
1722 3019 1879 3097 ὁμολογῶν

686 3125 744 3199 μὲν
768 3123 893 3200 ἀδικεῖν,
918 3124 981 3187 fere
1004 3129 1041 3187 ut
1066 3120 1205 3188 Oobetus
1224 3125 1298 3207 qui,
1323 3121 1521 3186 adsentiente
1539 3122 1768 3203 Herwerdeno,
1790 3127 1877 3201 ὃαιλ.

687 3230 745 3307 μέν
771 3234 881 3302 <τις>
905 3228 1082 3304 inserebat,
1116 3234 1148 3292 et
1170 3226 1386 3291 Franckenius
1410 3229 1487 3300 <d>
1512 3229 1567 3301 μὲν
1591 3228 1746 3307 ὁμολογῶν
1770 3253 1880 3316 propo

687 3357 774 3400 nens.
799 3334 889 3413 Quod
913 3337 981 3418 ipse
1006 3333 1080 3398 volo
1104 3332 1367 3418 palaeographiae
1390 3333 1567 3396 rationibus
1591 3338 1697 3419 magis
1720 3340 1879 3414 convenit,

688 3462 808 3524 neque,
843 3445 881 3502 ut
911 3442 973 3503 viri
1004 3440 1089 3504 docti
1120 3460 1254 3521 censere,
1279 3438 1439 3513 videntur,
1471 3458 1489 3502 a
1520 3437 1651 3524 linguae
1683 3445 1804 3507 ratione
1828 3445 1879 3508 ab·

690 3547 805 3611 horret.
838 3545 923 3610 Satis
948 3549 1010 3610 erit
1033 3546 1210 3610 adscribere
1234 3545 1361 3608 Isocrat.
1387 3543 1439 3607 Or.
1465 3544 1485 3607 2
1510 3543 1604 3627 516:
1630 3541 1710 3617 ὄντος
1734 3549 1767 3612 ol
1790 3547 1879 3624 βέλ·

689 3676 822 3717 τιστοι
854 3652 926 3729 μέν
949 3652 1009 3722 τάς
1033 3652 1129 3728 τιμάς
1153 3649 1279 3728 ἕξουσιν,
1304 3649 1337 3713 οἱ
1362 3648 1387 3711 δ’
1412 3649 1531 3712 dator
1552 3650 1645 3725 μηδὲν
1669 3652 1876 3732 ἀδικήσονται,

689 3758 894 3843 eiusdemque
931 3758 984 3822 Or.
1019 3757 1037 3824 7
1069 3756 1168 3842 544:
1200 3755 1312 3827 εἰδότες
1344 3756 1420 3826 τάς
1451 3756 1625 3857 ἀπορίαςΙ
1649 3760 1720 3835 μέν
1745 3759 1794 3823 διά
1818 3760 1876 3829 τάς

689 3867 802 3942 ἀργίας
828 3864 1033 3942 γιγνομένας,
1058 3865 1130 3933 τάς
1156 3863 1193 3927 δὲ
1218 3862 1405 3938 κακουργίας
1431 3859 1482 3926 διά
1506 3861 1564 3931 τάς
1589 3863 1729 3947 ἀπορίας,
1750 3865 1806 3928 ubi
1826 3865 1878 3929 hio

687 3972 763 4036 ordo
787 3993 825 4036 ex
850 3980 899 4034 ΓΕ
927 3976 974 4035 est
998 3973 1165 4054 repositus.
1190 3968 1224 4031 ln
1247 3989 1333 4053 seqq.
1357 3989 1459 4053 neque
1483 3969 1580 4053 probo
1605 3969 1688 4051 quod
1713 3990 1750 4032 ex
1770 3970 1879 4034 Mark-

686 4076 773 4141 landi
804 4079 984 4140 coniectura
1015 4082 1047 4139 et
1078 4074 1132 4138 alii
1163 4072 1319 4138 dederunt
1349 4078 1381 4138 et
1413 4077 1616 4157 nuperrimos
1645 4073 1748 4137 editor
1776 4097 1878 4161 neque

687 4182 770 4267 quod
807 4180 962 4267 Taonro,
998 4180 1175 4257 Lobeclrio,
1208 4180 1373 4255 Scheibio,
1405 4178 1620 4243 Herwerdeno
1652 4178 1791 4264 placuit:
1825 4181 1875 4245 καὶ

687 4286 862 4351 ἀπολύεται
895 4286 977 4351 οὐδὲν
1008 4286 1097 4362 δόξας
1131 4285 1257 4362 ἀδικεῖν,
1290 4286 1349 4349 hoc
1377 4290 1538 4369 praeterea
1561 4305 1579 4348 a
1603 4285 1719 4350 tradita
1742 4286 1877 4353 lectione

686 4396 784 4457 nimis
814 4393 971 4458 recedens.
1004 4391 1122 4459 Oausas
1153 4392 1264 4457 reddet
1296 4391 1520 4455 Franckenius.
1553 4390 1676 4456 Multos
1706 4400 1878 4457 —orator

686 4501 792 4584 inquit
811 4536 854 4547 -
873 4502 1016 4564 insontes
1039 4498 1177 4563 absolvit
1200 4498 1396 4581 Areopagus,
1422 4494 1536 4560 vel-
1559 4497 1756 4562 Lobeelu’um
1780 4502 1807 4562 si
1831 4520 1876 4563 se

686 4609 817 4690 quimur
841 4643 882 4655 -
907 4612 940 4670 et
969 4608 1025 4689 qui
1053 4607 1162 4669 insons
1185 4609 1330 4689 repertus
1353 4606 1401 4665 eet
1424 4601 1610 4666 absolvitur.
1636 4603 1746 4679 „Nihil
1770 4609 1818 4666 est
1840 4606 1875 4667 in

683 4711 750 4787 his,
772 4732 828 4775 cur
847 4716 914 4775 tam
936 4711 1143 4796 magnificum
1161 4711 1320 4793 Areopagi
1334 4709 1538 4792 praeconium
1551 4709 1773 4792 proferatur-
1791 4746 1822 4755 —
1835 4718 1867 4756 ’-

685 4816 768 4896 Quid
799 4821 884 4881 enim
910 4819 982 4902 quis
1006 4815 1093 4879 aliud
1118 4836 1136 4879 a
1159 4817 1272 4900 quovis
1296 4818 1494 4899 exspectaret
1517 4811 1673 4878 iudiciol‘'
1699 4812 1876 4893 (Francken

685 4921 719 4988 O.
746 4923 781 4986 L.
808 4945 838 5007 p.
864 4922 933 5001 ta.)
965 4923 1131 4986 Praeterea
1162 4923 1261 4985 miror
1291 4918 1375 4983 unde
1406 4918 1542 5003 pluralis
1573 4926 1700 5003 repente
1732 4925 1874 4998 venerit,
