5125 6150
960 1386 1033 1475 ΑΙ)
1063 1386 1427 1476 ΟΗΑΒΙΤΟΝΕΜ.

1132 1591 1256 1634 sommia·
1268 1606 1270 1610 ·

1057 1741 1089 1808 S.
1115 1744 1153 1807 A.
1177 1742 1332 1809 NABER.

1103 1985 1288 2021 asmo·-

641 2195 801 2262 Ἀελπτον
821 2196 882 2264 ε’ςιν
904 2194 986 2260 οὐδὲν
1006 2195 1067 2260 οὐδ’
1086 2195 1264 2273 ἀπώμοτον·
1285 2196 1420 2261 vixdum
1439 2197 1571 2263 lectores
1583 2201 1616 2262 in
1629 2202 1791 2283 superiore

598 2304 830 2389 Mnemosyncs
862 2299 1014 2366 fasciculo
1045 2321 1234 2387 cognoscere
1264 2307 1455 2386 potuerunt,
1487 2326 1567 2389 quae
1591 2305 1790 2389 disputaram

594 2410 632 2474 da
668 2407 853 2476 Gharitonis
888 2408 1070 2493 fragmento
1101 2406 1249 2471 Thebano
1281 2429 1389 2473 recens
1420 2416 1545 2493 reperto
1560 2408 1585 2490 ¹)
1617 2416 1666 2483 et,
1700 2430 1788 2486 ecce,

595 2524 668 2600 post
702 2515 933 2579 brevissimum
964 2511 1174 2576 intervallum
1206 2512 1333 2577 fortuna
1362 2517 1481 2578 iterum
1514 2515 1594 2579 favit
1625 2513 1789 2581 Charitoni

595 2621 808 2704 omnibusque
844 2619 952 2694 nobis,
994 2620 1050 2703 qui
1084 2639 1147 2684 non
1183 2618 1396 2704 dedignamur
1430 2623 1464 2684 in
1500 2619 1558 2685 illo
1594 2618 1789 2686 Graecarum

594 2726 783 2790 litterarum
813 2722 933 2809 angulo
963 2726 1093 2787 versari.
1126 2721 1189 2787 Res
1213 2730 1261 2787 est
1286 2725 1452 2789 eiusmodi.
1478 2724 1569 2804 Quod
1592 2729 1716 2810 copiosa
1739 2747 1789 2791 sx-

596 2833 729 2916 ponitur
752 2833 785 2893 in
807 2829 889 2894 libro
913 2831 1097 2913 nuperrime
1121 2828 1206 2892 adito
1230 2831 1282 2892 cui
1303 2829 1438 2894 titulus:
1467 2831 1567 2914 Epppt
1589 2831 1790 2911 Ecplorctim

596 2938 695 3000 Fand.
735 2935 976 2998 Graeco-Roman
1010 2935 1144 2999 Brencb.
1180 2934 1291 3018 Faprim
1330 2936 1431 2999 Torone
1462 2939 1525 2999 aad
1554 2937 1632 2999 their
1663 2937 1788 3020 Papyrc'.

596 3042 645 3126 By
669 3042 707 3105 B.
729 3041 765 3104 P.
784 3039 937 3126 Grcnfell,
962 3043 999 3104 A.
1020 3040 1049 3103 S.
1071 3040 1159 3103 Hunt
1182 3042 1245 3103 and
1266 3042 1306 3105 Ι).
1324 3043 1359 3104 G.
1378 3041 1527 3122 Hoparth.
1552 3042 1676 3105 London
1692 3040 1788 3121 1900,

594 3148 657 3212 duo
689 3146 837 3210 Britanni
868 3145 1029 3229 perdocti,
1062 3144 1265 3230 Hogarthius
1297 3154 1329 3212 et
1353 3144 1553 3223 Grenfellus‚
1579 3149 1684 3212 hieme
1708 3168 1788 3233 quae

594 3253 660 3316 fuit
689 3271 719 3314 a.
746 3247 894 3335 1895s96
925 3251 959 3312 in
987 3252 1176 3335 Aegyptum
1200 3251 1335 3335 profecti
1358 3260 1483 3336 partem
1507 3251 1712 3336 explorarunt
1736 3258 1788 3317 τοῦ

593 3357 781 3435 Ἀρσινοΐτου
806 3361 912 3433 νομοῦ,
937 3358 992 3441 qui
1016 3357 1106 3432 νομὸς
1129 3356 1306 3421 secundum
1329 3355 1518 3423 Strabonem
1539 3356 1708 3442 aliquando
1727 3359 1790 3422 fuit

593 3462 846 3541 ἀξιολογώτατος
877 3463 934 3524 τῶν
966 3461 1113 3524 ἁπάντων
1145 3458 1231 3526 acaci
1263 3486 1298 3525 τε
1330 3464 1384 3535 τὴν
1414 3461 1483 3540 ὄψον
1516 3463 1568 3527 nal
1601 3465 1654 3535 rto
1678 3465 1789 3541 ἀρετὴν

593 3569 647 3632 nal
673 3568 728 3638 τὴν
753 3568 961 3637 κατασκευήν.
986 3564 1098 3650 Itaque
1122 3566 1200 3630 dum
1224 3566 1389 3651 complura
1412 3565 1480 3631 loca
1503 3567 1649 3652 deinceps
1668 3569 1790 3634 effodie-

591 3676 689 3750 bant,
720 3676 981 3750 οοοχοορυχοῦοτεο
1014 3671 1143 3735 tandem
1173 3693 1270 3756 prope
1301 3674 1354 3743 rin
1381 3675 1568 3747 Ἀρσονοῖτῶν
1593 3677 1661 3739 sius
1686 3684 1790 3752 Κροκο-

590 3782 700 3845 δείλων
725 3778 814 3842 πάλιν
837 3780 870 3840 in
895 3780 984 3854 vico,
1009 3780 1062 3842 cui
1085 3798 1200 3841 nomen
1225 3778 1359 3854 Καρονὶς
1383 3778 1506 3843 fuit-
1528 3779 1622 3843 hodie
1645 3787 1693 3843 est
1715 3778 1789 3842 Korn

598 3885 704 3948 Uelina
724 3904 862 3948 —cum
886 3882 949 3948 alia
971 3881 1077 3948 multa
1100 3881 1268 3948 volumina
1291 3905 1467 3970 papyraceo
1486 3898 1686 3970 repererunt,
1708 3906 1789 3969 quae

590 4011 677 4055 nunc
697 3987 780 4052 nihil
799 3988 839 4052 ad
857 4009 932 4064 nos,
954 3994 1026 4052 tum
1038 4009 1140 4052 unum
1154 3987 1268 4052 folium
1281 3989 1384 4052 tribus
1396 3988 1553 4053 columnis
1565 3992 1788 4074 perscriptum.

589 4096 702 4160 Huius
732 4092 802 4157 solii
834 4093 972 4158 editores
1001 4094 1152 4159 exhibent
1175 4093 1423 4179 photograptam
1448 4097 1643 4179 imaginem,
1668 4097 1701 4156 in
1727 4113 1789 4176 qua

589 4201 669 4267 Otto
703 4197 837 4265 drusius
868 4200 1003 4284 agnouit
1030 4195 1211 4263 Charitonis
1235 4198 1438 4283 particulam.
1463 4199 1597 4262 Summo
1621 4219 1714 4281 opere
1738 4197 1790 4259 ad·

589 4309 696 4371 miror
724 4304 902 4368 doctissimi
931 4300 1085 4368 Germani
1109 4324 1261 4378 acumen,
1286 4325 1349 4388 quo
1373 4307 1536 4367 neminem
1559 4304 1696 4367 arbitror
1719 4322 1790 4366 ocu-

590 4411 741 4476 latiorem
772 4408 857 4485 dari;
889 4410 1010 4472 etenim
1040 4429 1141 4484 nunc,
1173 4411 1301 4472 etiamsi
1334 4411 1432 4472 sciam
1464 4408 1541 4492 quid
1573 4427 1698 4490 quoque
1721 4406 1790 4471 loco

590 4518 751 4599 scriptum
770 4515 830 4584 sit,
851 4521 957 4578 tamen
979 4516 1035 4577 vix
1055 4514 1107 4577 hic
1125 4512 1194 4577 illie
1215 4511 1423 4578 volitantium
1442 4511 1645 4577 literularum
1658 4513 1789 4576 umbras

595 4651 794 4662 ——-———

624 4728 650 4780 1)
669 4725 800 4774 Occasione
817 4725 873 4773 data
889 4725 1007 4786 corrigam
1024 4725 1088 4788 qnod
1107 4739 1230 4789 perperam
1249 4722 1322 4773 retuli
1337 4739 1360 4786 p.
1376 4724 1420 4780 93;
1437 4739 1483 4771 non
1499 4723 1561 4772 euim
1578 4739 1665 4773 novum
1675 4723 1791 4785 fragmen-

587 4813 642 4858 tum
659 4808 746 4873 incipit
764 4824 788 4872 p.
808 4807 864 4855 149.
875 4806 906 4855 la
924 4805 1055 4866 Hercheri,
1073 4806 1112 4855 scd
1128 4823 1154 4871 p.
1172 4806 1281 4868 laa.1a;
1298 4821 1381 4855 verum
1396 4805 1455 4854 laris
1468 4820 1537 4854 error
1549 4804 1790 4855 attentumlectoram

588 4888 678 4955 ingara
694 4906 743 4940 aon
759 4888 849 4955 potuit.
