5125 6150
1101 820 1269 868 nucum.
1714 805 1775 872 181

590 986 731 1053 lusimus
764 991 941 1065 γεροντικῶς
977 991 1009 1049 et
1042 984 1111 1049 heri
1143 999 1175 1049 et
1203 985 1308 1051 hodie.
1340 984 1427 1050 Talis
1460 989 1545 1051 enim
1575 990 1717 1067 iactatis,
1741 993 1779 1052 ut

590 1096 724 1179 quisque
747 1114 858 1158 canem
881 1098 938 1156 aut
960 1093 1123 1156 senionem
1146 1094 1296 1169 miserat,
1318 1095 1350 1156 in
1371 1091 1515 1178 singulos
1535 1092 1614 1158 talos
1633 1094 1778 1181 singulos

590 1200 734 1265 denarios
768 1202 803 1263 in
838 1198 983 1263 medium
1017 1196 1216 1274 conferebat,
1251 1219 1330 1283 quos
1366 1197 1498 1264 tollebat
1528 1202 1693 1266 universos
1722 1203 1778 1286 qui

590 1305 746 1372 Venerem
770 1304 919 1371 iecerat.”
945 1303 992 1368 De
1014 1304 1112 1368 huius
1135 1302 1204 1367 ludi
1225 1303 1351 1390 legibus
1372 1304 1538 1370 dubitatur
1557 1313 1589 1371 et
1608 1313 1683 1371 sunt
1702 1307 1778 1373 adeo

591 1416 645 1498 qui
675 1419 863 1497 corruptum
894 1410 1001 1475 locum
1032 1430 1099 1474 esse
1130 1412 1331 1489 existiment5
1364 1411 1418 1476 sed
1442 1412 1501 1476 hoc
1524 1419 1607 1477 certe
1631 1413 1778 1478 videmus

589 1517 703 1584 lusisse
734 1520 886 1583 convivas
915 1521 1108 1596 γεροντικῶς,
1140 1515 1224 1601 quod
1248 1538 1332 1580 nunc
1356 1516 1484 1602 quidem
1510 1519 1710 1584 tantumdem
1729 1526 1777 1584 est

590 1630 748 1709 quantum
769 1623 955 1708 suptiliter,
986 1642 1061 1686 nam
1092 1643 1149 1707 pro
1180 1643 1290 1686 mensa
1312 1625 1465 1707 principis
1487 1627 1605 1711 exigua
1626 1629 1776 1710 pecuniae

589 1749 717 1793 summa
753 1738 820 1793 erat
851 1748 949 1814 quam
979 1730 1012 1790 in
1045 1726 1186 1791 medium
1218 1727 1372 1793 aleatores
1395 1729 1594 1794 conferebant
1617 1752 1776 1816 quamque

588 1834 721 1900 tollebat
753 1837 865 1919 quiin
889 1832 1012 1898 ludicro
1037 1835 1210 1898 certamine
1235 1837 1337 1898 victor
1360 1835 1463 1899 suerat
1486 1839 1698 1902 renunciatus.

633 1941 738 2006 Sicuti
769 1943 867 2004 variis
890 1939 992 2004 modis
1017 1939 1095 2003 bene
1119 1938 1172 2016 fic,
1196 1942 1240 2005 sic
1264 1943 1362 2005 etiam
1387 1943 1485 2005 variis
1507 1941 1610 2007 modia
1633 1942 1706 2007 talis
1729 1941 1777 2007 lu·

588 2046 694 2123 ditur;
720 2045 813 2110 facile
837 2046 927 2110 nobis
949 2044 1176 2130 persuademus
1199 2045 1237 2110 de
1261 2045 1351 2130 plebe
1375 2068 1490 2131 pueros
1513 2068 1575 2111 non
1593 2047 1777 2114 lusitavisse

588 2152 699 2218 eodem
724 2135 819 2216 modo
842 2171 905 2236 quo
928 2153 1075 2236 princeps
1099 2149 1238 2216 ludebat.
1271 2151 1330 2216 Est
1354 2173 1383 2216 v.
1403 2173 1429 2216 c.
1453 2153 1588 2217 verbum
1612 2158 1777 2219 πεντελιυί-

587 2257 658 2339 ζειν,
680 2256 765 2343 quod
785 2256 861 2343 quid
880 2259 922 2320 sit
942 2254 1059 2320 Pollux
1078 2255 1201 2321 docebit
1220 2256 1266 2321 IX
1289 2256 1369 2322 126:
1394 2260 1436 2321 rei
1460 2258 1490 2322 δὲ
1515 2261 1686 2325 recreasse
1712 2261 1774 2335 ἤτοι

587 2365 701 2429 λιθίδιον
734 2363 751 2438 ἢ
785 2367 883 2442 ψῆφοι
918 2362 934 2435 ἦ
967 2361 1145 2440 seperare
1178 2363 1268 2427 πέντε
1301 2368 1548 2442 ἁνερριπτοῦντο,
1580 2363 1638 2433 ὅτε
1662 2367 1776 2446 ἐπι-τρέ-

586 2475 697 2547 ψαντος
729 2470 783 2542 τὴν
809 2477 901 2546 χεῖρον
932 2466 1077 2544 δέξασθαι
1109 2469 1151 2532 τὰ
1183 2469 1408 2546 ἇνωρριφθὲντοι
1439 2471 1523 2535 uacci
1547 2471 1581 2534 rb
1605 2472 1773 2552 δπισθένωρ.

586 2574 679 2642 Nihil
703 2576 762 2640 hoc
785 2576 924 2639 mirum:
949 2576 1046 2638 etiam
1070 2574 1155 2660 apud
1178 2595 1235 2639 nos
1256 2595 1355 2659 quam
1375 2578 1462 2640 varie
1478 2574 1601 2641 luditur
1619 2577 1774 2643 chartulis

586 2679 698 2767 pictis!
724 2679 821 2745 Modo
842 2679 933 2745 laxae
956 2679 1044 2766 leges
1067 2685 1142 2744 sunt
1165 2683 1336 2766 omniaque
1359 2682 1398 2746 ad
1422 2684 1505 2746 risus
1525 2684 1671 2768 iocosque
1690 2706 1775 2750 com-

584 2791 708 2874 posita,
741 2786 836 2851 modo
865 2785 954 2873 leges
985 2792 1061 2850 sunt
1083 2807 1163 2870 quae
1189 2793 1254 2850 tam
1278 2807 1387 2852 severe
1411 2788 1630 2867 observantur,
1654 2796 1691 2855 nt
1714 2790 1775 2856 col-

584 2894 747 2960 lusoribus
780 2895 836 2957 vix
871 2893 993 2957 hiscere
1028 2891 1120 2957 liceat
1154 2891 1291 2978 indeque
1326 2892 1422 2958 ludus
1457 2915 1574 2959 nomen
1604 2899 1772 2964 invenerit.

584 2999 751 3065 Alastores
775 3005 883 3063 autem
907 3004 939 3063 et
960 2996 1110 3063 dissoluti
1134 2997 1278 3063 homines
1302 2999 1568 3078 ιιοιποοιιυβεύοντες
1591 3004 1646 3077 πὲρι
1669 3005 1772 3069 crisias
1810 3089 1813 3094 Α

584 3108 695 3171 missis
726 3104 799 3170 talis
830 3103 1017 3190 plerumque
1046 3104 1084 3170 ad
1116 3112 1248 3170 tesseres
1278 3108 1498 3186 recurrebant,
1531 3109 1585 3174 sed
1609 3112 1771 3176 interdum

583 3215 684 3279 etiam
714 3210 857 3277 solebant
887 3211 1122 3291 οξςροιγοιλίζειν.
1146 3210 1255 3276 Veluti
1278 3212 1407 3277 foedum
1431 3212 1615 3300 exemplum
1638 3223 1686 3281 est
1708 3218 1771 3284 He

583 3316 741 3406 gesilochi
771 3316 888 3381 Rhodii
917 3320 950 3380 et
972 3319 1166 3392 amicornm,
1191 3317 1229 3381 de
1252 3339 1315 3402 quo
1338 3317 1561 3406 Theopompus
1584 3321 1694 3387 retulit
1717 3345 1767 3411 ap.

584 3426 702 3489 Athen.
726 3422 758 3486 X
782 3443 813 3507 p.
838 3420 962 3485 444E:
987 3423 1028 3491 εἰς
1053 3423 1197 3486 τοῦτοδὲ
1221 3424 1397 3499 προέβησαν
1420 3426 1609 3505 ἀσελγείας,
1634 3425 1692 3493 ὅτε
1716 3430 1767 3494 καὶ

584 3530 728 3608 κυβεύειν
753 3527 883 3603 ἠξίωσαι
907 3528 977 3609 πρὸς
1003 3529 1159 3601 ἄλλιὶλυυς
1183 3531 1250 3608 περὶ
1274 3537 1331 3594 τῶν
1355 3539 1508 3610 γυναικῶν
1532 3540 1589 3596 τῶν
1613 3536 1769 3615 ἐλευθέρων

583 3639 636 3701 xci
659 3637 899 3713 διωμολογοῦντο
918 3635 988 3707 τοὺς
1009 3636 1130 3699 ἐλάττω
1151 3644 1214 3707 τοῖς
1234 3639 1425 3714 οὶςροιγοὶλοις
1444 3638 1643 3720 βοὶλλοντιις,
1665 3639 1767 3716 ι’ἱντινιι

584 3747 645 3824 χρὴ
681 3745 741 3807 τῶν
773 3742 936 3807 πολιτίδων
966 3742 1008 3821 τῷ
1042 3749 1155 3807 νικῶντι
1189 3744 1230 3814 εἰς
1262 3746 1420 3809 συνουσίαν
1452 3747 1600 3827 esayae,
1624 3750 1768 3825 οὐδεμίαν

585 3847 832 3928 ὑπεξαιρούμενοι
872 3849 1038 3927 πρόφασιν,
1077 3849 1141 3913 aci.
1183 3848 1353 3927 Quaeritur
1387 3854 1452 3915 iam
1491 3854 1606 3937 quibus
1639 3854 1767 3942 legibus

583 3978 715 4022 severus
738 3953 834 4020 ludus
857 3963 997 4042 regetur.

1023 4058 1292 4133 4><5><6><7

627 4113 811 4180 Secundum
830 4113 1002 4179 formulam
1305 4150 1346 4175 =
1359 4113 1400 4179 35
1415 4114 1534 4181 diversi
1545 4126 1621 4183 sunt
1632 4128 1767 4205 quatuor

1025 4168 1093 4241 1><
1106 4168 1126 4232 2
1140 4171 1176 4240 ><
1190 4167 1210 4233 3
1223 4168 1294 4242 ><4

582 4273 722 4339 talorum
754 4275 873 4350 iaetus,
906 4294 1008 4359 neque
1038 4294 1074 4338 ea
1104 4295 1153 4340 res
1182 4282 1304 4339 veteres
1326 4272 1424 4339 latuit
1447 4272 1498 4341 vel
1522 4280 1626 4362 potuit
1649 4278 1765 4360 latere;

583 4382 693 4445 scribit
723 4383 809 4444 enim
840 4378 1009 4444 scholiasta
1039 4379 1182 4444 Platonis
1212 4401 1249 4446 eo
1279 4380 1349 4445 loco
1374 4402 1467 4465 quem
1492 4403 1587 4467 supra
1610 4387 1765 4451 excitavi:

583 4486 640 4550 εἰσὶ
672 4485 698 4548 δ’
721 4486 756 4549 ai
786 4484 954 4562 σύμπασαι
981 4490 1038 4548 τῶν
1062 4486 1252 4564 ἇςροιγιίλων
1275 4486 1407 4557 πτώσεις
1431 4486 1505 4560 duob
1528 4486 1683 4566 τεσσάρων
1707 4516 1767 4557 ποι-

583 4591 869 4671 ριιλωμβιινοριένων
897 4591 1018 4654 πέντε
1048 4592 1115 4655 καὶ
1147 4590 1376 4670 τριάκοντα.
1409 4592 1546 4659 Minime
1575 4595 1690 4661 inutile
1718 4606 1766 4665 est

581 4718 691 4763 omnes
722 4697 914 4763 describere:
945 4698 1097 4782 incipiam
1127 4697 1166 4761 ab
1198 4699 1320 4780 optimo
1345 4718 1470 4783 quoque
1492 4702 1578 4764 iactu
1601 4708 1696 4785 atque
1720 4708 1765 4771 sic

580 4801 768 4868 descendam
791 4802 831 4867 ad
853 4804 1040 4888 pessimum,
1064 4823 1159 4889 quem
1181 4802 1262 4865 hisce
1285 4803 1396 4884 lepidas
1419 4801 1651 4871 animadvertes
1670 4808 1766 4875 hrisse

581 4907 771 4976 venereum.
