5125 6150
1061 814 1206 861 venusius
1229 817 1345 864 suano.
1755 798 1797 865 57

654 979 812 1065 Aegidem
844 983 947 1065 igitur
977 980 1174 1045 homericam
1206 978 1298 1046 nullo
1321 980 1419 1046 modo
1442 986 1557 1046 testem
1581 984 1674 1047 cibari
1697 1003 1802 1068 posse,

608 1090 711 1172 siquis
743 1087 873 1170 probare
905 1085 1034 1150 studeat
1063 1084 1165 1150 vellus
1197 1089 1231 1149 in
1260 1108 1294 1150 re
1316 1087 1539 1173 mythologica
1562 1089 1660 1153 fuisse
1683 1089 1802 1153 nubem

606 1190 805 1278 pluvialem,
838 1193 902 1254 iarn
933 1192 1140 1255 manifestum
1171 1198 1235 1270 est;
1273 1194 1362 1276 prins
1397 1195 1483 1257 enim
1518 1193 1665 1278 aegidem
1705 1194 1803 1258 fuisse

606 1297 715 1363 vellus
738 1305 882 1361 auctores
907 1297 996 1360 nobis
1020 1296 1239 1362 demonstrent
1261 1318 1388 1362 necesse
1410 1304 1468 1362 est.

651 1401 816 1466 Secundus
848 1400 978 1465 affertur
1009 1404 1100 1465 testis
1131 1401 1165 1464 τὸ
1199 1403 1272 1473 Διὸς
1298 1400 1409 1482 κῴδιον,
1434 1405 1540 1467 arietis
1564 1403 1632 1468 Iovi
1656 1403 1800 1470 Milichie

603 1511 737 1572 mactati
769 1506 890 1584 vellus,
923 1506 1008 1591 quod
1038 1510 1072 1570 in
1105 1506 1267 1572 sacrificiis
1295 1506 1502 1586 lustralibus,
1534 1514 1573 1573 ut
1603 1509 1709 1574 floccis
1732 1513 1800 1575 suis

604 1617 734 1698 impura
774 1615 882 1677 omnia
924 1613 1081 1688 sorberet,
1116 1613 1408 1693 circumferebatur,
1445 1613 1496 1678 vel
1532 1617 1566 1678 in
1601 1636 1663 1699 quo
1699 1615 1796 1681 homo

603 1717 790 1782 lustrandus
826 1720 955 1782 sinistro
990 1718 1069 1801 pede
1104 1720 1275 1783 insisteret.
1311 1717 1372 1784 Sed
1408 1719 1485 1803 quid
1515 1720 1576 1784 hoc
1607 1720 1647 1784 ad
1678 1721 1797 1785 nubem

603 1819 806 1909 pluvialem?

651 1929 795 2013 Denique
830 1931 970 1991 citantur
1004 1927 1189 1992 Dicaearchi
1223 1930 1321 1994 verba
1351 1928 1396 2008 (ll
1427 1927 1459 2006 8,
1492 1928 1645 1994 Muelleri
1678 1926 1795 2016 Geogr.

605 2036 686 2098 min.
720 2033 735 2096 I
766 2054 796 2117 p.
825 2030 942 2111 1070):
977 2033 1026 2096 ἔτ’
1057 2031 1155 2109 ἄκρας
1178 2034 1210 2097 δὲ
1233 2042 1289 2108 τῆς
1313 2039 1366 2098 τοῦ
1390 2032 1470 2112 ὄρους
1494 2035 1638 2114 (Πηλίου)
1663 2042 1797 2113 κορυφῆς

605 2140 761 2212 arsacide
793 2139 859 2202 ἐστι
890 2137 925 2200 τὸ
957 2138 1144 2210 καλούμενον
1176 2139 1354 2216 Χαιρώνειαν,
1387 2141 1439 2202 κα)
1465 2138 1536 2210 Διὸς
1562 2141 1687 2220 &apulea
1712 2141 1796 2219 toln,

605 2247 660 2322 ἐφ’
690 2236 704 2307 ὃ
736 2246 821 2308 κατὰ
853 2245 939 2314 κυνὸς
971 2246 1135 2321 ἀνατολήν,
1167 2246 1312 2309 κατὰτὸ
1337 2246 1548 2322 ἀκμαιότατον
1573 2250 1700 2325 καῦμα,
1725 2247 1799 2311 ανα-

604 2350 747 2428 βιιινιιισι
778 2350 838 2412 τῶν
868 2356 1001 2413 ταλιτῶν
1033 2351 1059 2414 ol
1090 2349 1334 2428 ἐπιφανέσταται
1364 2351 1416 2413 καὶ
1441 2360 1513 2421 ταῖς
1538 2353 1671 2426 ἡλικίαις
1696 2349 1800 2428 ἀκμά-

605 2455 705 2536 ζοντες
740 2455 955 2533 ἐπιλεχθέντες
989 2455 1047 2519 ὑπὸ
1079 2460 1133 2519 τοῦ
1164 2454 1280 2533 ἱερέας,
1313 2454 1506 2536 ἓνεζωσμένιι
1540 2452 1633 2534 κῴδια
1665 2456 1796 2532 reitesta

606 2561 717 2625 καιναὶ·
751 2563 883 2624 τοιοῦτον
915 2559 1082 2634 συμβαίνει
1114 2560 1163 2623 ἔτι
1197 2566 1249 2625 roi
1280 2559 1361 2639 ὅρους
1393 2562 1427 2625 τὸ
1460 2567 1563 2642 ψῦχος
1593 2557 1680 2625 εἶναι.
1712 2561 1796 2639 Quid

605 2663 785 2750 simplicius
809 2685 905 2749 quam
930 2665 1074 2730 homines
1098 2671 1241 2730 montem
1264 2686 1448 2731 ascensuros
1467 2667 1506 2730 ad
1526 2667 1646 2751 frigora
1664 2666 1798 2732 arcenda

606 2791 714 2835 secum
750 2770 830 2834 ferre
862 2768 1004 2834 vellera?
1034 2769 1138 2835 Aliter
1168 2776 1276 2835 tamen
1309 2772 1416 2834 visum
1448 2777 1495 2835 cst
1529 2770 1730 2836 Neumannio
1764 2777 1798 2837 et

605 2877 772 2940 Partschio
803 2874 984 2962 (Physilrel.
1018 2873 1136 2961 Geogr.
1169 2897 1200 2941 v.
1233 2873 1361 2941 Gricch.
1396 2875 1483 2940 1885
1514 2898 1545 2962 p.
1568 2874 1633 2956 76),
1666 2879 1722 2960 qui
1744 2877 1797 2942 hic

605 3002 730 3065 quoque
753 2983 858 3045 arcani
882 2979 1003 3064 aliquid
1026 2980 1147 3045 odorati
1172 2983 1217 3045 sic
1241 2980 1401 3044 iudicant:
1427 2980 1544 3056 „dahin
1564 2979 1798 3047 wallfahrteten

605 3109 662 3152 nur
683 3086 753 3151 Zeit
775 3086 831 3150 der
853 3086 1086 3151 hrennendsten
1110 3086 1387 3172 Hundstagshitae
1406 3086 1585 3173 Jiinglinge
1604 3090 1637 3151 in
1657 3086 1800 3153 Widder·

607 3191 722 3258 vliesse
752 3191 897 3277 gehfillt,
930 3191 980 3255 die
1011 3194 1128 3277 gewiss
1158 3192 1248 3256 nicht
1277 3191 1334 3256 der
1355 3191 1476 3257 hiihlen
1500 3192 1579 3257 huit
1602 3192 1658 3257 der
1681 3192 1798 3258 Hdben

606 3318 734 3383 wegen,
768 3296 900 3361 sondern
931 3317 1012 3382 ganz
1045 3300 1105 3361 wie
1135 3296 1331 3362 anderwiirts
1361 3294 1466 3377 (ubil)
1497 3295 1545 3362 als
1576 3296 1711 3383 Symhol
1743 3297 1798 3362 der

606 3402 820 3489 Regenwollre
851 3402 911 3466 deu
942 3400 1148 3487 Gegcnstand
1178 3402 1265 3466 ihres
1298 3398 1436 3467 (lebetes
1466 3402 1624 3466 andeuien
1648 3400 1796 3468 sollten’'.

605 3508 730 3572 Meram
761 3508 841 3571 hanc
871 3527 938 3571 esse
968 3506 1197 3592 interpretandi
1220 3505 1405 3584 libidinem,
1431 3510 1503 3591 quis
1525 3504 1643 3592 neget?
1673 3507 1708 3571 ln
1731 3528 1798 3573 om-

605 3615 701 3678 uibus
732 3613 897 3676 montibus
927 3633 1046 3677 necnon
1078 3615 1111 3676 in
1143 3609 1295 3678 Graeciae
1317 3610 1384 3676 illis
1407 3613 1586 3677 cavendum
1610 3633 1678 3678 esse
1703 3633 1722 3678 a
1744 3613 1798 3677 sri-

605 3720 739 3804 goribns
762 3719 953 3801 repentinis,
977 3716 1091 3780 multis
1115 3718 1221 3782 verbis
1245 3714 1399 3802 exponere
1423 3738 1503 3802 opus
1527 3739 1590 3783 non
1611 3722 1673 3797 cst3
1695 3720 1797 3803 siquis

607 3826 689 3888 forte
714 3843 828 3906 parum
852 3823 975 3899 credat,
1000 3825 1150 3908 inspiciat
1173 3822 1262 3887 Plut.
1288 3824 1326 3887 de
1351 3825 1456 3907 primo
1478 3824 1599 3910 frigore
1623 3845 1649 3889 c.
1677 3823 1728 3889 18.

652 3929 882 3994 Receneuimus
912 3930 1095 3993 testimonia
1126 3930 1242 4012 quibus
1265 3928 1444 4016 symbolice
1465 3927 1525 3994 illa
1548 3928 1675 3995 velleris
1699 3932 1800 4015 signi-

605 4034 710 4098 ficatio
742 4036 805 4097 niti
835 4033 935 4120 vulgo
966 4035 1160 4118 perhibetur.
1192 4033 1277 4098 Mihi
1310 4034 1441 4119 quidem
1470 4056 1531 4099 non
1555 4040 1798 4119 persuaseruni;

604 4138 660 4203 sed
684 4160 721 4202 ne
745 4141 854 4221 inique
878 4159 952 4202 cum
976 4138 1164 4202 adversariis
1183 4141 1286 4223 egisse
1306 4138 1402 4216 dicar,
1423 4137 1569 4203 indicabo
1587 4142 1627 4203 iis
1647 4145 1799 4223 quartum

604 4243 714 4307 locum
744 4243 799 4306 ubi
823 4242 861 4307 de
884 4245 982 4307 ariete
1006 4263 1100 4307 aureo
1125 4241 1162 4307 fit
1185 4263 1308 4320 sermo,
1333 4265 1448 4328 nempe
1470 4243 1547 4308 Eur.
1571 4243 1624 4308 Or.
1650 4241 1798 4328 slasqq.

605 4346 677 4412 coll.
702 4346 806 4411 Schol.
832 4347 994 4411 ad13105
1019 4353 1051 4412 et
1075 4346 1222 4431 Apollod.
1248 4351 1390 4432 epitoma
1414 4348 1445 4426 2,
1471 4347 1583 4413 5-12
1606 4369 1637 4433 p.
1664 4345 1727 4411 185
1749 4346 1797 4411 ed.

605 4452 768 4536 Wagneri.
799 4452 862 4516 Hic
885 4452 1018 4517 fortasse
1040 4455 1081 4516 iis
1105 4456 1287 4539 prosperius
1309 4454 1416 4531 cedet;
1438 4455 1570 4517 interim
1594 4472 1701 4516 meam
1724 4471 1798 4535 qua·

602 4558 795 4641 lemcuuque
814 4557 972 4641 proferam
992 4558 1030 4621 de
1051 4555 1179 4622 valleris
1200 4561 1289 4623 aurei
1308 4560 1434 4643 origine
1453 4564 1549 4644 atque
1563 4555 1796 4642 significatione

603 4681 795 4746 oprnronem.
