5125 6150
1112 813 1277 862 Lucrinus.
1724 798 1787 863 193

640 977 659 1058 §
680 974 735 1041 27.
760 976 824 1040 Hie
845 983 954 1042 antem
974 977 1157 1042 Demetrius
1177 979 1331 1062 quamdiu
1351 979 1562 1045 Alexandriae
1574 988 1788 1046 commoratus

594 1088 662 1157 est,
694 1081 916 1167 philosophiae
948 1104 1078 1168 operam
1109 1083 1195 1148 dedit
1220 1087 1275 1156 rip
1300 1082 1428 1157 ἄσκησιν
1453 1089 1507 1159 τὴν
1532 1090 1659 1160 Κυνικὴν
1682 1086 1788 1150 donari

594 1209 686 1261 μενος
721 1185 778 1249 ὑπὸ
810 1189 851 1265 τῷ
884 1186 983 1267 Ῥοδίῳ
1014 1188 1152 1267 ε’κεθνῳ
1176 1196 1301 1271 σοφιςρῑ.
1325 1190 1403 1268 Quis
1426 1190 1483 1255 ille
1508 1191 1650 1276 sophista
1674 1193 1789 1270 fuerit,

592 1294 802 1376 ignoramus,
834 1313 909 1356 nam
939 1299 1099 1376 praeterea
1129 1295 1162 1357 in
1194 1315 1230 1357 ea
1261 1298 1440 1359 narratione
1469 1296 1507 1360 de
1531 1298 1661 1362 homine
1684 1297 1789 1362 altum

590 1394 781 1460 silentium:
805 1397 879 1462 hine
903 1396 1006 1462 melo:
1033 1398 1090 1461 ὑπὸ
1114 1401 1156 1477 τῷ
1177 1399 1277 1479 Ῥοδθῳ
1302 1401 1390 1465 ἐκεῖ
1410 1409 1535 1483 σοφιςῇ.

638 1612 733 1697 534.
765 1612 989 1699 Supplendum
1021 1622 1085 1680 est:
1118 1617 1229 1689 αὑτοὺς
1261 1616 1300 1680 ἄν
1331 1641 1375 1681 σοι
1406 1618 1476 1689 τοὺς
1499 1616 1609 1696 λθγοιις
1635 1616 1786 1696 διεξῆλθον

590 1719 730 1788 πολλοὺς
754 1720 834 1798 (καὶ
862 1721 1028 1805 καλοὺς)
1052 1722 1209 1797 κώγαθοὺς
1233 1720 1335 1794 ὄντας.

640 1935 740 2019 §382
772 1936 839 2000 tut
872 1937 924 2000 καὶ
949 1942 1037 2003 τοὺτο
1062 1939 1091 2001 ἐν
1115 1940 1199 2019 οὶρχῖρ
1223 1935 1607 2016 διωμολογησάμην.
1631 1938 1785 2023 Requiro:

589 2041 988 2120 διῳμολογιὶσαμεν,
1021 2051 1057 2107 ut
1088 2042 1222 2128 pluralis
1251 2064 1404 2108 numerus
1434 2046 1486 2107 sit.
1511 2042 1631 2108 Verum
1656 2043 1786 2127 quidem

590 2154 643 2210 est
674 2147 759 2231 apud
783 2146 861 2212 alios
884 2147 1128 2225 διομολογεῖσθαι
1152 2149 1350 2233 frequentius
1374 2148 1440 2234 legi
1463 2170 1560 2232 quam
1584 2148 1785 2226 διομολογεῑν,

589 2251 649 2315 sed
673 2252 759 2335 apud
782 2251 962 2318 Lueianum
985 2257 1089 2319 activa
1113 2255 1215 2318 forma
1237 2256 1402 2318 invenitur
1425 2253 1517 2339 Nigr.
1543 2252 1596 2318 26.

640 2470 733 2555 541.
765 2470 972 2536 Sauromatae
1003 2470 1088 2554 apud
1118 2473 1242 2534 animos
1274 2490 1348 2534 suos
1379 2470 1570 2555 reputabant
1603 2470 1676 2551 πρὸς
1707 2467 1784 2541 οἵους

589 2573 706 2654 ἄνδρας
726 2577 760 2639 ἐκ
780 2582 977 2653 παρασκευῆς
996 2579 1193 2655 μαχοῦνται,
1218 2576 1251 2638 εἰ
1273 2574 1325 2639 καὶ
1346 2576 1377 2640 ἒν
1396 2577 1437 2655 τῶ
1457 2575 1670 2656 ἀπροσδοκήτῳ
1689 2575 1733 2639 τθ
1740 2601 1783 2640 τε

592 2679 835 2761 ὑπερέσχον.
871 2679 1156 2745 Vemmenimvero
1191 2680 1400 2745 Sauromatae
1434 2702 1498 2744 non
1528 2684 1607 2746 vieti
1639 2682 1783 2757 fuerant,

589 2787 647 2850 sed
681 2788 824 2850 vicerant
855 2788 934 2870 ipsi:
970 2785 1045 2849 hino
1076 2787 1253 2871 corrigam:
1285 2778 1313 2849 οἳ
1344 2788 1396 2849 καὶ
1428 2787 1459 2849 ἐν
1490 2788 1532 2865 τῷ
1564 2785 1782 2867 ἀπροσδοκήτῳ

589 2894 773 2955 τοιοὺτοι
798 2892 989 2969 ὑπῆρχον.

636 3108 739 3193 555:
777 3109 951 3179 Σινδιανοὺς
986 3111 1058 3185 ὑμῖν
1092 3108 1378 3190 χειρώσασθαι
1421 3109 1489 3188 (sed
1525 3114 1609 3173 recte
1644 3106 1783 3174 Cobetue

589 3217 867 3297 χειρώσεσθαι
892 3217 1048 3299 reposuit)
1072 3214 1229 3288 ὑπέτρεσαν
1254 3218 1288 3279 ἐκ
1312 3218 1428 3280 πολλοῦ
1453 3214 1660 3287 διετὺτας.
1693 3213 1784 3278 Defe-

588 3326 717 3396 cerant,
742 3322 863 3404 opinor,
888 3320 920 3384 h.
945 3340 972 3384 e.
998 3321 1232 3398 ὑφεςῶτας.

1036 3536 1149 3600 Ιὶνιοθιιο
1170 3560 1195 3600 ε.
1219 3536 1342 3600 Asinae.

638 3702 715 3785 §13
745 3702 800 3765 καθ
830 3725 893 3771 ποις
918 3699 1028 3783 ἔτυχον
1053 3703 1106 3766 καὶ
1131 3700 1222 3767 ἄλλοι
1244 3703 1342 3767 α’πιθ
1350 3727 1438 3774 ντες
1463 3702 1493 3774 ἒς
1514 3702 1659 3767 ’Τπατα
1683 3702 1782 3768 Erant

590 3810 662 3872 eins
694 3807 783 3872 urbis
815 3806 953 3884 incolae,
980 3811 1036 3893 qui
1059 3807 1159 3872 Imeio
1182 3810 1307 3871 itineris
1330 3811 1408 3872 socii
1432 3809 1577 3873 fuemnt:
1602 3810 1677 3873 hine
1699 3829 1784 3872 eom-

590 3915 736 3997 positum
776 3912 911 3976 verbum
950 3911 1093 3983 ὑπιθνεες
1128 3934 1190 3977 non
1225 3916 1347 3997 optime
1378 3917 1546 3979 convenire
1581 3914 1715 3977 dixerim
1751 3918 1784 3976 et

590 4019 701 4081 verius
724 4016 852 4081 videtur
875 4014 948 4093 οἶμ’
973 4017 1116 4089 ἲθντες.

638 4234 716 4317 §lt
750 4230 794 4299 ἔτι
825 4234 888 4311 γὰρ
919 4234 1293 4314 φιλαργυρώτατος
1326 4234 1434 4303 δεινῶς.
1460 4232 1659 4297 Aduerbium
1681 4233 1781 4302 δεινῶς

593 4338 679 4403 haud
703 4342 782 4404 satis
805 4346 889 4404 reete
913 4339 1082 4425 copulatur
1105 4361 1179 4404 oum
1199 4341 1395 4425 superlativo
1415 4344 1447 4404 et
1466 4340 1616 4403 scribam:
1642 4336 1785 4417 φιλώρ-

596 4466 724 4522 avrea·

639 4646 657 4728 ᾖ
677 4644 715 4707 2:
742 4644 797 4708 καί
819 4668 915 4709 ποτε
941 4645 1106 4723 ἐξελθοῦσα
1131 4646 1248 4711 κελεύει
1273 4648 1357 4721 ἧμας
1382 4648 1514 4710 εἰσιέναι.
1540 4646 1616 4711 Tres
1634 4647 1782 4712 literulae

595 4753 751 4816 interiisse
774 4750 941 4816 videntur:
967 4752 1018 4815 καὶ
1043 4751 1143 4832 (ddi)
1166 4776 1242 4818 ποτε
1265 4751 1441 4827 ἐξελθοῦσα.
