5125 6150
793 757 836 821 40
1138 775 1180 821 nn
1202 773 1408 821 nnoanuoaus
1431 772 1618 820 censeatur.

790 941 950 1026 Aegyptio
973 944 1075 1015 actas,
1099 960 1207 1023 regem
1231 959 1305 1003 vero
1326 940 1524 1024 Aegyptium
1545 940 1673 1003 cessisse
1693 939 1815 1024 Augias
1834 940 1974 1024 principi

789 1048 954 1112 notissimo
978 1066 1012 1109 ac
1037 1048 1305 1131 pecuniosissimo.

835 1150 921 1231 Quae
950 1151 1123 1235 disputatio
1155 1154 1308 1216 maiorem
1339 1153 1435 1215 etiam
1467 1149 1724 1235 probabilitatem
1756 1151 1913 1216 obtinebit
1945 1153 1974 1215 si

789 1258 864 1322 haec
899 1277 998 1342 pauca
1032 1258 1231 1322 subiunxero.
1266 1256 1403 1321 Dissidio
1438 1263 1506 1321 orto
1536 1259 1619 1321 inter
1650 1255 1749 1321 Dores
1777 1264 1808 1321 et
1840 1256 1972 1343 Minyas

789 1361 926 1427 Theram
958 1361 1096 1427 insulam
1126 1362 1317 1439 incolentes,
1347 1363 1381 1426 hi
1405 1359 1608 1428 Cretensibus
1632 1365 1738 1427 nautis
1762 1363 1895 1427 ducibus
1919 1365 1972 1427 usi

788 1471 869 1533 circa
905 1489 1025 1533 annum
1058 1467 1122 1533 630
1153 1489 1180 1534 a.
1206 1467 1241 1534 0.
1266 1492 1295 1532 n.
1330 1467 1475 1555 Cyrenen
1507 1468 1724 1533 condiderunt.
1756 1466 1883 1533 Tertius
1912 1489 1971 1533 rex

789 1574 903 1640 Battus
926 1573 957 1639 Η
980 1575 1164 1640 Eudaemon
1188 1574 1339 1641 Hellenas
1361 1577 1514 1639 invitavit
1537 1581 1574 1638 ut
1596 1578 1629 1638 in
1649 1577 1777 1662 regione
1796 1573 1971 1661 Cyrenaica

789 1680 1002 1757 considerent,
1038 1681 1092 1746 ubi
1127 1702 1219 1768 agros
1255 1702 1287 1746 se
1317 1683 1359 1744 iis
1389 1683 1628 1766 assignaturum
1659 1679 1844 1765 spopondit;
1877 1682 1971 1744 cuins

789 1786 929 1852 consiliis
963 1808 1038 1852 cum
1073 1786 1235 1851 oraculum
1267 1786 1458 1870 Delphicum
1489 1789 1580 1851 enixe
1609 1787 1748 1863 faveret,
1780 1806 1897 1872 magna
1919 1786 1972 1851 vis

788 1891 973 1958 colonorum
1002 1914 1019 1957 e
1050 1891 1281 1977 Peloponneso,
1315 1890 1427 1968 Creta,
1459 1891 1530 1956 aliis
1559 1891 1672 1956 insulis
1696 1890 1841 1978 Cyrenen
1863 1893 1972 1956 immi·

786 2001 903 2085 gravit.
941 1998 1019 2063 Mox
1048 2005 1155 2063 ortum
1185 2005 1233 2064 est
1265 1997 1385 2063 bellum
1417 2019 1491 2062 cum
1522 1999 1686 2084 Aegypto,
1715 2001 1865 2083 quoniam
1896 1998 1972 2063 Bat-

787 2111 856 2181 tus,
891 2111 927 2169 ut
950 2106 1097 2170 omnibus
1121 2107 1298 2191 peregrinis
1321 2105 1531 2180 satisfaceret,
1557 2104 1693 2191 Libyam
1716 2105 1888 2191 spoliabat;
1913 2105 1969 2170 ssd

788 2232 861 2275 cum
889 2232 969 2276 anno
994 2208 1059 2276 570
1084 2210 1237 2297 Aegyptii
1260 2218 1364 2275 essent
1387 2210 1565 2295 profligati,
1590 2209 1710 2275 milites
1735 2209 1971 2276 tumultuantes

788 2317 901 2381 ducem
922 2337 1016 2380 suum
1036 2318 1169 2380 Amasin
1189 2337 1299 2400 regem
1318 2315 1506 2381 salutarunt.
1535 2315 1596 2396 Qui
1616 2317 1771 2401 quomodo
1797 2314 1970 2404 Cyrenaeis

791 2424 901 2487 amicis
924 2444 1001 2486 usus
1025 2425 1084 2498 sit,
1116 2425 1258 2506 quinimo
1281 2443 1414 2486 uxorem
1439 2420 1646 2507 Cyrenaicam
1668 2423 1818 2487 Ladicam
1840 2425 1970 2487 nomine

792 2526 935 2604 duxerit,
959 2549 998 2592 ex
1021 2527 1182 2593 Herodoto
1205 2527 1248 2605 (ΙΙ
1273 2527 1351 2612 181)
1375 2536 1487 2592 notum
1511 2534 1568 2592 est.

833 2633 1051 2720 Regnantibns
1082 2640 1191 2698 autem
1222 2633 1316 2698 Batto
1345 2632 1377 2696 ll
1406 2636 1535 2718 eiusque
1566 2632 1631 2698 filio
1663 2632 1802 2699 Arcesila
1830 2632 1861 2698 11
1884 2635 1970 2697 vixit

786 2740 1006 2826 Eugammon,
1037 2742 1092 2824 qui
1115 2745 1270 2823 quantum
1293 2742 1429 2814 scimus,
1453 2737 1625 2825 'I'elegonia
1648 2743 1785 2805 carmine
1809 2741 1850 2818 τῷ
1874 2739 1970 2818 ἐπικῷ

789 2847 891 2923 κύκλῳ
924 2845 1020 2909 finem
1053 2846 1145 2921 fecit;
1181 2846 1233 2909 hic
1267 2849 1355 2911 enim
1386 2845 1494 2932 cyclus
1526 2847 1769 2911 continuabatur
1796 2848 1830 2909 in
1860 2843 1970 2913 Procli

787 2952 1036 3022 chrestomathia
1053 2952 1147 3030 μεχρὶ
1167 2958 1219 3024 τῆς
1245 2951 1431 3029 ἀποβάσεως
1455 2951 1624 3023 Ὀδυσσέως
1650 2959 1703 3025 τῆς
1728 2953 1769 3024 εἷς
1794 2952 1914 3025 Ἰθάκην
1936 2952 1968 3017 ἕν

790 3054 808 3139 ἦ
831 3057 880 3121 acal
907 3057 963 3122 ὑπὸ
988 3056 1094 3127 παιδὸς
1119 3055 1295 3134 Τηλεγόνου
1319 3059 1496 3133 οὶγνοοῦντος
1521 3058 1671 3123 κτε1νετοιι
1690 3056 1723 3138 ι).

831 3163 919 3243 Quod
938 3164 1169 3250 Eugammonis
1189 3185 1268 3250 opus
1288 3185 1306 3229 a
1325 3168 1402 3229 viris
1422 3165 1522 3230 doctis
1542 3186 1616 3229 cum
1637 3171 1821 3250 contemptu
1837 3167 1969 3230 tractari

787 3269 884 3347 solet,
909 3277 1019 3355 utpote
1043 3291 1170 3335 carmen
1194 3293 1262 3336 sero
1286 3279 1414 3349 natum3
1440 3274 1490 3335 cui
1514 3277 1619 3336 tamen
1643 3274 1817 3336 sententiae
1836 3272 1972 3337 subscri·

786 3378 859 3442 bere
878 3397 1077 3462 nequaquam
1093 3398 1231 3461 possum.
1252 3378 1282 3442 N
1284 3400 1323 3442 on
1336 3378 1419 3463 quod
1431 3375 1631 3464 Cyrenaeum
1644 3384 1771 3462 poetam
1783 3399 1857 3442 eum
1870 3377 1970 3443 luisse

786 3482 931 3558 credam,
963 3485 1018 3567 qui
1049 3485 1163 3547 merito
1194 3487 1278 3548 inter
1308 3486 1426 3568 priscos
1448 3483 1520 3549 illos
1543 3489 1632 3548 vates
1656 3483 1763 3548 locum
1787 3504 1882 3548 sunm
1907 3484 1971 3548 sibi

786 3588 947 3654 vindicare
978 3592 1093 3672 possit:
1127 3588 1204 3674 quid
1233 3592 1320 3653 enim
1351 3612 1406 3675 pro
1431 3590 1683 3674 fragmentorum
1707 3592 1814 3675 inopia
1837 3590 1875 3654 de
1899 3593 1971 3655 eius

786 3696 873 3780 poesi
903 3693 1042 3758 iudicare
1074 3691 1170 3759 licet?
1200 3693 1310 3781 Neque
1339 3696 1422 3779 quod
1446 3717 1462 3759 e
1486 3698 1593 3780 parvis
1616 3695 1722 3760 Procli
1744 3696 1869 3760 indiciis
1891 3698 1972 3761 ima·

786 3801 897 3885 ginem
920 3802 1023 3884 operis
1047 3800 1086 3864 ab
1109 3802 1196 3865 omni
1219 3808 1308 3885 parte
1327 3802 1455 3866 rotundi
1476 3822 1511 3866 ac
1530 3804 1607 3867 bene
1627 3805 1794 3887 compositi
1811 3801 1971 3888 pellucere

786 3910 914 3990 pntem;
934 3907 1053 3982 immo,
1074 3908 1266 3970 contrarium
1288 3907 1451 3972 defendere
1471 3907 1593 3971 malim.
1614 3908 1723 3993 Neque
1735 3908 1817 3993 quod
1830 3910 1971 3973 nesciam

789 4017 915 4097 poetam
939 4017 1084 4074 nostrum
1107 4010 1239 4076 dimidio
1263 4012 1337 4097 plus
1360 4016 1458 4077 totius
1481 4016 1632 4078 materiae
1656 4014 1695 4077 ab
1718 4012 1790 4077 aliis
1812 4033 1880 4077 esse
1899 4033 1971 4078 mu-

787 4123 932 4193 tuatum,
965 4138 1003 4181 ne
1031 4119 1163 4202 gravius
1194 4117 1270 4202 quid
1302 4119 1414 4183 dicam.
1447 4119 1508 4184 Sed
1540 4119 1809 4203 quemadmodum
1838 4122 1873 4184 in
1899 4122 1971 4185 eins

789 4225 891 4306 patria
923 4228 970 4287 est
1004 4229 1112 4287 ortum
1136 4223 1303 4287 hominum
1326 4225 1446 4287 mictum
1467 4246 1586 4311 genus,
1610 4247 1684 4289 cum
1708 4223 1821 4290 Graeci
1844 4248 1877 4292 se
1897 4249 1972 4294 non·

787 4327 957 4411 iungerent
979 4349 1053 4393 cum
1077 4326 1192 4412 puellis
1215 4328 1361 4414 Libycis,
1386 4350 1465 4413 quae

1147 4432 1207 4497 οὗθ’
1231 4434 1320 4498 lasciv
1344 4435 1572 4512 παλιμβάμους
1598 4435 1752 4515 &plancae
1775 4436 1875 4515 ὁδούς,

923 4532 991 4598 οὔτε
1014 4535 1138 4601 δείπνων
1161 4538 1287 4615 οἰκοριᾶν
1311 4540 1378 4614 μεθ’
1403 4539 1525 4619 ἑτκιρῖον
1548 4540 1693 4619 τέρψιος,

968 4641 1041 4703 aaa·
1066 4643 1242 4708 ἀκόντεσσίν
1268 4669 1301 4709 τε
1327 4646 1474 4723 χιιλκέοις

826 4880 849 4938 1)
869 4882 935 4930 Paos.
955 4882 1003 4930 aaa
1021 4899 1043 4948 p.
1062 4884 1109 4932 aua
1130 4886 1203 4935 seua.
