5125 6150
1110 832 1286 882 acuamur.
1722 816 1787 882 239

622 998 733 1063 'Nunc
757 996 920 1081 aliquanto
944 997 1074 1082 gravior
1096 1016 1153 1060 nos
1176 993 1277 1059 allicit
1301 997 1454 1078 quaestio,
1479 994 1526 1058 Ad
1551 997 1695 1059 virorum
1719 1018 1789 1061 con·

588 1103 682 1168 clave
705 1105 848 1188 patuisse
872 1101 997 1165 aditum
1023 1120 1077 1185 per
1101 1100 1183 1163 sores
1206 1097 1372 1184 prodomi,
1397 1120 1472 1162 cum
1495 1121 1551 1183 per
1574 1120 1607 1163 aa
1630 1099 1789 1187 intellegi-

587 1214 643 1274 tur
663 1215 739 1272 tum
759 1205 884 1270 abunde
903 1210 1045 1270 constat:
1067 1204 1121 1268 sed
1141 1210 1307 1288 poteratne
1327 1206 1426 1268 etiam
1446 1225 1484 1267 ex
1496 1206 1647 1268 interiore
1659 1204 1788 1269 aedium

589 1320 683 1399 parte
714 1311 794 1376 illuc
825 1313 1001 1397 perveniri,
1035 1331 1074 1374 an
1107 1312 1191 1374 caeci
1223 1314 1313 1373 erant
1336 1311 1405 1373 eius
1428 1312 1565 1393 parietes
1587 1308 1734 1374 laterales
1757 1316 1789 1374 et

591 1415 759 1505 poeticus?

638 1522 750 1586 Huius
781 1542 907 1606 quoque
940 1518 1136 1584 dilemmatis
1167 1524 1302 1603 utraque
1336 1539 1409 1602 pars
1439 1524 1496 1582 aut
1526 1518 1710 1594 affirmanda
1740 1525 1788 1584 est

590 1634 646 1692 aut
671 1624 834 1711 neganda,
859 1629 954 1709 prout
977 1625 1195 1707 antiquiorum
1218 1629 1275 1687 aut
1298 1626 1511 1688 recentiorum
1533 1622 1677 1689 locorum
1706 1627 1788 1689 ratio

590 1732 740 1796 habetur.
764 1730 914 1794 Priscum
937 1737 993 1801 τῆς
1017 1730 1137 1798 Tirsos
1161 1734 1290 1811 poetam
1314 1730 1341 1790 si
1364 1730 1618 1812 interrogamus,
1647 1749 1709 1794 non
1739 1734 1788 1794 est

590 1837 729 1900 dubium
760 1837 838 1919 quin
870 1836 1002 1897 unicum
1034 1835 1076 1912 τῷ
1107 1834 1236 1912 μεγύρορ
1268 1832 1393 1897 aditum
1422 1833 1571 1897 tribuerit
1593 1832 1706 1910 illum,
1731 1836 1786 1918 qui

589 1943 653 2006 fuit
685 1961 742 2025 per
769 1938 971 2004 vestibulum
979 1958 987 2014 ;
1020 1937 1157 2017 ὀρσοθύρη
1181 1943 1289 2002 autem
1313 1936 1371 2001 illa
1394 1941 1427 2001 et
1449 1941 1562 2017 ρῶγος,
1587 1958 1723 2023 quarum
1752 1940 1786 2001 in

588 2045 841 2125 μηησοηροφονόρ
872 2042 907 2108 fit
940 2045 1062 2106 mantio
1078 2040 1111 2120 ¹),
1137 2061 1239 2125 neque
1262 2040 1302 2105 ad
1326 2044 1584 2126 antiquissimam
1607 2042 1787 2107 referendae

590 2156 669 2215 aunt
701 2148 860 2225 fabulam,
893 2169 994 2232 neque
1027 2149 1055 2210 si
1085 2167 1182 2231 quam
1213 2148 1354 2210 maxime
1378 2151 1537 2212 constaret
1560 2148 1636 2211 huic
1660 2167 1785 2232 quoque

587 2278 641 2322 aas
673 2256 773 2321 fuisse
803 2256 966 2338 proprias,
999 2252 1153 2316 mutanda
1184 2256 1290 2315 essent
1321 2271 1400 2335 quae
1424 2251 1520 2316 modo
1543 2255 1665 2336 scripsi.
1701 2251 1785 2316 Nam

585 2365 714 2426 iustum
745 2358 870 2424 aditum
903 2378 1004 2442 neque
1035 2362 1136 2435 ρῶγος
1168 2357 1354 2441 praebuisse
1383 2377 1485 2441 neque
1518 2358 1682 2436 ὀρσοθύρην,
1716 2360 1784 2422 aive

586 2468 687 2531 ianua
716 2465 795 2528 haec
826 2463 890 2526 fuit
922 2464 990 2525 sive
1020 2461 1156 2525 fenestra
1185 2463 1295 2544 potius
1315 2460 1449 2525 ,dicenda
1473 2466 1538 2538 est,
1563 2482 1601 2526 ox
1625 2465 1695 2545 ipsa
1718 2482 1787 2525 nar-

555 2634 558 2639 .
587 2573 714 2635 ratione
747 2566 927 2632 luculenter
961 2571 1102 2650 apparat.
1135 2565 1270 2629 Homeri
1302 2570 1411 2630 autem
1443 2567 1594 2631 studiosis
1625 2566 1783 2651 quomodo

586 2675 737 2760 prodesse
776 2675 898 2759 possint
934 2669 1235 2759 Schliemaunorum
1265 2669 1404 2748 labores,
1438 2692 1477 2736 ex
1507 2672 1566 2736 hac
1598 2674 1785 2755 praesertim

588 2786 680 2864 parte
705 2778 902 2862 quaestionis
925 2778 958 2840 in
983 2796 1045 2860 qua
1068 2796 1233 2840 versamur
1252 2774 1403 2861 colligere
1422 2774 1515 2852 licet;
1537 2775 1577 2840 ad
1596 2775 1785 2862 Tirynthiae

586 2888 677 2950 enim
707 2886 815 2969 regiae
846 2883 983 2961 μέγορον
1012 2883 1136 2945 nonnisi
1167 2902 1222 2965 per
1246 2880 1438 2966 prodcmum
1463 2884 1604 2966 potuisse
1626 2884 1785 2966 perveniri

588 2994 751 3054 testantur
775 2987 899 3052 rudera.
1701 2987 1704 2992 '

637 3094 762 3158 ίθαοοοο
797 3114 872 3159 vero
907 3114 974 3157 esse
1002 3093 1090 3177 screa
1122 3098 1195 3157 ante
1225 3114 1397 3178 procorum
1428 3091 1556 3157 caedem
1588 3096 1642 3177 qui
1667 3093 1784 3158 finxere

588 3201 799 3275 recentiores,
824 3197 979 3282 putabant
1002 3201 1147 3261 virorum
1166 3198 1308 3262 conclavi
1328 3200 1513 3282 contiguam
1534 3199 1631 3262 fuisse
1651 3198 1783 3263 domum

587 3303 785 3380 mulierum,
817 3324 874 3387 per
905 3302 1016 3367 valvas
1046 3309 1156 3367 autem
1179 3302 1318 3367 alterum
1342 3301 1490 3367 conclave
1513 3303 1552 3368 ab
1576 3302 1675 3368 altero
1699 3324 1785 3389 sepa·

586 3416 695 3474 rantes
728 3414 893 3492 penetrare
924 3411 1065 3493 potuisse
1096 3411 1239 3494 gemitus
1270 3411 1496 3486 morientium3
1521 3430 1599 3493 quas
1623 3407 1732 3473 valvas
1757 3412 1784 3474 si

585 3518 781 3578 reserassent
799 3512 968 3590 mulieres,
990 3520 1130 3600 stragem
1150 3534 1202 3578 aas
1222 3535 1278 3598 per
1290 3517 1407 3578 rimam
1419 3516 1560 3597 potuisse
1573 3514 1733 3597 adspicere
1746 3514 1782 3593 ¹).

585 3619 784 3683 Sumserunt
807 3620 911 3702 igitur
934 3621 1125 3683 recentiores
1149 3619 1183 3682 hi
1207 3624 1367 3696 cantores,
1392 3617 1523 3684 ancillas
1546 3622 1691 3683 virorum
1715 3641 1784 3685 con-

584 3723 676 3788 clave
700 3743 757 3807 per
778 3725 914 3807 posticas
933 3721 1006 3787 illas
1027 3722 1138 3787 valvas
1156 3725 1275 3787 intrare
1296 3723 1395 3787 fuisse
1415 3723 1541 3801 solitas;
1563 3730 1638 3788 tunc
1657 3746 1783 3809 quoque

584 3850 662 3894 cum
687 3849 704 3892 e
727 3848 860 3912 megaro
883 3828 967 3892 foras
990 3829 1229 3914 progredientes
1253 3849 1306 3894 eas
1330 3828 1411 3892 vidit
1434 3828 1546 3894 Ulixes
1569 3832 1603 3893 in
1621 3830 1782 3895 vestibulo

586 3940 715 3999 noctem
741 3935 939 4018 transigens,
964 3954 1021 4017 per
1043 3934 1126 3999 fores
1148 3936 1287 4017 posticas
1310 3931 1389 3998 illuc
1411 3936 1609 3999 intraverant
1637 3946 1658 4007 ).

634 4037 793 4123 Penelope
814 4042 923 4102 autem
944 4059 1018 4102 cum
1040 4059 1152 4123 procos
1172 4038 1339 4122 filiumque
1357 4041 1389 4101 in
1403 4042 1545 4103 virorum
1560 4039 1702 4106 conclavi
1714 4063 1782 4105 ver·

583 4150 693 4209 santes
714 4142 813 4218 adiit,
835 4142 994 4227 quomodo
1013 4142 1093 4207 illuc
1113 4141 1279 4227 pervenit?
1300 4143 1335 4206 Id
1349 4144 1478 4227 quidem
1491 4151 1560 4208 tute
1573 4146 1780 4228 perhibueris,

583 4271 660 4314 eam
678 4268 783 4331 neque
802 4268 858 4331 per
877 4248 1028 4325 ὀρσοθύρην
1041 4246 1120 4312 illuc
1132 4250 1317 4331 irrepsisse,
1332 4269 1434 4333 neque
1447 4269 1502 4333 per
1513 4254 1616 4329 ῥῶγας
1629 4249 1731 4313 veluti
1744 4249 1781 4312 de

583 4507 771 4569 hcudquaqusm
796 4503 892 4552 videtur
914 4502 1011 4552 dubium
1036 4503 1094 4567 quin
1119 4504 1259 4569 primarium
1283 4503 1344 4552 illud
1367 4504 1476 4553 conclave
1499 4504 1548 4552 sir·
1566 4503 1659 4552 cenatio
1675 4529 1707 4540 -
1725 4520 1780 4554 rrum

582 4603 722 4640 menarum
745 4586 887 4651 pracsertim
906 4585 1027 4651 ipsiusque
1045 4585 1122 4635 victur
1140 4585 1221 4635 diurni
1239 4586 1355 4635 eiusmodi
1373 4586 1431 4635 locis
1448 4586 1510 4635 ratic
1528 4583 1630 4633 habetur
1646 4611 1680 4622 -
1696 4586 1727 4634 ait
1746 4586 1782 4635 iu-

581 4670 733 4734 tellegenda:
755 4668 839 4727 abio,
856 4668 905 4716 416
929 4669 1014 4727 β248,
1031 4669 1080 4715 411
1105 4665 1169 4727 387,
1187 4668 1235 4718 dit
1259 4667 1337 4725 0106,
1355 4669 1405 4716 432
1430 4669 1503 4717 assu
1521 4665 1590 4718 vati
1609 4667 1686 4715 rusa
1704 4668 1781 4727 plss'l,

581 4753 635 4800 898
654 4751 713 4798 σ24
731 4748 815 4807 ν104,
832 4750 888 4806 155,
908 4750 957 4797 348
974 4747 1060 4809 0262,
1079 4749 1135 4798 296.

619 4834 646 4893 l)
665 4848 687 4892 χ
699 4831 745 4879 lae
760 4845 810 4894 sqq.
1163 4830 1192 4894 2)
1214 4829 1268 4879 Vid.
1287 4844 1339 4893 pag.
1358 4829 1439 4888 2³?‚8
1457 4834 1481 4878 ct
1498 4832 1521 4879 4.

618 4916 646 4974 3)
665 4913 721 4961 Vid.
740 4927 792 4976 pag.
811 4913 891 4970 238st
909 4915 933 4960 et
951 4913 975 4963 2.
