5125 6150
697 829 764 894 308
1196 850 1386 899 suesanus.

582 1024 584 1026 ·
696 1016 803 1074 tarum
833 1013 901 1075 vita
931 1013 1039 1097 pigra,
1072 1012 1237 1078 luxuriosa
1267 1013 1320 1079 vel
1347 1014 1520 1093 dissoluta,
1544 1023 1582 1081 ut
1603 1015 1749 1102 legimus
1775 1014 1829 1079 III
1859 1015 1905 1079 34

696 1112 831 1196 (70),5:
864 1116 926 1192 έγίο
950 1114 981 1179 δέ
1006 1113 1077 1189 αὖος
1102 1117 1141 1180 ὣν
1165 1119 1222 1182 ὑπὸ
1247 1127 1303 1194 τῆς
1327 1127 1385 1185 τῶν
1410 1122 1591 1199 ἀναγκαίων
1615 1120 1732 1192 ένδείας
1759 1129 1905 1202 λῃσταῖς

695 1243 757 1283 τισι
789 1229 980 1300 Μεγαρικοῖς
1013 1222 1208 1302 ἐκοινώνησα,
1242 1222 1322 1290 ένίεν
1353 1225 1367 1288 ί
1399 1226 1468 1302 βίος
1499 1251 1551 1303 μοι
1583 1228 1678 1306 ἀργδς
1712 1225 1748 1303 tf
1773 1225 1906 1298 ἀδικίας

696 1325 864 1407 πορίζεται.
889 1326 964 1391 Noli
987 1334 1095 1392 tamen
1119 1336 1232 1413 putare
1255 1330 1430 1415 quidquam
1454 1331 1506 1396 hic
1525 1352 1543 1396 a
1562 1331 1703 1396 librariis
1724 1338 1906 1416 peccatum

695 1455 781 1510 esse,
813 1453 888 1497 nam
918 1432 1029 1517 procul
1060 1433 1156 1499 dubio
1179 1437 1224 1499 its
1248 1440 1396 1521 quamvis
1418 1440 1524 1522 inepte
1547 1439 1676 1521 scripsit
1700 1437 1831 1513 rhetor,
1858 1440 1908 1499 in·

695 1540 888 1623 tempestive
911 1536 1094 1603 recordatus
1117 1560 1229 1603 versus
1253 1540 1417 1606 Homerici
1441 1540 1499 1605 Od.
1525 1566 1547 1605 α
1563 1541 1625 1606 165

900 1642 1128 1724 ι’ράΦνειίτεροι
1153 1644 1322 1724 χρυσοῖί
1345 1669 1388 1709 τε
1412 1644 1605 1720 εεσίῆτίς
1630 1669 1673 1710 τε

694 1746 919 1832 similiumque
943 1747 1132 1814 multorum.

739 1964 754 2028 l
780 1964 832 2042 10,
846 1964 877 2028 2.
909 1963 1061 2037 πολλάκις
1089 1961 1138 2030 οὖν
1161 1963 1304 2045 σοίζονται
1329 1968 1381 2031 ὑπ’
1399 1966 1581 2048 ἀσφαλείας
1602 1969 1628 2032 οί
1649 1967 1905 2048 προμηθούμενοι

694 2068 898 2149 Φυλοίξασίαι
922 2070 974 2134 τδν
998 2070 1145 2136 κίνδυνον·
1171 2072 1226 2135 είσ1
1252 2070 1282 2136 δέ
1307 2071 1350 2150 οί,
1375 2073 1563 2153 παραδόντες
1584 2073 1716 2146 ἑαυτοὺς
1737 2071 1839 2150 ἀπαξ
1859 2076 1903 2153 τῷ

694 2173 849 2252 πελάγει,
884 2176 936 2240 ὑπ’
960 2175 1144 2256 ἀμηχανίας
1170 2185 1208 2255 τῦ
1232 2177 1315 2257 τύχη
1338 2178 1406 2249 τοὺς
1431 2176 1539 2250 οίακας
1564 2177 1798 2257 έπιτρίψαντες
1825 2177 1905 2256 (εί-

693 2304 797 2345 ασαν
828 2280 955 2352 ἑαυτοὺς
986 2281 1107 2359 ἀνέμοις
1134 2282 1185 2345 καί
1210 2282 1350 2359 κύμασι)
1375 2282 1532 2363 Φέρεσίαι.
1557 2282 1653 2349 Teste
1678 2284 1828 2362 editore,
1856 2287 1903 2348 sic

691 2385 799 2451 locum
833 2387 977 2452 hiantem
1012 2386 1081 2452 coll.
1114 2386 1128 2451 I
1155 2385 1195 2451 15
1214 2386 1379 2468 (=12)‚3
1411 2386 1606 2472 explendum
1639 2396 1737 2473 putat
1772 2388 1902 2466 Polak‚

691 2494 857 2576 aptissime
880 2513 971 2565 sane.
996 2492 1090 2556 modo
1113 2493 1298 2556 concinnius
1322 2493 1479 2557 scribatur
1503 2492 1631 2558 έῶσιν.

736 2693 750 2758 Ι
777 2693 818 2758 13
840 2694 893 2776 (--
909 2693 957 2758 ΙΙΙ
982 2693 1026 2772 3),
1040 2692 1070 2757 4.
1104 2692 1155 2756 καί
1188 2691 1294 2769 ὤμοσα
1327 2695 1398 2756 κατ’
1431 2691 1578 2770 ἐξωλείας
1606 2693 1750 2771 έμαυτοῦ
1777 2696 1902 2772 μήποτ’

691 2798 779 2875 (ἀν)
805 2800 967 2875 ὑπομεῖναι
992 2798 1076 2877 παρά
1101 2821 1168 2862 τινα
1192 2802 1250 2860 τῶν
1273 2796 1303 2860 έν
1329 2798 1416 2862 πόλει
1440 2798 1603 2862 δανειστῶν
1628 2799 1731 2864 έλέείν
1758 2800 1838 2877 μηδ’
1862 2800 1903 2865 ἀν

689 2905 765 2980 (εί)
789 2902 935 2982 φίάνοιμι
959 2904 1039 2981 λιμῷ
1064 2909 1290 2975 κατασκλῆναι.
1316 2901 1444 2987 Optime
1467 2906 1512 2967 sio
1536 2902 1647 2969 locum
1672 2909 1901 2971 constituerat

687 3008 839 3086 Hercher,
864 3029 961 3093 quem
984 3006 1137 3093 Sohepers
1160 3012 1302 3085 secutus,
1321 3029 1382 3072 non
1399 3008 1510 3072 debuit
1528 3030 1586 3074 suo
1608 3015 1715 3074 marte
1738 3011 1901 3077 voculam

688 3114 726 3179 ἂν
757 3124 827 3200 post
850 3116 933 3191 μηδ’,
958 3115 1014 3179 ubi
1037 3116 1214 3179 rectissime
1237 3116 1372 3198 repetita
1392 3114 1523 3200 legitur,
1549 3114 1723 3201 expellere.

731 3331 746 3395 l
772 3331 909 3411 1502),
924 3331 953 3395 3.
987 3334 1060 3408 ἡμῖν
1091 3330 1122 3394 δέ
1149 3331 1181 3393 οὖ
1205 3330 1294 3406 μίνον
1316 3338 1378 3401 τοῖς
1402 3331 1520 3404 ταύτην
1545 3331 1739 3405 ποιουμένοις
1768 3336 1829 3409 την
1857 3336 1902 3414 έρ-

686 3437 817 3513 γοισίαν,
838 3436 926 3499 ἀλλά
951 3436 1002 3499 καί
1027 3439 1120 3497 πάσιν
1145 3434 1343 3510 ἀπαξαπλῶς
1368 3432 1445 3507 ίσοις
1470 3435 1515 3511 μη
1540 3438 1699 3510 περιουσία
1721 3440 1902 3526 [πλούτου]

688 3541 850 3618 πρόσεστι,
884 3537 1090 3619 σπουδάζεται
1114 3539 1224 3603 έστιν
1249 3535 1288 3603 οὗ
1313 3537 1554 3615 δυναμένοις
1578 3549 1618 3617 τῇ
1642 3539 1714 3619 είλη
1740 3543 1901 3623 ίέρεσέαι.

685 3647 781 3711 Recte
802 3645 955 3728 Schepers
976 3644 1109 3708 πλούτου
1130 3643 1285 3707 delevisse
1305 3644 1442 3719 videtur,
1464 3644 1518 3708 sed
1535 3645 1620 3729 quod
1640 3644 1765 3712 deinde
1789 3654 1902 3716 tentat

685 3746 891 3828 σπουδάζεται
925 3749 990 3826 περί
1022 3753 1074 3811 τοῦ
1099 3747 1243 3811 διίνασίαι
1265 3758 1303 3826 τῇ
1327 3747 1393 3829 είλη
1417 3748 1550 3827 ίέρεσίαι
1575 3770 1682 3834 neque
1707 3756 1794 3818 satis
1821 3763 1901 3841 apte

686 3859 808 3921 dictum
840 3861 889 3919 est
919 3874 1020 3938 neque
1052 3854 1199 3916 mutandi
1224 3852 1376 3918 facilitate
1401 3854 1656 3919 commendatur.
1683 3856 1902 3943 Expectatur

684 3962 735 4025 ubi
749 3960 826 4043 fieri
847 3966 959 4040 potest,
985 3956 1068 4040 quod
1092 3960 1196 4020 nescio
1220 3978 1258 4020 an
1282 3956 1458 4043 Alciphron
1491 3963 1687 4042 expresserit
1719 3966 1902 4031 scribendo

684 4062 726 4131 οὗ
758 4064 843 4128 ἔστι
875 4059 1113 4136 δυναμένοις
1146 4069 1202 4134 (sc.
1235 4062 1353 4141 αὐτοῖς)
1382 4062 1421 4126 ad
1453 4062 1708 4129 similitudinem
1737 4075 1903 4136 notarum

685 4168 897 4237 formula-rum
936 4164 1001 4229 έστι
1036 4164 1089 4240 μοί
1119 4186 1149 4226 τι
1180 4164 1374 4245 βουλομένῳ,
1404 4167 1660 4248 προσδεχομένῳ,
1696 4173 1836 4255 ἀσμένῳ
1872 4182 1906 4240 et

684 4274 855 4342 similium.

729 4379 852 4444 Ibidem
884 4375 942 4460 §6
976 4374 1055 4448 πλην
1087 4372 1142 4448 έμέ
1174 4396 1212 4447 γε
1243 4377 1346 4437 ταῦτα
1377 4375 1430 4439 οὐκ
1463 4373 1588 4455 έπερπεν
1619 4378 1713 4444 οὐδέ
1750 4383 1821 4464 γάρ
1849 4388 1907 4451 οὐκ

684 4485 782 4561 ὃλίγοι
815 4487 872 4545 τῶν
905 4478 1036 4555 ίμοβίων
1069 4478 1120 4539 καί
1145 4476 1290 4552 μάλιστιι
1312 4478 1325 4541 ὅ
1351 4478 1452 4557 πικρὸς
1478 4481 1641 4549 Γλαυκίας
1668 4492 1844 4569 Τελχῖνος
1871 4489 1907 4565 ἦν

684 4611 735 4661 μοι
758 4587 936 4663 βασκαίνων
960 4582 1137 4661 βαρύτερος.
1162 4580 1221 4643 Vix
1246 4580 1387 4647 sufficere
1408 4582 1537 4649 videtur
1558 4584 1678 4652 (lebeti
1700 4597 1906 4661 coniectura

685 4690 800 4754 ἐπεῖδον
822 4711 879 4775 pro
903 4686 987 4764 οὐδέ,
1012 4707 1086 4751 nam
1110 4691 1295 4769 expectatur
1318 4690 1424 4770 potius
1447 4689 1634 4772 increpandi
1665 4692 1812 4781 aliquod
1834 4722 1907 4766 ver·

685 4789 779 4864 bum,
809 4800 866 4857 ant
896 4794 924 4855 si
954 4789 1070 4854 ἐπεῖδον
1101 4790 1178 4854 bene
1208 4793 1386 4856 coniectum
1416 4798 1481 4868 est,
1514 4796 1548 4856 in
1580 4803 1808 4880 sequentibus
1843 4812 1905 4870 τῶν

687 4889 827 4971 ὃμοβίων,
851 4895 897 4960 ὦν
920 4895 1064 4974 μα’λιστα
1089 4893 1102 4957 ί
1126 4895 1228 4973 πικρὸς
1252 4898 1409 4969 Γλαυκίας
1436 4896 1499 4961 κπέ.
