5125 6150
1064 857 1105 902 111
1130 854 1359 903 emerecensis
1382 855 1517 901 11111111.
1807 834 1871 899 401

684 1027 805 1088 vitium
839 1024 991 1089 Besecher
1014 1043 1105 1087 meus
1130 1058 1170 1070 -
1196 1025 1320 1106 primus
1345 1026 1377 1086 ni
1400 1022 1494 1086 fallor
1518 1058 1560 1070 —
1585 1024 1714 1087 eremit.
1748 1021 1877 1086 Admeti

685 1136 763 1194 sunt
788 1131 881 1194 verba
903 1128 987 1207 (Alc.
1014 1126 1112 1207 361);

1095 1235 1150 1298 κοοί
1173 1233 1208 1309 μ’
1232 1233 1292 1297 οῦδ·
1317 1235 1330 1298 ὃ
1355 1236 1529 1304 Πλούτωνος
1554 1234 1630 1298 κύον

869 1340 930 1406 οὔθ’
952 1340 1020 1405 oderi
1045 1341 1131 1419 κώπη
1154 1341 1367 1420 ψυχοπομπὸς
1395 1340 1432 1404 ἂν
1457 1339 1560 1419 Χοὲροιν

869 1446 971 1525 ἔσχον,
997 1484 1039 1496 -

685 1556 740 1619 ubi
761 1575 817 1638 pro
838 1555 942 1631 Χάρων
962 1552 1164 1618 scribendum
1181 1561 1230 1616 est
1250 1552 1385 1631 γέρον.
1412 1551 1565 1617 Dictionis
1579 1553 1734 1637 pedestris
1747 1551 1876 1616 fuisset:

684 1662 756 1728 edre
788 1661 801 1725 ὃ
836 1659 981 1740 Κέρβερος
1015 1659 1084 1724 οὔτε
1114 1660 1127 1723 i
1159 1660 1264 1738 Χοίρου
1294 1662 1329 1734 μ’
1361 1658 1399 1724 οῦν
1427 1659 1529 1737 ἔσχεν,
1554 1659 1607 1723 sed
1632 1661 1775 1722 ornatius
1800 1657 1880 1723 alter

684 1774 819 1832 vocatur
842 1788 925 1830 nunc
950 1766 1088 1829 Plutonia
1111 1765 1204 1842 οοιιὶι,
1230 1764 1312 1829 alter
1334 1788 1423 1828 aenea
1446 1765 1578 1828 mucium
1595 1764 1739 1846 portitor.

731 1982 772 2046 Et
796 1985 910 2046 tertius
934 1980 1059 2046 fabulae
1083 1985 1207 2045 nostrae
1231 1979 1319 2044 locus
1342 1979 1428 2044 idem
1453 1978 1578 2064 flagitat
1598 1979 1787 2044 remedium.
1813 1978 1877 2044 Ubi

686 2086 862 2172 Obremylo
895 2088 948 2164 „rr‘
978 2087 1004 2151 δ’
1037 2085 1127 2161 ἔστιν,
1159 2082 1179 2148 ὦ
1209 2084 1360 2161 βέλτιστε
1369 2085 1400 2160 ;”
1434 2087 1562 2170 roganti
1596 2084 1764 2169 respondet
1794 2084 1879 2150 Iovis

684 2193 829 2257 sacerdos
852 2197 914 2271 (ve.
942 2191 1028 2257 1172
1041 2198 1141 2276 sqq.):

1190 2297 1222 2360 τί
1245 2297 1308 2375 γὰρ
1333 2293 1407 2360 ἄλλ’
1432 2298 1449 2372 ἢ
1474 2302 1592 2373 nands,

867 2402 926 2483 ἀφ’
945 2399 979 2467 οῦ
1001 2403 1065 2481 γὰρ
1089 2402 1102 2465 d
1127 2405 1263 2474 Πλοῦτος
1290 2397 1375 2475 οὗτος
1401 2399 1511 2482 ἤρξατο
1535 2400 1676 2480 βλέπειν,

868 2507 1007 2573 οὶιιδλοιλ’
1034 2507 1091 2572 ὑπὸ
1117 2512 1219 2581 λιμοῦ.
1556 2575 1558 2578 ,

685 2615 808 2694 Quibus
842 2616 948 2680 verbis
979 2617 1081 2679 inesse
1113 2616 1232 2678 vitium
1264 2635 1338 2678 cum
1369 2615 1495 2678 numeri
1528 2619 1687 2678 testantur
1716 2616 1880 2678 invenueti

686 2730 757 2784 tum
789 2742 961 2806 pronomen
994 2720 1293 2785 demonstrativum.
1325 2719 1398 2784 Non
1430 2728 1537 2784 tamen
1570 2740 1683 2805 sequar
1706 2718 1879 2784 Veleenum

686 2849 817 2893 versum
851 2826 938 2891 1173
971 2825 1129 2891 delentem
1160 2833 1272 2911 utpote
1296 2829 1404 2891 versui
1428 2825 1493 2890 968
1517 2828 1613 2890 nimie
1638 2825 1799 2903 similem,
1823 2825 1877 2890 sed

685 2935 790 3018 magis
821 2935 919 2996 etiam
947 2931 999 2995 illi
1022 2935 1131 2996 versui
1153 2931 1295 2996 similem
1319 2932 1466 3010 reddum;
1493 2952 1567 2995 nam
1592 2931 1676 3017 quod
1699 2930 1767 2996 illic
1791 2937 1879 2996 extat

685 3041 738 3104 hic
762 3038 997 3104 restituendum
1021 3058 1150 3103 censeo:

869 3146 927 3224 ao·
953 3139 986 3209 οὗ
1009 3144 1072 3223 γὰρ
1096 3144 1109 3208 ὅ
1134 3144 1216 3215 θεὸς
1242 3140 1326 3215 οὗτος
1352 3142 1463 3222 ἤρξατο
1486 3143 1627 3220 βλέπειν.
1909 3194 1911 3198 1

686 3251 777 3315 Abiit
805 3246 1009 3314 &COTTOC
1040 3253 1073 3314 in
1106 3258 1331 3326 HAOTTOC,
1364 3250 1435 3314 dein
1465 3252 1499 3314 in
1531 3255 1670 3320 Πλοῦτος
1694 3245 1788 3319 οὗτος.
1814 3248 1876 3314 Fac

685 3362 794 3420 autem
813 3354 926 3420 lectori
947 3358 1105 3440 potiorem
1126 3355 1228 3421 videri
1245 3354 1372 3420 Volsoni
1392 3356 1429 3420 de
1450 3355 1596 3421 hocloco
1616 3357 1811 3440 opinionem,
1834 3355 1878 3419 of-

685 3463 772 3526 fenso
792 3462 947 3524 nimirum
966 3460 1086 3526 laxiore
1105 3482 1222 3526 vocum
1241 3462 1273 3525 τί
1294 3468 1325 3525 et
1346 3467 1448 3531 κοινῶς
1468 3464 1631 3532 iunctura,
1646 3460 1698 3526 vel
1710 3463 1755 3525 sic
1768 3469 1876 3527 tamen

685 3566 892 3652 corrigendus
922 3570 984 3631 erit
1015 3588 1127 3631 versus
1151 3570 1338 3651 priusquam
1365 3567 1530 3631 abiciatur.
1558 3564 1641 3630 Nam
1665 3569 1692 3630 si
1716 3570 1787 3652 quis
1811 3588 1879 3632 ver-

686 3695 760 3737 sum
791 3671 857 3736 968
887 3672 963 3736 huie
995 3672 1063 3737 loco
1094 3672 1268 3737 adscribere
1301 3670 1444 3747 volebat,
1476 3674 1642 3756 integrum
1666 3676 1777 3757 opinor
1801 3694 1876 3738 eum

685 3784 753 3843 erat
785 3777 1020 3862 adscripturus,
1057 3800 1120 3842 non
1151 3781 1219 3842 sine
1250 3798 1345 3841 causa
1376 3784 1573 3861 corruptum.
1608 3776 1718 3863 Itaque
1750 3777 1801 3841 vel
1833 3780 1877 3843 sic
1965 3856 1967 3859 y

685 3886 814 3968 insigne
844 3883 972 3967 praebet
1001 3882 1185 3968 exemplum
1218 3885 1356 3947 nominis
1386 3886 1507 3967 proprii
1529 3886 1633 3948 invito
1657 3891 1749 3968 poeta
1774 3886 1878 3948 textui

684 3990 807 4052 inserti.
841 3988 902 4052 Sed
935 3988 974 4051 ad
998 4010 1049 4052 me
1073 3988 1156 4072 quod
1180 3991 1312 4065 attinet,
1338 3991 1415 4073 quin
1440 3993 1600 4075 genuinus
1625 3988 1676 4052 hic
1701 4010 1811 4053 versus
1836 3992 1878 4053 sit

685 4094 857 4179 utrobique
888 4093 997 4157 nullus
1027 4095 1148 4158 dubito.
1180 4093 1314 4179 Saepius
1345 4098 1430 4160 enim
1462 4116 1518 4179 per
1548 4095 1628 4158 hanc
1652 4093 1795 4158 fabulam
1819 4117 1876 4161 sua

684 4200 783 4266 verba
810 4201 941 4263 iteravit
972 4201 1132 4274 oomious;
1166 4199 1274 4283 quales
1306 4200 1391 4266 locos
1423 4204 1507 4264 inter
1529 4202 1643 4263 aetatis
1667 4202 1875 4283 provectioris

683 4306 869 4370 testimonia
881 4304 1077 4389 probabilius
1090 4305 1207 4370 referat
1218 4308 1378 4390 quispiam
1392 4325 1488 4389 quem
1502 4308 1715 4370 recentiorum
1728 4306 1876 4370 audaciae

684 4410 737 4475 vel
760 4409 920 4475 socordiae
943 4411 1075 4474 tribuat.

731 4620 778 4685 De
809 4641 904 4686 versu
936 4620 1003 4685 262
1035 4621 1112 4706 quid
1144 4627 1285 4685 statuam
1318 4621 1441 4687 dubito.
1476 4620 1620 4688 Oariouis
1650 4624 1688 4687 ad
1712 4625 1879 4689 choreutas

683 4733 762 4792 sunt
785 4726 901 4792 verba:

869 4833 883 4896 ὅ
908 4831 1057 4906 δεσπότης
1082 4833 1145 4911 γάρ
1169 4839 1264 4911 Φιιοιν
1289 4833 1370 4906 ὑμᾶς
1396 4831 1486 4906 ἡδέως
1510 4831 1657 4906 ἅπαντας

869 4942 991 5019 ψυχροῦ
1014 4939 1085 5016 βίου
1109 4937 1161 5001 aab
1186 4937 1333 5003 δυσκόλου
1357 4936 1456 5017 ζήσειν
1481 4939 1744 5017 ἀπαλλαγέντος.
