5125 6150
948 801 989 848 ns
1012 800 1220 848 BUGAMMONIS
1242 800 1430 848 massoram.

774 965 822 1044 „ri
847 967 904 1043 μὲν
927 965 962 1038 δὴ
986 963 1086 1045 ripeta
1109 988 1150 1043 γε
1174 965 1231 1030 trel
1254 963 1409 1030 restrum
1432 964 1537 1046 riperta,

769 1072 905 1150 τνλτωρνὶ
928 1095 974 1136 ror
998 1068 1108 1138 ἔπειτα
1133 1073 1234 1137 κακῶν
1258 1072 1410 1150 ὑπάλυξιν
1434 1070 1575 1138 tracta?
1591 1072 1627 1154 ¹).

629 1177 801 1244 Hactenus
832 1178 871 1243 de
893 1177 1045 1244 Homero.
1078 1179 1173 1264 Apud
1195 1178 1451 1266 Eugammonsm
1476 1185 1583 1245 autem
1608 1179 1736 1246 Ulixem
1761 1200 1779 1245 a

588 1283 751 1371 Telegono
771 1283 838 1349 filio
855 1305 922 1350 essa
940 1284 1163 1362 interfectum,
1184 1285 1317 1352 Proclus
1337 1286 1477 1352 tradidit.
1501 1285 1592 1352 Nihil
1603 1286 1732 1371 quidem
1744 1290 1776 1351 in

588 1390 691 1456 Pmcli
711 1391 964 1457 chrestomathia
982 1393 1065 1456 inest
1085 1392 1123 1457 de
1144 1392 1231 1457 radio
1250 1395 1334 1458 raiae
1354 1395 1548 1479 pastinacae,
1569 1393 1622 1459 sed
1641 1394 1777 1478 posteri,

588 1497 723 1584 Hygino
755 1503 888 1583 excepto
918 1496 995 1576 (fab.
1023 1497 1110 1577 127),
1141 1501 1292 1564 iuvenem
1324 1498 1383 1563 tali
1413 1497 1476 1565 telo
1499 1520 1594 1564 usum
1617 1498 1715 1565 fuisse
1739 1500 1778 1565 ad

587 1626 689 1669 unum
714 1625 826 1670 omnes
849 1609 1048 1682 asseverant;
1074 1625 1101 1669 e.
1114 1626 1147 1691 g.
1172 1604 1269 1670 schol.
1294 1605 1334 1670 ad
1358 1603 1474 1670 2134:
1498 1605 1549 1670 τὸν
1573 1607 1692 1685 rastas
1716 1606 1778 1671 tra-

587 1712 765 1791 xpslcardar
797 1709 943 1789 τρννδννς
974 1711 1092 1792 κέντρῳ.
1124 1711 1174 1776 lix
1197 1710 1350 1799 Aeschyli
1374 1733 1498 1798 quoque
1521 1713 1650 1798 parodia
1662 1711 1698 1793 ²),
1723 1717 1778 1799 qui

587 1817 715 1882 radium
738 1839 803 1882 non
826 1818 936 1883 hastae
961 1817 1092 1883 affixum
1116 1839 1184 1884 esse
1206 1817 1302 1905 tingit
1325 1818 1379 1884 sed
1402 1839 1458 1904 per
1481 1819 1591 1884 ardeae
1614 1818 1724 1884 alvum
1743 1822 1777 1884 in

588 1922 695 1988 Ulixis
715 1930 813 2008 caput
832 1926 1000 2002 immittit,
1021 1924 1120 1990 efficio
1140 1924 1201 1990 hoc
1220 1922 1324 1989 telum
1343 1946 1405 1989 non
1418 1924 1513 1989 fuisse
1526 1923 1778 1991 additamentum

586 2031 820 2107 recentiorum,
841 2036 922 2115 puta
941 2028 1125 2116 Sophoclis,
1149 2051 1263 2094 verum
1286 2033 1460 2116 genuinam
1484 2037 1606 2116 partem
1630 2033 1778 2117 antiquae

549 2218 552 2224 Ι
586 2134 796 2221 Telegoniae.

627 2240 690 2305 Est
708 2248 820 2306 autem
839 2243 947 2325 opinio
967 2239 1141 2305 admodum
1160 2240 1294 2327 vulgata
1314 2263 1330 2307 a
1349 2242 1454 2306 verbis
1475 2241 1509 2319 ἐξ
1522 2240 1598 2314 riade
1610 2263 1776 2328 perperam
1798 2293 1801 2299 .

587 2345 759 2433 explicatis
790 2353 894 2413 ortam
927 2367 994 2413 esse
1017 2346 1274 2421 illamfabulam
1298 2348 1336 2412 de
1359 2347 1453 2413 Ulixe
1476 2368 1495 2413 a
1517 2346 1583 2413 filio
1605 2347 1776 2415 crudeliter

585 2458 715 2529 necato;
748 2451 962 2517 Wilamowita
993 2474 1068 2518 vero
1098 2456 1169 2519 iure
1200 2460 1296 2540 negat
1321 2452 1461 2518 fabulam
1485 2460 1552 2518 tam
1576 2456 1733 2540 tragicam
1758 2475 1776 2519 a

584 2561 762 2623 recentiore
795 2567 923 2623 auctore
953 2561 1127 2646 excogitari
1158 2562 1309 2644 potuisse.
1340 2558 1423 2624 Sunt
1452 2560 1521 2623 eius
1552 2559 1649 2624 verba
1680 2560 1775 2626 haec:

586 2664 666 2740 ,der
689 2663 776 2729 Sohn
799 2667 847 2729 im
870 2664 1008 2751 Kampsa
1030 2667 1092 2730 mit
1114 2665 1187 2731 dam
1204 2665 1310 2742 Vater,
1328 2664 1525 2752 ahnungslos
1546 2668 1612 2729 sein
1632 2665 1774 2732 Mdrder:
1833 2660 1836 2669 ⁸

584 2769 642 2835 das
672 2773 717 2834 ist
745 2771 800 2836 dar
822 2770 905 2859 Saga
928 2792 991 2836 von
1013 2770 1211 2837 Hildebrand
1235 2771 1299 2836 und
1323 2770 1520 2836 Hadubrand
1543 2792 1606 2836 von
1630 2771 1776 2838 Welclrer

582 2880 649 2941 mit
680 2875 784 2942 Recht
814 2899 871 2942 aur
892 2876 978 2942 Saite
1000 2875 1140 2963 gastellt,
1166 2875 1267 2941 obwol
1292 2876 1342 2942 die
1365 2875 1591 2942 aehnlichkeit
1613 2877 1707 2944 hcine
1729 2881 1776 2943 in-

581 2981 727 3049 nerliche
757 2984 810 3047 ist.
842 2982 901 3048 Die
932 2978 1022 3048 Gaba
1045 2982 1100 3047 der
1123 2981 1257 3059 Mutter,
1282 2982 1337 3047 der
1361 2983 1561 3048 zauberische
1584 2983 1774 3049 Rochensta

580 3089 670 3166 chel,
706 3089 906 3156 verderblich
941 3089 1015 3154 dem
1046 3088 1150 3168 Vater,
1188 3089 1247 3154 den
1282 3089 1338 3154 der
1368 3088 1455 3155 Sohn
1487 3091 1546 3154 aul
1572 3090 1627 3154 der
1649 3090 1774 3156 Mutter

582 3194 721 3263 Geheiss
752 3218 791 3260 zu
823 3196 940 3261 suchen
963 3215 1100 3283 auszog:
1124 3196 1195 3261 dass
1219 3198 1262 3260 ist
1286 3198 1336 3262 ein
1360 3196 1467 3262 Motis
1490 3217 1551 3262 von
1576 3218 1610 3261 so
1631 3196 1774 3283 gewalti-

581 3325 642 3391 ger
674 3302 903 3367 dramatischer
931 3300 1043 3379 Kraft,
1075 3301 1146 3367 dass
1177 3304 1227 3366 ein
1260 3301 1410 3390 spstling
1442 3303 1495 3368 des
1519 3303 1605 3388 Epos
1628 3325 1661 3368 as
1684 3304 1773 3369 nicht

582 3409 716 3475 ardacht
746 3409 848 3473 haben
878 3408 974 3473 kann.
1006 3408 1094 3474 Eben
1119 3429 1153 3473 so
1176 3411 1283 3495 wenig
1306 3408 1391 3473 kann
1414 3430 1446 3473 es
1471 3430 1528 3474 aus
1552 3413 1639 3475 einer
1661 3410 1773 3476 tir-kla-

583 3538 671 3603 rung
695 3516 750 3581 des
774 3515 808 3593 ἐξ
829 3514 905 3587 ἁλός
929 3514 1216 3603 harausgehliigelt
1240 3516 1339 3580 sein.''

626 3622 753 3687 Revera
783 3627 1011 3709 argumentum
1040 3620 1123 3686 illud
1155 3624 1254 3706 patris
1285 3642 1303 3686 a
1334 3619 1399 3686 filio
1422 3624 1521 3686 inscio
1545 3622 1710 3702 trucidati,
1733 3625 1771 3689 ab

581 3730 726 3813 antiquis
756 3747 818 3791 non
850 3733 916 3792 tam
949 3725 1089 3793 alienum
1113 3733 1182 3792 erat
1206 3765 1247 3775 -
1272 3734 1309 3792 ut
1333 3727 1385 3793 vel
1409 3727 1499 3794 docet
1522 3728 1694 3814 Oedipodis
1717 3768 1770 3809 —,

582 3855 682 3921 quam
703 3854 721 3899 a
742 3834 867 3921 mythis
885 3837 1076 3922 germanicis
1096 3842 1128 3900 et
1148 3833 1268 3900 celticis
1281 3832 1317 3914 ³).
1342 3834 1471 3900 Necnon
1491 3836 1626 3900 arbitror
1636 3840 1768 3902 nimiam

580 3940 679 4005 fidem
711 3942 894 4006 etiamnunc
923 3940 1032 4005 haberi
1061 3939 1238 4005 scholiastis
1262 3942 1534 4019 asseverantibus,
1558 3941 1679 4006 multos
1703 3964 1772 4028 my-

582 4047 673 4125 thos,
711 4049 767 4131 qui
801 4048 931 4132 tragicis
966 4044 1149 4111 fabularum
1184 4049 1354 4111 materiam
1389 4049 1604 4133 praebuerint,
1637 4069 1675 4113 er
1706 4068 1770 4112 uno

615 4354 642 4416 l)
668 4352 769 4417 Optime
792 4351 869 4416 igitur
891 4351 977 4401 schol:
1003 4348 1061 4400 ,οὒκ
1084 4345 1146 4397 eise
1169 4349 1182 4397 ό
1200 4348 1356 4407 resarcierit
1374 4350 1441 4397 κατὰ
1458 4349 1501 4396 τὸν
1521 4342 1659 4408 Τηλέγονον
1677 4346 1717 4394 sal
1735 4346 1770 4394 rt

580 4436 649 4484 κατὰ
668 4434 701 4482 τὸ
718 4432 816 4495 κέντρον
834 4434 880 4490 τῆς
896 4434 1020 4495 τρυγόνος.

613 4519 644 4583 2)
661 4515 829 4577 Ψνχάγννγνν
847 4516 877 4564 ir.
894 4515 943 4567 275
962 4514 1092 4564 Wecklein.

611 4603 638 4662 8)
657 4603 680 4649 Δ
694 4598 821 4647 Welckcro
836 4600 860 4646 ct
877 4595 1059 4645 Wilamowitsio
1073 4600 1225 4661 comparatur
1239 4612 1333 4645 carmen
1351 4593 1520 4650 Hildebrandi;
1539 4607 1623 4641 moneo
1640 4595 1719 4640 antem
1737 4590 1770 4637 ibi

575 4699 623 4733 nen
648 4686 746 4748 patrem
763 4696 777 4728 a
797 4679 848 4729 alie
865 4679 905 4728 aed
923 4694 936 4727 a
954 4682 1023 4744 patre
1040 4678 1117 4727 fllium
1134 4694 1183 4727 erae
1200 4678 1310 4727 occisum.
1329 4678 1394 4741 Inep.
1413 4675 1544 4724 Grundriss
1561 4675 1603 4722 dar
1621 4676 1703 4721 Germ.
1721 4672 1771 4735 phi-

573 4765 614 4815 lol.
643 4763 685 4813 ΠΙ
709 4763 777 4811 Band
801 4764 831 4810 8ο
854 4760 940 4810 hleler.
966 4761 1025 4823 Bog.
1049 4763 1131 4809 sats
1155 4761 1220 4821 (anni
1247 4762 1318 4820 1898)
1343 4758 1382 4807 nbi
1406 4774 1428 4805 v.
1446 4757 1474 4805 cl.
1500 4759 1529 4805 B.
1548 4757 1648 4820 Syrnone
1667 4772 1689 4819 p.
1708 4754 1769 4801 63οε

574 4849 653 4897 ,Dus
677 4848 720 4895 das
741 4844 800 4893 Lied
824 4844 849 4892 in
872 4844 949 4892 rainer
971 4844 1037 4891 alten
1056 4844 1160 4907 Fasaung
1178 4842 1282 4906 tragiach
1301 4842 1346 4890 mit
1363 4841 1416 4890 dem
1433 4840 1496 4889 Todc
1514 4840 1554 4887 des
1567 4838 1657 4903 jungen
1676 4836 1769 4885 Heldcn

573 4934 661 4981 cndctc
681 4929 745 4978 kann
765 4926 833 4976 nicht
849 4925 979 4976 basaltelt
995 4926 1114 4976 werdcu.'’
1137 5000 1143 5014 Ι
