5125 6150
1220 846 1362 894 racrros.
1815 829 1879 894 109

739 1011 781 1076 H.
813 1010 854 1088 ll,
880 1011 911 1076 4.
943 1011 1019 1076 Tres
1120 1015 1182 1098 ipsi
1209 1011 1397 1098 Vespasiano
1430 1011 1573 1098 legiones
1606 1019 1694 1078 erant
1724 1017 1879 1081 exercitae

695 1117 797 1183 bello:
831 1124 982 1203 quattuor
1011 1118 1182 1184 Mucianus
1213 1120 1376 1185 obtinebat
1402 1122 1436 1183 in
1458 1141 1549 1205 paee;
1575 1119 1629 1184 sed
1652 1120 1824 1188 aemulatio
1848 1131 1880 1188 et

691 1227 831 1311 proximi
862 1227 1019 1289 exercitus
1041 1225 1146 1313 gloria
1170 1224 1336 1310 depulerat
1360 1226 1548 1311 segnitiam,
1572 1232 1790 1311 quantumque
1814 1227 1879 1293 illis

692 1332 815 1397 roboris
839 1331 1024 1397 discrimine
1043 1338 1075 1396 et
1094 1330 1192 1409 labor,
1212 1337 1339 1397 tantum
1358 1333 1408 1396 his
1428 1334 1550 1418 vigoris
1571 1331 1733 1398 addiderat
1752 1335 1878 1421 integra

694 1442 785 1524 quies
807 1445 836 1502 et
857 1439 1007 1519 inexperti
1029 1439 1101 1501 belli
1125 1439 1217 1502 labor.

741 1544 793 1609 Sic
824 1552 872 1609 est
902 1548 936 1608 in
966 1544 1088 1622 codice,
1122 1547 1189 1609 sine
1221 1565 1324 1609 sensu.
1349 1545 1419 1610 lam
1444 1565 1506 1609 vox
1531 1545 1699 1611 lobcrnon
1723 1548 1877 1632 estquod

692 1673 751 1717 nos
774 1657 926 1728 moratur,
951 1672 1021 1716 eam
1044 1653 1129 1716 enim
1154 1672 1171 1716 e
1195 1654 1338 1737 proxime
1361 1650 1619 1737 praecedentibus
1639 1653 1701 1717 huc
1721 1654 1879 1719 aberrasse

692 1761 896 1843 perspicuum
922 1763 980 1822 est.
1004 1757 1051 1822 De
1074 1761 1186 1823 ceteris
1211 1757 1387 1823 videamus.
1412 1756 1495 1837 Quid
1517 1757 1598 1822 illud
1622 1764 1670 1823 est
1692 1761 1775 1844 quod
1796 1760 1879 1826 mili·

692 1865 779 1928 tibus
802 1865 928 1944 ciperem
951 1863 1024 1929 dare
1047 1868 1147 1950 possit
1171 1868 1269 1930 etiam
1295 1886 1369 1929 cum
1393 1865 1513 1930 bellum
1537 1887 1598 1929 non
1622 1865 1756 1952 gerunt?

738 1969 825 2034 Num
846 1972 953 2054 ipsum
969 1969 1051 2034 illud
1070 1972 1149 2055 quod
1167 1993 1228 2036 non
1250 1969 1415 2057 pugnant?
1435 1971 1506 2037 Hoc
1525 1972 1736 2058 Nipperdeius
1748 1980 1877 2059 putasse

690 2076 829 2153 videtur,
852 2079 986 2141 coniecit
1008 2079 1093 2141 enim
1117 2084 1146 2140 et
1169 2079 1353 2159 incapacium
1375 2078 1496 2156 belhem,
1517 2099 1618 2164 neque
1638 2078 1742 2144 multo
1762 2079 1877 2146 felicio

690 2204 740 2247 res
764 2185 860 2246 ceteri
891 2183 989 2247 fuisse
1020 2183 1170 2247 videntur
1198 2186 1317 2260 critici,
1351 2187 1406 2269 qui
1436 2185 1520 2249 hunc
1553 2191 1728 2250 tractarunt
1758 2184 1876 2251 locum.

688 2289 726 2354 ln
762 2288 871 2353 eodem
902 2292 987 2353 enim
1019 2311 1121 2355 errore
1152 2293 1268 2355 versati
1298 2298 1373 2356 sunt
1403 2311 1530 2356 omnes:
1560 2292 1705 2373 intepretes
1734 2296 1876 2378 quietem

691 2417 758 2462 esse
789 2402 944 2481 putarunt
974 2399 1115 2481 quietem
1144 2418 1308 2481 nunquam
1340 2398 1575 2483 perturbatam
1607 2401 1697 2483 quasi
1721 2420 1796 2463 vero
1820 2399 1876 2464 illa

691 2523 834 2586 unquam
869 2502 966 2567 fuerit
1001 2504 1111 2584 viperis
1146 2524 1249 2568 causa.
1284 2503 1319 2567 ln
1352 2502 1470 2568 Ritteri
1500 2511 1584 2569 certe
1615 2507 1876 2590 interpretatione

692 2609 846 2675 vocabula
877 2607 1035 2695 legimus:
1068 2611 1159 2686 „eine
1190 2608 1421 2695 ungafahrdete
1451 2608 1576 2673 Ruhe.'’
1608 2608 1669 2674 Sed
1701 2631 1763 2674 non
1795 2611 1875 2676 hanc

694 2716 890 2781 adiectivum
921 2716 1036 2796 inteper
1066 2718 1135 2780 vim
1166 2715 1277 2794 habot;
1314 2715 1397 2800 quiea
1427 2715 1546 2796 inteprc
1578 2721 1626 2780 est
1656 2718 1745 2800 quies
1776 2717 1875 2782 libera

689 2825 780 2887 vitiis
803 2842 884 2907 quae
904 2843 996 2906 saepe
1017 2824 1105 2906 quies
1126 2821 1215 2886 affert
1235 2825 1404 2887 exercitui:
1426 2823 1605 2907 pigritiem,
1626 2822 1874 2902 immodestiam,

691 2934 801 3012 raptus
832 2934 927 3012 atque
958 2927 1129 2992 luxuriem.
1161 2927 1222 2992 Res
1252 2927 1366 2993 multis
1397 2935 1502 3013 potest
1524 2927 1679 2993 illustrari
1703 2928 1875 3015 exemplis,

693 3034 746 3101 sed
776 3034 1023 3100 disertissimum
1052 3035 1111 3100 hoc
1141 3033 1292 3117 (11,97):
1326 3037 1513 3121 „integrum
1535 3033 1603 3100 illic
1628 3037 1675 3115 (in
1697 3035 1815 3115 Africa)
1839 3057 1875 3102 ac

690 3139 898 3206 favorabilem
921 3140 1179 3226 proconsulatum
1203 3140 1371 3218 Vitellius,
1396 3141 1553 3206 famosum
1577 3144 1784 3226 invisumque
1802 3142 1876 3208 Ves-

689 3233 839 3333 pasianus
867 3247 1009 3334 agerat.’'
1042 3247 1159 3333 Saepe,
1188 3269 1227 3312 ne
1258 3247 1447 3333 plerumque
1472 3247 1592 3325 dicam,
1617 3246 1818 3335 proconsules
1840 3252 1875 3313 in

691 3356 861 3440 provinciis
893 3357 1012 3438 rapinis
1043 3361 1075 3418 et
1109 3354 1295 3419 crudelitate
1326 3375 1360 3419 se
1390 3374 1566 3439 nomenque
1590 3354 1770 3419 Romanum
1793 3376 1875 3420 com·

691 3458 870 3537 maculant,
903 3463 958 3545 qui
989 3459 1161 3525 clementer
1183 3463 1382 3546 provinciam
1405 3463 1487 3524 rexit
1510 3463 1579 3524 eius
1602 3461 1714 3542 inteper
1737 3469 1785 3526 est
1807 3483 1876 3547 pro·

690 3565 883 3632 consulatus.
916 3566 1034 3645 Quodsi
1065 3570 1136 3651 quis
1167 3566 1336 3632 contendat
1363 3569 1497 3632 arctiore
1519 3588 1613 3632 sensu
1636 3567 1682 3631 ibi
1705 3588 1772 3633 esse
1795 3572 1875 3634 acci·

689 3673 841 3759 piendum
868 3672 1078 3749 adiectivum,
1106 3676 1270 3760 integrum
1299 3693 1365 3738 esse
1393 3694 1467 3737 eum
1495 3675 1550 3758 qui
1579 3694 1692 3738 manus
1718 3674 1875 3740 abstineat

688 3779 799 3845 alienis
828 3782 1055 3865 integrumque
1087 3782 1155 3843 eius
1186 3778 1463 3865 proconsulatum,
1495 3799 1557 3843 non
1587 3777 1748 3864 obloquor,
1773 3802 1874 3866 neque

687 3889 859 3973 quominus
883 3886 921 3950 de
945 3887 1062 3967 intepra
1081 3886 1178 3971 quiete
1197 3886 1282 3951 idem
1303 3892 1483 3951 statuamus
1502 3885 1677 3951 intercedo:
1698 3890 1874 3953 rectissime

688 3994 806 4074 inteprc
837 3995 927 4077 quies
957 3992 1073 4057 dicitur
1103 4014 1213 4058 eorum
1245 3993 1390 4058 militum
1421 3995 1477 4078 qui
1507 4014 1567 4057 non
1591 3995 1720 4077 rapiunt
1743 3993 1813 4071 sed,
1838 4001 1875 4059 ut

687 4106 735 4165 est
755 4102 787 4163 in
806 4098 1004 4182 lepidissimo
1021 4096 1255 4164 Wallensteinii
1273 4098 1473 4165 Scbilleriani
1494 4120 1601 4176 versu,
1621 4103 1782 4174 „contenti
1800 4107 1875 4164 sunt

686 4227 767 4290 pane
791 4227 848 4270 suo
868 4204 1036 4270 militari’'.
1060 4204 1096 4269 ln
1116 4226 1192 4291 pace
1212 4213 1320 4271 autem
1341 4206 1417 4292 quid
1437 4214 1547 4292 raptus
1567 4204 1711 4270 militum
1730 4203 1874 4271 inhibet?

686 4313 820 4390 Severa,
853 4315 972 4397 opinor,
1004 4311 1190 4397 disciplina,
1223 4311 1313 4378 labor
1343 4315 1525 4399 improbus,
1557 4311 1741 4398 exemplum
1773 4311 1872 4377 ducis.

686 4420 734 4483 Sic
764 4422 890 4504 integra
917 4421 1006 4503 quies
1037 4420 1159 4505 vigoris
1190 4418 1258 4483 fieri
1289 4425 1394 4504 potest
1417 4440 1520 4485 causa.
1545 4419 1637 4484 Nunc
1659 4418 1781 4483 duabus
1805 4439 1873 4482 mu-

687 4529 762 4592 tatis
777 4524 932 4602 literulis,
951 4524 1004 4590 vel
1024 4525 1155 4590 fortasse
1174 4546 1237 4591 nna
1257 4531 1344 4603 (nam
1365 4526 1448 4590 labor
1465 4525 1552 4590 istud
1571 4528 1706 4591 missum
1725 4525 1873 4605 facimus)

686 4632 789 4698 Taciti
809 4635 935 4697 restitui
956 4653 1068 4698 manus
1087 4639 1206 4716 potest:
1229 4640 1450 4718 quantumque
1469 4631 1536 4696 illis
1557 4633 1676 4697 roboris
1689 4632 1873 4698 discrimina

683 4747 715 4805 et
739 4739 837 4815 labor,
864 4744 990 4803 tantum
1014 4740 1064 4802 bis
1083 4741 1204 4824 vigoris
1224 4738 1389 4804 addiderat
1409 4741 1533 4824 integra
1553 4741 1640 4822 quies
1662 4744 1694 4802 et
1710 4738 1873 4820 inceperic'a

684 4847 761 4910 bello
792 4844 856 4918 (val
888 4846 968 4909 belli.
1001 4845 1137 4931 Legitur
1162 4848 1248 4909 enlm
1270 4844 1313 4910 H.
1337 4846 1378 4916 ll.
1405 4843 1446 4909 75
1472 4843 1600 4925 lepiones
1621 4843 1707 4908 cicili
1729 4844 1805 4908 bello
1828 4845 1872 4909 ic·

683 4960 839 5037 expertas,
871 4954 909 5017 A.
941 4951 1025 5028 XVI,
1051 4952 1070 5016 5
1102 4973 1119 5016 s
1150 4950 1285 5017 lectione
1316 4949 1503 5016 Puteolani:
1535 4950 1677 5016 lasciuae
1699 4952 1871 5035 occeperti).
