5125 6150
706 785 772 850 418
1233 803 1353 852 nrsms.

703 978 735 1034 et
766 968 1022 1055 corrigendorum
1054 967 1255 1054 relinqueret.
1289 968 1470 1056 Kayserum
1495 969 1581 1033 haud
1604 990 1675 1035 raro
1697 972 1815 1035 erroris
1836 990 1884 1033 ar·

702 1080 776 1162 guit
798 1075 881 1160 Spir.
905 1076 942 1140 P.
967 1075 1119 1162 Lamprus
1142 1076 1326 1153 (HermerX
1350 1099 1381 1161 p.
1407 1075 1610 1155 aot-280),
1634 1080 1690 1163 qni
1712 1080 1781 1162 ipse
1803 1098 1822 1140 a
1845 1075 1883 1142 R.

703 1180 861 1247 Schoellio
885 1202 997 1266 pamm
1023 1181 1284 1268 palaeographice
1308 1184 1430 1267 peritus
1452 1181 1581 1259 dicitnr,
1605 1185 1651 1247 ita
1675 1196 1711 1246 ut
1742 1180 1889 1246 Palatino

703 1286 806 1352 multa
824 1287 973 1352 tribuerit
991 1308 1071 1372 qnae
1088 1287 1181 1352 aliter
1197 1288 1243 1353 ibi
1256 1308 1290 1353 se
1300 1289 1437 1354 habeant
1448 1289 1564 1361 (Hem.
1577 1287 1624 1352 xl
1636 1312 1666 1374 p.
1681 1285 1884 1366 ros-213).

703 1392 914 1459 Versarerunt
933 1394 1079 1479 deinceps
1097 1393 1215 1459 librum
1236 1406 1292 1460 ant
1312 1403 1419 1460 totum
1437 1401 1494 1459 aut
1513 1417 1552 1461 ex
1571 1402 1661 1480 parte
1673 1394 1884 1470 Erdmannns

703 1499 900 1577 Weidnerus‚
937 1499 1091 1576 Pertzius,
1129 1500 1278 1577 Fnbrins‚
1303 1500 1430 1566 tandem
1460 1503 1494 1565 in
1523 1500 1718 1566 Thalbeimii
1746 1502 1886 1586 gratiam

702 1608 754 1672 hic
784 1606 851 1671 illic
881 1609 1019 1691 inspexit
1049 1606 1268 1673 Stadtmriller.
1299 1608 1397 1673 Putes
1426 1611 1533 1673 omnia
1563 1611 1629 1672 iam
1651 1620 1738 1672 certa
1759 1627 1827 1672 esse
1849 1613 1883 1671 et

702 1715 939 1793 ἀναμφίλεκτα,
971 1714 1025 1778 sed
1055 1735 1119 1779 non
1149 1735 1277 1799 prorsus
1301 1717 1346 1780 ita
1368 1722 1426 1779 est.
1461 1715 1613 1800 Inprimis
1635 1717 1771 1779 certiora
1794 1713 1883 1779 nobis

700 1820 815 1885 tradita
838 1819 955 1886 vellem
977 1819 1016 1885 de
1040 1824 1121 1885 vitio
1143 1823 1220 1885 satis
1242 1820 1411 1908 singulari,
1435 1822 1519 1906 quod
1542 1821 1719 1906 Immpmm
1743 1823 1770 1884 si
1796 1819 1885 1885 andi-

701 1948 774 1991 mus
804 1934 850 1990 ter
880 1930 913 1990 in
943 1925 1025 1992 libro
1055 1934 1161 1992 nostro
1191 1930 1400 1993 commissum
1431 1935 1489 1992 est.
1520 1928 1643 2013 Nempe
1666 1927 1719 1991 Or.
1742 1925 1773 1990 II
1797 1927 1815 2010 ξ
1839 1924 1883 1991 ’76

700 2035 874 2109 reicienda
903 2036 937 2097 in
960 2033 991 2098 X
1014 2054 1081 2098 esse
1105 2034 1298 2118 perhibetur,
1324 2033 1376 2100 Or.
1400 2033 1460 2099 VII
1483 2036 1501 2119 ᾗ
1527 2034 1568 2099 18
1593 2032 1883 2111 &responderem

701 2139 753 2206 Or.
778 2139 874 2203 XXX
904 2137 988 2224 §22
1032 2138 1212 2214 δυνάμενθα.
1248 2139 1394 2206 Breviter
1426 2162 1493 2205 rem
1528 2144 1660 2226 negavit
1693 2137 1883 2216 Schoellius,

701 2245 783 2312 male
812 2245 928 2332 legisse
955 2245 1129 2331 Lamprum
1161 2246 1357 2312 adseverans.
1389 2248 1432 2311 At
1460 2250 1612 2332 repetivit
1641 2249 1757 2311 miram
1788 2247 1886 2329 scrip

699 2362 805 2418 turam
843 2355 876 2416 in
907 2351 1106 2417 adnotatione
1137 2356 1246 2417 critica
1276 2353 1498 2420 'Phalheimins
1527 2349 1884 2437 ou,11§760tv11

700 2464 718 2547 ξ
743 2461 794 2535 18,
825 2459 863 2524 de
887 2462 981 2524 tertio
1006 2458 1075 2524 loco
1100 2458 1172 2524 silet
1195 2460 1303 2539 (m
1327 2463 1345 2544 ξ
1368 2460 1435 2541 22).
1470 2460 1582 2545 ltaque
1606 2463 1661 2524 rix
1684 2461 1787 2524 ausim
1811 2478 1884 2522 con·

698 2572 814 2633 ieetare
838 2574 943 2630 tenere
965 2587 1022 2631 nos
1046 2567 1097 2631 hic
1120 2569 1277 2651 specimen
1301 2569 1375 2632 vitii
1397 2569 1623 2652 antiquissimi,
1647 2587 1685 2631 ex
1706 2583 1885 2651 papyraceo

701 2673 753 2739 vel
783 2671 939 2738 consimili
970 2672 1127 2737 scribendi
1158 2676 1278 2739 ratione
1309 2673 1497 2759 explicandi.
1532 2672 1669 2758 Nempe,
1700 2682 1736 2735 ut
1767 2676 1884 2735 notum

700 2791 748 2844 est
779 2800 818 2843 ex
849 2781 979 2864 papyris
1009 2778 1211 2865 Hyperideis,
1242 2779 1384 2845 solebant
1415 2781 1534 2845 scribae
1561 2776 1705 2844 nonnulli
1727 2780 1825 2842 etiam
1849 2779 1883 2839 in

699 2885 803 2951 medio
834 2882 998 2960 vocabulo,
1029 2888 1106 2971 quin
1136 2889 1233 2950 etiam
1265 2889 1298 2949 in
1330 2886 1435 2952 media
1465 2885 1599 2973 syllaba,
1632 2885 1686 2948 nbi
1715 2883 1755 2948 ad
1784 2881 1883 2946 finem

699 3013 808 3057 versus
839 2998 1028 3077 perventum
1056 2998 1125 3056 erat
1155 2997 1188 3056 et
1217 2992 1325 3057 deerat
1355 2996 1494 3079 spatium
1525 2990 1643 3056 -vel
1667 2990 1773 3054 deesse
1795 2988 1884 3052 vide

699 3101 793 3165 batur
815 3137 856 3147 —
879 3101 982 3162 iustae
1012 3096 1137 3163 litterae
1161 3100 1354 3185 pingendae,
1380 3107 1435 3164 ant
1458 3103 1588 3185 signnm
1613 3096 1740 3182 aliquod
1765 3115 1883 3179 ponere

699 3206 737 3271 ad
757 3227 883 3270 versum
904 3206 965 3268 rite
983 3203 1175 3289 explendum
1196 3211 1251 3269 ant
1269 3205 1420 3271 lineolam
1440 3214 1651 3270 transversam
1675 3208 1727 3266 τοῦ
1750 3209 1775 3265 Ε
1796 3200 1884 3264 ultra

699 3312 831 3377 modum
860 3313 1031 3397 porrigere.
1062 3310 1113 3376 Sic
1144 3315 1242 3377 etiam
1261 3316 1295 3376 in
1318 3308 1535 3378 vetustissimo
1557 3313 1672 3398 Lysiae
1696 3306 1883 3392 exemplari,

699 3440 773 3483 cnm
804 3437 835 3482 1.
858 3439 885 3482 c.
916 3421 1092 3493 1111111μεί11
1115 3418 1177 3482 fine
1199 3441 1311 3483 versus
1333 3423 1488 3505 scriptum
1511 3427 1593 3484 esset
1615 3418 1673 3483 tali
1697 3419 1764 3480 sive
1787 3417 1882 3499 signo

699 3527 767 3588 sive
790 3523 904 3588 lineola
927 3523 1066 3597 adiecta,
1091 3545 1223 3610 sequens
1247 3547 1357 3590 versus
1380 3548 1398 3591 a
1421 3525 1544 3612 syllaba
1567 3525 1603 3589 ta
1623 3526 1792 3608 inciperet,
1812 3521 1882 3585 fieri

700 3652 772 3696 sane
807 3633 912 3715 poluit
945 3639 982 3694 ut
1012 3632 1114 3696 scriba
1144 3636 1301 3698 recentior
1330 3633 1362 3697 id
1394 3654 1558 3718 perperam
1589 3653 1645 3716 pro
1669 3631 1697 3694 N
1721 3629 1880 3693 habuerit.

700 3737 777 3814 Sed,
812 3745 848 3801 nt
879 3735 1037 3812 dicebam,
1069 3741 1102 3802 in
1126 3745 1215 3803 tauta
1238 3739 1458 3825 exemplorum
1482 3742 1640 3825 paucitate
1664 3743 1759 3821 atque
1782 3738 1881 3799 etiam

699 3844 912 3928 ambignitate
931 3842 1144 3927 periculosum
1163 3846 1260 3910 fuerit
1280 3847 1354 3910 hinc
1373 3846 1494 3930 aliquid
1513 3847 1591 3910 certi
1611 3844 1649 3908 de
1664 3844 1880 3908 remotissimo

699 3950 815 4036 Lysiae
838 3949 1011 4034 archetypo
1034 3950 1227 4015 concludere.

745 4053 871 4121 Oertins
900 4057 961 4119 erit
993 4075 1074 4119 nnnc
1104 4055 1224 4140 aliquot
1255 4061 1429 4143 insigniora
1453 4056 1598 4142 exempla
1621 4074 1794 4141 proponere
1816 4074 1881 4117 eor-

700 4161 896 4247 rnptelarnm
929 4162 1044 4246 quibus
1067 4161 1232 4226 Palatinus
1253 4163 1334 4229 liber
1356 4161 1554 4229 infamis'est
1578 4185 1633 4248 per
1656 4169 1740 4227 certa
1763 4180 1879 4246 genera

699 4268 863 4343 distincta,
897 4269 1088 4353 paucissima
1119 4267 1156 4332 de
1180 4268 1311 4345 multis,
1338 4307 1379 4317 -
1403 4270 1479 4355 quid
1502 4273 1588 4335 enim
1611 4267 1805 4334 Thalbeimii
1828 4287 1881 4351 ap

698 4381 845 4457 paratum
881 4377 1028 4438 criticum
1063 4373 1237 4438 describere
1268 4382 1373 4440 totum
1405 4374 1539 4441 attinet?
1562 4414 1604 4425 -
1636 4376 1691 4440 sed
1721 4381 1879 4459 qnantum

699 4483 776 4543 satis
809 4480 935 4545 vi'detnr
964 4480 1003 4544 ad
1034 4480 1290 4565 cognoscendum
1322 4483 1399 4567 qnid
1422 4484 1511 4547 nobis
1533 4481 1627 4548 liceat
1650 4486 1684 4547 in
1706 4481 1787 4546 libro
1811 4487 1879 4545 tam

699 4583 782 4648 male
813 4585 930 4651 habito.
967 4584 1101 4650 Initium
1136 4586 1248 4651 faciam
1283 4588 1321 4652 ab
1357 4590 1516 4654 erroribus
1550 4611 1566 4655 e
1602 4588 1686 4653 male
1716 4587 1879 4654 intellecta

699 4692 854 4775 scriptura
877 4690 993 4757 unciali
1016 4699 1048 4756 et
1071 4694 1221 4757 continua
1245 4696 1346 4771 natis,
1371 4717 1451 4780 qnae
1475 4700 1580 4761 omnia
1603 4697 1667 4761 fere
1690 4695 1878 4761 iamdudum

699 4809 836 4860 correcta
855 4805 929 4861 sunt
948 4798 1220 4863 emendationibus
1238 4806 1305 4865 tam
1322 4800 1545 4885 pulcherrimis
1564 4824 1660 4888 quam
1680 4805 1876 4868 certissimis.

700 4896 901 4967 Oelebratnm
933 4911 980 4968 est
1010 4904 1091 4990 quod
1120 4902 1257 4971 Oobetns
1281 4910 1420 4992 repperit
1442 4907 1494 4973 Or.
1519 4908 1562 4974 VI
1585 4910 1635 4993 §4
1658 4912 1800 4979 θυσίαις
1824 4908 1877 4973 le
