5125 6150
1217 811 1357 860 ricinus.
1812 797 1872 861 111

690 980 812 1045 bellum
845 985 913 1044 erat
936 979 1129 1064 gerendum,
1153 979 1227 1044 inde
1250 977 1342 1044 facile
1365 982 1399 1043 in
1424 979 1585 1044 desertum
1609 984 1749 1046 excurrit
1771 1003 1875 1047 recur-

689 1091 812 1172 ritque,
850 1087 947 1151 donec
978 1092 1068 1171 capto
1100 1085 1307 1151 Tacfarinatis
1337 1085 1402 1151 filio
1433 1107 1595 1172 regressus
1626 1094 1674 1152 eet
1705 1089 1752 1172 (iu
1780 1088 1875 1154 solita

691 1198 834 1279 priorum
854 1192 971 1257 ducum
991 1193 1206 1274 hibernacula)
1224 1192 1303 1258 falso
1322 1200 1411 1258 ratus
1430 1192 1525 1258 finem
1537 1197 1603 1258 iam
1617 1193 1737 1259 bellum
1750 1195 1873 1260 habere.

691 1300 811 1380 Quodsi
838 1301 919 1364 mihi
938 1321 1000 1364 non
1020 1301 1202 1365 conceditur
1216 1307 1344 1383 propter
1363 1301 1562 1382 metaphoram
1580 1300 1663 1365 illud
1681 1308 1714 1364 ut
1733 1305 1874 1387 positum

692 1429 775 1484 esee,
808 1406 1040 1490 Nipperdeiano
1070 1407 1159 1471 nobis
1190 1406 1329 1471 remedio
1360 1413 1408 1471 eet
1436 1406 1610 1484 utendum,
1633 1427 1708 1471 nam
1730 1410 1758 1471 si
1780 1429 1873 1473 seusu

691 1519 745 1576 τοῦ
778 1520 924 1597 tamquam
954 1512 981 1575 εἰ
1011 1515 1198 1598 accipimus,
1231 1510 1439 1599 temporalem
1472 1513 1576 1577 verbis
1599 1513 1688 1577 limem
1711 1514 1782 1577 betti
1805 1517 1873 1579 vim

691 1620 881 1695 tribuimus,
905 1618 1130 1703 quodfalsum
1154 1624 1215 1696 est;
1241 1621 1268 1682 si
1292 1618 1378 1682 idern
1401 1625 1553 1703 putamus
1574 1639 1641 1683 esse
1662 1619 1744 1704 quod
1763 1627 1872 1702 utpote,

691 1724 839 1790 Blaesum
875 1730 1077 1810 reputantem
1109 1727 1243 1790 iacimus
1274 1746 1354 1810 quae
1385 1747 1479 1791 sensu
1509 1746 1597 1790 cassa
1625 1725 1785 1792 ridentur.
1820 1726 1872 1792 Sic

690 1836 777 1897 enirn
807 1838 878 1895 tum
909 1853 983 1896 eum
1013 1852 1121 1896 secum
1152 1832 1286 1896 facimus
1317 1831 1566 1917 colloquentem:
1600 1853 1694 1909 „eum
1717 1833 1815 1898 semel
1837 1836 1871 1897 in

689 1938 807 2003 finibus
829 1941 986 2024 regionis,
1012 1938 1067 2003 ubi
1091 1936 1214 2002 bellum
1237 1941 1372 2024 geritur,
1397 1961 1463 2020 erpo
1486 1940 1532 2004 ibi
1555 1938 1721 2004 manebo.’'

734 2046 820 2130 Apte
841 2046 891 2109 his
914 2044 1026 2110 addere
1050 2065 1179 2129 possum
1204 2045 1241 2110 de
1262 2045 1384 2110 duabus
1403 2048 1592 2111 coniecturis
1612 2045 1870 2130 disputationem,

688 2173 767 2237 quae
799 2151 895 2216 falsae
925 2151 1006 2214 mihi
1029 2151 1177 2215 videntur
1185 2173 1193 2230 ;
1219 2151 1311 2216 credo
1336 2155 1422 2216 enim
1446 2151 1579 2217 alteram
1604 2150 1717 2218 saltem
1742 2173 1869 2230 earum,

686 2261 715 2322 si
747 2267 857 2323 auctor
886 2260 980 2322 unius
1010 2258 1099 2322 verbi
1130 2261 1198 2322 vim
1228 2257 1345 2323 melius
1376 2260 1605 2344 perspexisset,
1641 2279 1806 2344 nunquam
1837 2261 1871 2323 in

687 2365 795 2430 lucem
818 2365 1015 2451 prodituram
1040 2365 1146 2429 fuisse.
1173 2365 1317 2430 Pertinet
1340 2386 1376 2430 ea
1399 2365 1438 2429 ad
1462 2367 1543 2429 Ann.
1567 2364 1642 2442 XII,
1666 2364 1728 2430 26:

734 2472 834 2537 Nemo
869 2471 945 2536 adeo
975 2492 1086 2555 erpere
1116 2471 1350 2536 misericordiae
1381 2471 1444 2535 fuit
1475 2492 1569 2556 quem
1601 2493 1662 2535 uon
1697 2470 1871 2536 Britannici

687 2579 834 2643 fortunae
868 2598 992 2642 maeror
1032 2576 1120 2657 (Em.
1155 2577 1283 2642 fortuna
1318 2584 1472 2657 maerore)
1512 2577 1657 2642 afficeret.
1703 2577 1871 2642 Desolatus

689 2684 845 2770 paulatim
877 2687 975 2747 etiam
1007 2683 1177 2748 servilibus
1207 2685 1411 2761 ministeriis,
1437 2707 1473 2766 p.
1505 2683 1710 2766 intempestivo
1732 2706 1871 2748 novercae

688 2790 785 2874 officio
808 2790 841 2852 im
864 2789 997 2852 ludibrio
1019 2791 1166 2866 vertebat,
1190 2789 1366 2870 inteltepema
1380 2790 1476 2875 futei.

733 2895 928 2980 Plerumque
949 2895 1076 2960 literam
1089 2919 1124 2978 p.
1146 2903 1311 2980 tamquam
1331 2896 1554 2981 compendium
1565 2899 1807 2981 praepositionis
1812 2919 1871 2980 per

689 3005 862 3087 accipiunt,
877 3008 971 3087 atque
984 3023 1060 3088 ergo
1072 3003 1201 3066 uertebat
1212 3005 1416 3068 intransitive
1428 3006 1569 3089 positum
1579 3010 1705 3090 putant,
1719 3011 1753 3068 ut
1765 3005 1872 3069 omnia

688 3112 732 3174 sic
753 3112 817 3173 sint
834 3110 1001 3174 vertenda:
1028 3110 1250 3186 „Britannicus
1271 3110 1380 3174 officiis
1398 3110 1464 3175 illis
1483 3132 1650 3188 novercae,
1671 3132 1750 3197 quae
1769 3114 1870 3197 ipeius

687 3219 823 3303 tempori
843 3225 938 3301 atque
958 3218 1044 3280 tristi
1063 3219 1140 3281 sorti
1159 3222 1227 3281 tam
1245 3224 1334 3281 erant
1354 3220 1525 3295 contraria,
1547 3217 1724 3283 ludibrium
1742 3216 1869 3283 fiebat”.

688 3322 887 3399 Feleissime,
909 3325 936 3385 ei
960 3323 1035 3407 quid
1059 3322 1160 3388 rideo.
1185 3323 1304 3387 Vertere
1327 3322 1377 3400 im,
1400 3326 1601 3389 intransitive
1624 3326 1784 3411 positum,
1805 3329 1870 3389 eei:

688 3433 742 3507 „in
762 3429 977 3494 condicionem
998 3432 1106 3493 venire
1126 3431 1318 3493 contrariam
1329 3428 1381 3493 illi
1392 3432 1426 3493 in
1439 3451 1500 3514 qua
1512 3431 1616 3495 fueras
1627 3432 1751 3496 antea”.
1771 3433 1870 3516 Atqui

687 3539 784 3600 miser
807 3535 862 3599 ille
885 3536 1089 3600 Britannicus
1112 3542 1185 3620 poet
1207 3534 1321 3600 alterae
1345 3538 1443 3621 patris
1467 3540 1595 3621 nuptias
1614 3540 1748 3603 minime
1767 3539 1871 3606 fuerat

687 3642 814 3705 ludibrii
837 3642 1027 3705 eontrarium.
1053 3640 1113 3706 Sed
1138 3663 1176 3707 ne
1200 3663 1283 3707 nunc
1307 3643 1436 3726 quidem
1459 3643 1552 3729 plene
1576 3645 1677 3710 factus
1701 3651 1767 3710 erat
1789 3646 1871 3712 ludi·

685 3750 791 3814 brium
816 3748 1034 3825 Britannicus,
1060 3749 1331 3834 quemadmodum
1349 3758 1480 3835 apparet
1500 3773 1516 3816 e
1536 3751 1699 3817 vocabulis
1720 3756 1869 3820 continuo

686 3855 891 3940 sequentibus
921 3855 1096 3935 imtettepem
1118 3856 1216 3941 fatri.
1249 3852 1389 3921 Gravius
1413 3858 1472 3922 hoc
1496 3857 1594 3941 quod,
1620 3865 1657 3923 ut
1680 3867 1789 3924 tamen
1812 3860 1870 3926 illa

685 3963 842 4026 sententia
875 3982 913 4024 ex
945 3962 1005 4025 hoc
1037 3960 1105 4025 loeo
1136 3962 1260 4025 extrahi
1293 3964 1411 4047 possit,
1436 3963 1583 4036 ludibrio,
1608 3966 1689 4050 quod
1715 3967 1868 4032 traditum

685 4074 750 4143 eet,
775 4071 808 4131 in
834 4068 995 4130 traditricem
1020 4073 1068 4132 est
1092 4068 1303 4146 mutandum,
1332 4090 1411 4154 quae
1434 4076 1518 4135 certe
1540 4078 1587 4135 est
1610 4076 1779 4137 temeraria
1801 4094 1869 4139 con-

683 4178 804 4239 iectura
828 4172 979 4258 nulloque
1000 4174 1100 4239 solido
1121 4179 1224 4239 nitens
1244 4174 1460 4242 fundamento.
1482 4179 1526 4241 At
1544 4179 1772 4262 gravissimum
1785 4179 1868 4264 quod

683 4286 749 4345 tota
781 4282 953 4355 sententia,
987 4287 1035 4344 tot
1067 4280 1208 4345 artificiis
1240 4285 1431 4367 composita,
1460 4282 1548 4347 nullo
1571 4281 1700 4349 vinculo
1723 4284 1869 4350 cohaeret

685 4385 738 4451 vel
769 4407 842 4451 curn
874 4386 1133 4471 praecedentibus
1163 4387 1215 4454 vel
1246 4410 1321 4453 cum
1351 4390 1565 4475 sequentibus.
1589 4388 1674 4476 Ergo
1697 4393 1730 4454 in
1754 4390 1811 4456 illo
1830 4415 1867 4474 p.

684 4514 759 4558 cum
789 4492 917 4558 Sirkero
935 4517 1014 4575 puer
1036 4493 1134 4559 latere
1159 4501 1287 4572 statuo,
1313 4518 1413 4582 neque
1438 4504 1544 4560 tamen
1568 4500 1612 4561 sic
1635 4505 1742 4563 verto:
1769 4519 1868 4584 „puer

685 4599 784 4663 officia
807 4597 864 4663 illa
886 4621 1039 4665 novercae
1061 4601 1206 4665 ridebat''
1227 4623 1302 4665 nam
1321 4601 1442 4688 legitur
1461 4602 1594 4664 tadidria
1613 4625 1674 4668 nou
1694 4603 1866 4683 traditricem,

682 4727 784 4790 neque
809 4704 982 4791 quidquam
1007 4706 1040 4769 im
1064 4707 1226 4771 ludibrium
1249 4708 1372 4771 vertisse
1394 4708 1613 4773 Britannicum
1634 4709 1782 4775 credibile
1801 4717 1865 4789 eet;

682 4816 799 4877 tacitus
830 4819 1029 4877 contemnere
1060 4820 1182 4897 potest,
1214 4816 1247 4877 in
1277 4816 1360 4878 risus
1383 4835 1549 4898 erumpere
1572 4836 1633 4880 non
1658 4822 1705 4881 est
1727 4817 1868 4882 hominis

685 4926 750 4983 tam
776 4922 894 4983 miseri.
919 4919 1062 5004 Denique
1086 4922 1261 4985 retinemus
1285 4921 1434 4997 ludibrio,
1455 4919 1595 5007 legimus
1611 4946 1691 5006 puer
1710 4931 1742 4989 et
1761 4930 1867 4991 totum
