5125 6150
1037 837 1150 884 33333
1173 836 1346 884 coruscus.
1709 818 1771 886 371

586 1003 789 1069 Schwestern
820 1000 997 1066 verlriindet
1027 1001 1100 1077 hat,
1133 1003 1178 1064 313
1208 999 1337 1064 wurden
1368 1002 1401 1063 13
1426 1002 1569 1086 wenigen
1593 999 1700 1087 'l'ageu
1725 1000 1776 1066 die

585 1111 732 1175 Freihcit
766 1107 916 1195 erlangen
952 1105 1053 1185 (1205
1074 1111 1134 1190 sq.)
1169 1109 1212 1170 ist
1249 1104 1388 1170 offenbar
1421 1106 1474 1170 iiir
1509 1106 1559 1171 die
1593 1105 1690 1172 Scene
1721 1106 1776 1172 der

586 1218 791 1295 areensem
822 1213 973 1280 erfunden
1003 1213 1051 1293 (td
1073 1234 1123 1292 eqo
1146 1212 1207 1275 eriri
1231 1232 1257 1276 e.
1271 1234 1300 1296 q.
1315 1220 1354 1290 s.)
1362 1233 1371 1289 ;
1403 1211 1469 1276 und
1500 1234 1535 1276 33
1567 1213 1675 1298 bringt
1698 1211 1778 1299 Syn·

586 1330 733 1389 cerastas
764 1343 796 1386 es
828 1343 885 1386 vor
916 1319 962 1384 313
993 1318 1172 1406 Gegcnsatz
1202 1338 1307 1404 gegen
1338 1318 1399 1384 den
1422 1317 1518 1383 iiblen
1542 1318 1653 1404 Erfolg
1676 1321 1777 1384 seines

587 1428 699 1494 Herrn
732 1426 810 1507 (847
832 1434 908 1512 sq.);
946 1426 1049 1490 dieser
1083 1425 1157 1490 aber
1189 1424 1347 1489 berichtst
1381 1422 1578 1489 ausfrihrlich
1613 1425 1692 1490 iiber
1726 1425 1777 1489 die

587 1535 692 1602 Sache
716 1533 780 1599 449
802 1555 847 1618 sq.
877 1532 919 1597 So
942 1532 1058 1619 gehdrt
1080 1531 1163 1596 diese
1186 1530 1283 1596 Scene
1307 1529 1364 1610 (II)
1387 1530 1615 1617 unweigerlich
1639 1533 1700 1596 mit
1722 1530 1777 1597 der

587 1644 722 1707 zweiten
754 1640 864 1705 Hilfte
895 1640 948 1704 des
979 1637 1115 1703 Stiickes
1146 1659 1209 1702 von
1242 1638 1412 1723 Ursprung
1447 1658 1645 1716 zusammen;
1678 1639 1777 1702 wahr-

586 1746 763 1814 echeinlich
789 1746 868 1811 wird
899 1768 932 1812 es
956 1745 1114 1821 dadurch,
1138 1765 1228 1809 wenu
1251 1745 1333 1808 auch
1356 1745 1446 1808 nicht
1467 1747 1601 1830 gewiss,
1626 1744 1697 1809 dass
1720 1743 1775 1809 der

587 1852 689 1920 Miles
710 1857 778 1918 3133
800 1852 902 1938 Figur
925 1852 979 1916 des
1005 1850 1208 1929 Καρχηδόνιος
1232 1871 1297 1916 war
1312 1850 1345 1930 ¹).

636 1958 845 2025 Γ1313313333
869 1958 1091 2023 describendus
1115 1957 1194 2034 fuit,
1220 1960 1294 2041 quia
1319 1978 1350 2020 v.
1371 1954 1409 2020 31.
1435 1956 1539 2020 thesin
1562 1976 1653 2020 suam
1673 1955 1778 2022 defen·

586 2067 656 2143 dit,
689 2072 720 2131 ct
751 2068 905 2130 nimirum
930 2064 1094 2129 defendere
1119 2068 1245 2127 tantum
1264 2065 1387 2147 potuit,
1413 2064 1688 2148 argumentatione
1711 2070 1777 2128 tam

586 2170 703 2238 subtili
722 2179 753 2237 31
773 2179 932 2248 tortuosa,
954 2174 1037 2235 utsi
1055 2190 1154 2234 3333
1174 2167 1468 2234 333313313333133
1480 2171 1663 2234 omitterem
1674 2190 1776 2254 neque

586 2278 729 2366 intelligi
762 2300 862 2365 neque
894 2281 1116 2343 convenienter
1147 2276 1297 2362 redargui
1320 2283 1435 2363 posset.
1467 2276 1569 2356 Quam
1593 2283 1701 2342 eutem
1725 2277 1777 2341 de-

590 2385 666 2452 bilis
697 2389 739 2450 sit
770 2392 837 2451 tota
867 2390 1029 2450 structura
1059 2405 1122 2448 non
1145 2390 1410 2470 argumentorum
1432 2383 1487 2448 sed
1509 2383 1717 2461 indiciorum,
1740 2389 1777 2448 ut

590 2493 737 2559 modeste
757 2492 884 2570 fatetur,
905 2498 1035 2578 apparet
1047 2489 1343 2576 sisiugulaindicia
1356 2492 1533 2555 accuratius
1545 2493 1775 2555 examinamus.

636 2599 786 2663 Primum
817 2599 877 2663 hoc
904 2618 922 2662 3
942 2597 1045 2662 Leone
1069 2596 1261 2674 conceditur,
1285 2595 1393 2661 lenoni
1417 2618 1434 2661 3
1458 2595 1608 2660 sacrificio
1632 2597 1777 2662 redeunti

587 2715 623 2772 et
657 2705 759 2770 militi
793 2704 860 2784 (des
895 2725 972 2769 vom
1006 2704 1102 2789 Opfer
1138 2702 1417 2768 zuruclrkehrende
1455 2701 1601 2787 Kuppler
1719 2704 1777 2768 wie

589 2812 673 2878 auch
695 2811 771 2877 der.
787 2858 793 2874 .
810 2810 966 2891 ‚Officier)
985 2814 1017 2875 in
1038 2818 1172 2896 utraque
1191 2808 1299 2875 sabula
1316 2796 1430 2874 locum
1444 2810 1549 2874 fuisse.
1574 2807 1655 2874 Dein
1674 2810 1777 2876 tribus

593 2918 718 2983 indiciis
742 2918 895 3003 probatur
917 2924 1086 3001 utramque
1109 2936 1275 3001 personam
1300 2937 1316 2981 3
1340 2912 1555 2982 Carchedonio
1575 2915 1776 3002 desumptam

597 3046 680 3102 3333,
702 3046 841 3111 quorum
863 3026 1006 3110 primum
1029 3025 1088 3090 hoc
1112 3030 1177 3089 cst:

636 3131 835 3197 Sacrificium
857 3135 891 3196 in
915 3138 988 3197 3313
1011 3131 1055 3196 IV
1078 3138 1293 3195 memoratum
1316 3130 1437 3195 factum
1461 3136 1510 3195 331
1533 3151 1551 3195 3
1572 3128 1683 3196 133333
1704 3127 1779 3197 Oar-

588 3238 752 3315 chedonii,
787 3237 861 3302 huic
896 3236 1046 3302 sacrificio
1081 3235 1218 3303 alterum
1249 3239 1282 3300 13
1314 3243 1387 3301 3313
1418 3235 1449 3300 Π
1484 3243 1552 3301 tam
1586 3235 1693 3301 simile
1727 3242 1775 3302 331

589 3353 627 3410 31
651 3344 692 3409 ad
715 3343 847 3409 eandem
870 3343 1011 3409 fabulam
1034 3344 1144 3408 referri
1169 3344 1298 3421 debeat,
1322 3364 1398 3429 ergo
1421 3342 1547 3408 311333
1571 3349 1602 3408 31
1625 3341 1775 3409 3113313

590 3459 667 3517 actu
689 3450 721 3515 Π
743 3456 818 3515 sunt
841 3472 880 3514 ex
903 3448 1125 3516 Carchedonio.

639 3557 837 3622 Positionem
861 3559 1013 3621 maiorem
1035 3577 1098 3621 non
1120 3575 1220 3641 nego,
1244 3554 1299 3620 scd
1322 3555 1424 3619 refuto
1447 3557 1603 3619 minorem
1626 3555 1663 3621 de
1686 3558 1778 3621 sacri·

592 3663 741 3729 liciorum
763 3660 984 3727 similitudine.
1009 3661 1190 3727 Secundum
1213 3661 1353 3727 Leonem
1376 3662 1453 3726 haec
1475 3664 1509 3724 in
1533 3682 1569 3726 3ο
1592 3665 1694 3747 posita
1717 3668 1774 3740 est,

591 3768 679 3855 quod
711 3790 750 3834 cx
781 3776 915 3852 utroque
946 3768 1097 3834 sacrificio
1120 3789 1169 3833 res
1193 3768 1348 3853 quaedam
1374 3767 1505 3832 domum
1527 3768 1717 3846 referuntur,
1741 3772 1776 3832 in

593 3875 638 3941 IV
661 3898 734 3939 3333
755 3896 773 3939 3
797 3896 889 3941 servo
913 3875 1101 3962 Syncerasto
1126 3874 1215 3954 (847,
1240 3873 1330 3953 863),
1353 3876 1386 3937 13
1409 3873 1440 3938 11
1463 3882 1532 3938 ecta
1554 3895 1572 3938 a
1594 3896 1692 3961 puero
1714 3897 1777 3940 non

592 3985 760 4048 nominato
794 3981 884 4060 (491,
916 3980 1010 4058 6171
1041 3980 1140 4046 altera
1170 3979 1281 4046 relatio
1313 3978 1446 4046 alteram
1476 4001 1585 4045 secum
1616 3981 1713 4045 trahit
1742 3984 1775 4044 13

593 4088 729 4155 eandem
759 4087 900 4154 fabulam
932 4088 1030 4169 (nieht
1144 4088 1225 4152 nach
1255 4087 1323 4152 sich
1353 4091 1386 4151 13
1415 4087 1556 4152 dassslbe
1586 4086 1710 4168 Stiiclr).
1741 4086 1776 4152 Si

592 4197 754 4263 obicimus
777 4202 845 4258 ecta
867 4216 930 4259 non
953 4215 1020 4259 3333
1042 4217 1128 4271 vaae,
1154 4196 1276 4279 reponit
1299 4197 1334 4258 in
1357 4193 1505 4280 originali
1528 4191 1648 4259 Graeco
1668 4194 1777 4278 proba·

590 4302 703 4369 biliter
731 4303 765 4364 in
796 4322 830 4365 r.
854 4299 918 4365 491
949 4309 981 4365 31
1015 4298 1079 4365 617
1111 4302 1209 4365 31133
1240 4321 1313 4363 acac
1343 4305 1588 4364 commemorata
1612 4299 1727 4375 fuisse,
1759 4319 1777 4362 a

592 4408 712 4475 Plauto
731 4407 857 4470 331333.
881 4405 917 4470 Si
936 4406 1038 4471 denuo
1058 4406 1211 4470 obicimus
1230 4412 1299 4469 eata
1318 4407 1416 4469 etiam
1435 4406 1592 4468 33313331
1610 4406 1643 4467 13
1663 4426 1695 4469 v.
1709 4403 1775 4468 804

590 4522 689 4599 (quae
718 4532 810 4576 scena
840 4511 1014 4577 secundum
1044 4511 1183 4576 Leonem
1213 4531 1338 4595 quoque
1361 4531 1399 4575 er
1422 4530 1582 4596 anonyma
1604 4515 1664 4587 est)
1687 4514 1720 4573 31
1742 4511 1777 4573 13

589 4622 653 4685 hoc
678 4639 773 4683 versu
795 4640 929 4681 vasorum
951 4621 1146 4683 mentionem
1169 4616 1238 4682 ficri
1257 4638 1321 4682 uon
1341 4618 1480 4701 potuisse
1501 4616 1775 4695 (estimaretur

628 4896 657 4957 1)
675 4895 710 4943 Ci.
728 4894 777 4944 uo
795 4910 818 4959 p.
838 4894 882 4942 1⁹1
902 4894 929 4941 de
947 4892 1053 4957 prologo,
1072 4891 1111 4941 ubi
1128 4907 1150 4939 r.
1171 4892 1217 4940 102
1227 4906 1261 4954 eq.
1279 4890 1364 4939 militis
1381 4890 1470 4939 mentio
1488 4891 1527 4947 111,
1545 4889 1574 4937 de
1590 4905 1636 4953 qua
1651 4905 1677 4938 rc
1691 4890 1716 4939 iu
1731 4892 1777 4941 133

590 4979 666 5029 huius
682 4976 937 5025 commentatiunculae
954 4975 1038 5024 diram.
