5125 6150
748 863 751 867 ⁵
802 829 865 904 156
1135 851 1300 906 monrerue
1323 850 1643 910 nnnronnnneenrere.

798 1019 992 1109 Sylburgiue
1020 1023 1156 1086 inseruit
1186 1026 1452 1109 praepositionem
1483 1024 1572 1106 τρίς,
1605 1025 1659 1091 eed
1688 1025 1865 1113 elegantiae
1889 1025 1985 1092 oorri·

796 1134 893 1215 getur
917 1129 1239 1208 ιῖπολνσίμενοο.
1264 1128 1313 1197 Of.
1338 1129 1446 1198 Cobet.
1472 1130 1544 1197 Ver.
1569 1131 1655 1200 Leot.
1680 1156 1710 1220 p.
1737 1132 1812 1199 368.

842 1349 951 1415 v186
976 1373 1007 1438 p.
1034 1348 1138 1416 1238:
1162 1352 1214 1417 οὐκ
1239 1350 1277 1417 δν
1302 1353 1382 1423 ίντδς
1406 1354 1517 1429 ίλίγων
1543 1353 1657 1431 ἡμερῶν
1680 1355 1721 1433 τῷ
1746 1353 1900 1434 κακίςῳ
1924 1356 1985 1420 τῶν

797 1457 894 1537 μίρωι
913 1458 1098 1537 ιῖναλωίείιι,
1120 1473 1158 1522 λι
1166 1461 1232 1536 μςῖ.
1257 1459 1436 1524 Praestabit
1455 1458 1580 1546 legere:
1602 1462 1644 1540 τῷ
1667 1461 1849 1540 οἰκτίσειε
1872 1483 1984 1528 omnes

797 1564 932 1630 Homeri
960 1563 1167 1629 recordantur
1191 1563 1305 1652 Odyes.
1331 1575 1364 1630 M
1380 1564 1462 1631 342:
1488 1568 1567 1646 λιμῷ
1592 1564 1618 1630 δ’
1642 1565 1769 1637 οίιιτιπον
1794 1567 1906 1633 ίαιίειν
1931 1568 1984 1633 καί

796 1670 914 1745 πίτμον
945 1671 1095 1735 ἐπισπεῖν.
1132 1669 1299 1737 Praeterea
1331 1693 1393 1737 non
1423 1673 1520 1737 nimie
1552 1671 1680 1738 difficile
1712 1677 1773 1739 erit
1802 1673 1985 1761 intelligere

796 1778 975 1842 ineitieium
1006 1775 1074 1842 ee'ae
1102 1776 1135 1841 id
1167 1777 1251 1863 quod
1275 1783 1324 1843 eet
1347 1780 1469 1857 λιμῷ,
1493 1781 1654 1863 imprimis
1677 1782 1704 1844 ei
1729 1778 1900 1845 contuleris
1926 1779 1985 1845 VII

798 1882 841 1947 44
869 1905 899 1969 p.
926 1882 1012 1948 1408
1040 1877 1100 1948 ὅσοι
1125 1883 1151 1947 δ’
1176 1881 1214 1947 διν
1238 1885 1418 1958 ὑπομείνωσι
1442 1887 1484 1965 τῷ
1508 1884 1795 1965 κακοδαιμονετιίτῳ
1819 1887 1985 1967 διαφίαριὶ-

797 1991 903 2055 οεσίαι
926 1994 983 2053 τῶν
1006 1988 1113 2069 μίρων.
1137 1986 1255 2055 Contra
1277 1987 1493 2076 Kieeelingine
1524 1995 1627 2076 priore
1659 1991 1727 2059 loeo
1759 2014 1835 2058 uene
1867 2001 1916 2059 eet
1946 2000 1984 2058 ut

795 2098 831 2160 in
862 2094 999 2161 alterum
1028 2094 1135 2161 loeum
1157 2097 1237 2177 λιμῷ
1261 2096 1434 2162 inferciret.
1459 2097 1543 2163 Mira
1567 2105 1642 2162 eunt
1665 2099 1833 2164 hominurn
1853 2100 1982 2165 iudicia.

796 2198 844 2268 Of.
877 2201 988 2267 Μαοοιι.
1022 2200 1108 2267 1886
1140 2224 1171 2288 p.
1206 2201 1280 2267 137.
1311 2201 1467 2268 Similiter
1497 2203 1703 2271 Helbertema
1726 2204 1893 2292 aliquando
1919 2227 1983 2271 eor·

795 2310 879 2373 rexit
902 2307 978 2396 Lye.
1002 2329 1029 2373 o.
1053 2295 1207 2374 Andocid.
1234 2308 1296 2394 §L

841 2527 885 2593 Vl
908 2527 952 2592 86
984 2550 1014 2614 p.
1041 2527 1144 2594 1240:
1178 2508 1343 2607 ἀντιβολεῖ
1370 2528 1421 2593 καί
1454 2528 1513 2600 τοὶς
1545 2529 1688 2609 ψυχας
1721 2530 1791 2604 ὑμῖν
1815 2527 1886 2606 ἅμα
1910 2540 1981 2604 ταῖς

797 2637 912 2705 πύλαις
945 2635 1176 2700 ἀναπετάσασα
1208 2634 1406 2714 ὑποδέχεται.
1438 2634 1512 2701 Sine
1536 2635 1683 2720 exemplo
1705 2637 1764 2702 hoo
1785 2636 1910 2701 dietum
1935 2643 1982 2702 eat

795 2749 829 2810 et
851 2746 930 2809 seire
953 2739 1108 2828 pervelim
1132 2741 1291 2808 undenam
1314 2741 1530 2829 Kieeelingiue
1553 2750 1585 2808 et-
1608 2742 1753 2808 laoobiue
1776 2763 1847 2808 eam
1872 2741 1981 2809 lectio·

794 2871 869 2915 nem
892 2851 1101 2936 arripuerint,
1126 2870 1200 2914 eum
1223 2848 1393 2937 Sylburgii
1414 2847 1511 2914 lectio
1535 2852 1594 2913 eit:
1621 2850 1677 2921 τοὶς
1701 2857 1860 2933 χεῖρας.
1912 2838 1916 2845 ’

1241 3002 1535 3085 (θοωίοιιωωίιιοοίωο).

1243 3397 1286 3444 ΔΙ)
1309 3395 1532 3444 Pharnaceon.

839 3569 917 3655 Lye.
932 3565 972 3631 ll
993 3564 1111 3644 (Sint).
1132 3561 1299 3628 Nobilium
1318 3563 1523 3628 vehementer
1540 3562 1689 3648 Lycurgo
1705 3564 1862 3627 iratorum
1874 3582 1976 3640 unua,

793 3658 967 3747 Lyeander,
998 3677 1073 3742 eum
1103 3654 1245 3720 adoritur
1276 3660 1308 3718 et
1330 3654 1461 3719 oculum
1484 3654 1595 3719 baculo
1619 3654 1776 3718 vulnerat.
1801 3654 1903 3733 Quem
1928 3658 1976 3718 in·

795 3748 1018 3839 dignabundue
1049 3745 1186 3834 populus
1208 3745 1398 3831 prehensum
1421 3748 1454 3809 in
1478 3748 1669 3811 servitutem
1693 3744 1789 3808 tradit
1812 3744 1974 3831 Lycurgo.

794 3847 839 3908 At
867 3841 923 3907 ille
952 3840 1085 3905 domum
1115 3858 1191 3903 eum
1220 3836 1354 3901 abduxit
1376 3843 1409 3901 et
1431 3838 1518 3900 omni
1541 3839 1640 3901 mieea
1662 3835 1854 3901 contumelia
1876 3836 1977 3901 male·

795 3935 959 4019 dictoque,
984 3933 1045 3995 eibi
1067 3950 1142 3995 eum
1165 3930 1346 3993 ministrare
1367 3930 1476 4004 iueeit,
1500 3930 1657 3993 consuetis
1680 3930 1781 3992 eervie
1800 3930 1950 3991 remotis:

841 4026 855 4090 ί
880 4024 911 4089 δὲ
933 4024 986 4087 οὐκ
1010 4020 1047 4086 ὢν
1067 4021 1196 4098 οίγεννίις
1217 4020 1310 4085 ίπιίει
1330 4019 1365 4084 τί
1385 4018 1647 4097 προσταττόμενον
1668 4028 1783 4100 σιωπῇ,
1804 4018 1856 4083 καί
1877 4042 1978 4099 παροι-

796 4116 892 4195 μίνων
917 4111 988 4190 ι’ίμα
1012 4113 1053 4190 rel
1078 4110 1244 4191 Λυκούργῳ
1268 4109 1319 4175 καί
1344 4109 1593 4186 συνδιαιτώμενος
1619 4112 1649 4174 ἐν
1672 4112 1712 4190 τῷ
1738 4117 1900 4175 κατανοεῖν
1922 4112 1978 4183 σὺν

796 4206 956 4290 πρριίπιιπα
981 4203 1031 4268 καί
1057 4205 1091 4269 τί
1115 4204 1233 4274 ιῖπαίὲς
1256 4203 1351 4266 αὑτοῦ
1374 4209 1428 4276 τῆς
1452 4206 1560 4283 ψυχῆς
1582 4248 1675 4280 ....,
1701 4199 1795 4272 αὖτίς
1818 4224 1853 4264 τε
1874 4199 1978 4273 δεινῶς

797 4297 910 4373 διιτίίνρ
936 4297 1001 4376 περί
1025 4295 1076 4360 τδν
1100 4293 1193 4371 ἄνδρα
1218 4293 1281 4358 κτέ.

841 4388 1000 4456 Graecum
1021 4408 1085 4452 non
1109 4392 1173 4462 eet,
1198 4390 1235 4448 nt
1254 4385 1366 4468 opinor
1384 4384 1570 4462 παραμένειν
1591 4379 1662 4456 ίίμα
1682 4382 1757 4460 τινί,
1778 4402 1881 4466 neque
1900 4382 1979 4467 quid

796 4483 859 4549 eibi
883 4479 960 4546 velit
983 4480 1012 4542 ἐν
1037 4480 1078 4557 τῷ
1102 4481 1261 4541 κατανοεῖν
1286 4473 1378 4539 facile
1401 4473 1496 4539 dicae.
1519 4473 1581 4539 Sed
1603 4472 1691 4559 lege:
1716 4474 1766 4537 καί
1792 4477 1977 4551 παραμένων

797 4577 839 4649 τῷ
864 4571 1028 4649 Λυκούργῳ
1052 4569 1103 4633 καί
1127 4566 1377 4639 συνδιαιτώμενος
1401 4564 1472 4639 ἅμα
1497 4568 1537 4644 τῷ
1562 4572 1722 4629 κατανοεῖν
1746 4563 1821 4642 xri„
1854 4566 1979 4649 aptieei·

797 4683 884 4728 mam
903 4664 984 4729 hane
1003 4660 1132 4725 habebie
1150 4660 1358 4723 sententiam:
1380 4656 1479 4722 simul
1498 4659 1635 4721 virtutes
1655 4662 1747 4720 antea
1765 4656 1826 4719 eibi
1838 4657 1977 4741 ignotae,

797 4753 850 4817 eed
881 4754 1023 4841 Lycurgi
1052 4753 1211 4837 propriae,
1243 4748 1453 4834 eognoeeebat
1484 4754 1515 4812 et
1544 4749 1685 4812 maximo
1711 4748 1772 4811 viri
1795 4747 1979 4831 capiebatur

798 4862 921 4920 amore,
945 4863 1040 4928 quem
1064 4848 1131 4905 tam
1154 4862 1266 4926 parum
1291 4840 1450 4904 vindictae
1472 4839 1624 4923 cupidum
1647 4840 1853 4923 experiretur.

1780 4940 1810 5007 J.
1834 4940 1863 5006 ί.
1889 4941 1932 5006 Η.
