5125 6150
782 838 848 907 320
1212 851 1535 901 ousnnvsrrunconsn

781 1019 871 1081 haiae
913 1016 1041 1079 actionis
1074 1016 1249 1101 loquendam
1285 1024 1345 1095 eat,
1381 1023 1479 1079 utrum
1514 1016 1680 1102 quantitati
1703 1016 1727 1095 ¹)
1762 1019 1974 1100 [contractus]

782 1125 886 1187 debeat
907 1122 1020 1186 servire
1043 1128 1113 1200 etc,
1137 1128 1267 1208 apparet
1291 1123 1376 1187 enim
1401 1120 1559 1187 formulae
1583 1123 1689 1188 verbis
1714 1120 1796 1186 nibil
1818 1125 1975 1207 exprimi,

782 1251 845 1315 quo
868 1228 1035 1314 quantitati
1059 1234 1186 1293 vetetur
1208 1227 1321 1292 seruire
1342 1228 1456 1306 iudex,
1482 1227 1537 1293 sed
1559 1249 1652 1294 omne
1675 1231 1805 1293 omnino
1828 1228 1916 1314 quod
1939 1228 1977 1292 de

782 1334 925 1399 utilitate
957 1332 1008 1398 vel
1039 1336 1154 1398 actoris
1186 1332 1237 1399 vel
1268 1335 1368 1398 etiam
1399 1334 1484 1414 rei2)
1514 1333 1645 1419 legitur,
1668 1338 1707 1398 ut
1730 1340 1863 1419 propter
1885 1332 1976 1398 illam

783 1439 954 1505 excedatur
968 1437 1003 1517 3),
1027 1444 1157 1523 propter
1179 1439 1259 1503 hanc
1285 1460 1360 1504 vero
1384 1441 1551 1503 minuatur
1564 1439 1590 1519 ⁴)
1614 1438 1854 1516 condemnatio,
1876 1438 1977 1503 officio

782 1545 897 1610 iudicis
920 1548 1085 1628 receptum
1108 1564 1175 1609 esse
1198 1547 1278 1610 citra
1297 1551 1502 1630 praeceptum
1521 1547 1572 1609 ius
1591 1544 1736 1610 dicentis.
1760 1544 1977 1624 Quamobrem

782 1653 815 1716 in
847 1656 954 1714 vetere
983 1647 1137 1727 formula,
1162 1652 1190 1713 si
1214 1653 1296 1714 tanti
1319 1651 1416 1729 est³)‚
1441 1649 1618 1736 effingenda
1640 1657 1712 1715 ante
1737 1653 1846 1716 omnia
1870 1657 1978 1715 tenere

782 1756 935 1822 debemus
964 1757 1268 1820 commentariorum
1291 1757 1325 1819 in
1350 1755 1408 1819 hac
1431 1758 1534 1841 specie
1558 1755 1682 1820 niellam
1706 1777 1773 1821 esse
1797 1755 1978 1821 utilitatem

782 1868 820 1926 ut
843 1883 859 1925 e
883 1861 999 1947 quibus
1022 1859 1178 1924 indicium
1202 1863 1271 1945 capi
1295 1882 1356 1925 non
1375 1864 1490 1946 possit,
1512 1861 1624 1926 deinde
1644 1860 1742 1927 talem
1762 1862 1978 1947 quaerendam

783 1988 850 2033 esse
894 1966 1085 2042 formulam,
1126 1987 1206 2050 quae
1244 1969 1414 2031 conveniat
1456 1970 1597 2054 negotii,
1641 1966 1727 2051 quod
1770 1973 1977 2052 proponatur,

784 2079 926 2138 naturae.
964 2071 1022 2136 Est
1056 2078 1163 2136 autem
1197 2071 1374 2136 eiusmodi:
1411 2079 1448 2137 ut
1477 2071 1637 2138 iudicetur
1668 2078 1826 2158 quantum
1858 2073 1978 2138 Romae

784 2179 852 2243 dari
882 2182 1027 2262 oporteat
1057 2198 1113 2262 pro
1144 2198 1180 2242 ec
1212 2177 1297 2263 quod
1327 2177 1446 2261 Ephesi
1476 2177 1638 2242 debeatur.
1673 2177 1792 2257 Quidni
1816 2180 1922 2264 igitur
1945 2181 1978 2242 in

783 2284 860 2349 haee
889 2282 953 2347 fere
984 2283 1079 2347 rerba
1107 2281 1266 2347 iudicium
1296 2274 1481 2367 apraetore
1506 2283 1617 2347 datum
1641 2282 1824 2348 credemus:
1857 2283 1979 2347 iudea

784 2397 875 2452 ceto.
911 2387 952 2450 Si
976 2394 1098 2469 paret
1128 2389 1177 2452 N.
1210 2387 1425 2468 Neqidiam
1454 2390 1490 2452 Α.
1525 2388 1672 2469 Aperta
1704 2389 1767 2451 HS
1799 2389 1831 2450 X
1859 2388 1977 2451 mitia

783 2493 935 2576 Ephori
965 2495 1060 2556 aare
1090 2501 1293 2575 oportere,
1325 2494 1470 2578 quanti
1501 2493 1544 2556 id
1572 2516 1702 2557 nioman
1725 2495 1869 2557 Itomae
1893 2517 1978 2557 ease

783 2601 1012 2664 arbitratur
1035 2599 1133 2676 arie,
1154 2600 1238 2662 eiua
1261 2600 1380 2662 iudea
1403 2601 1662 2663 condemnata
1682 2598 1867 2684 etreliqua.
1889 2599 1976 2678 Quae

782 2705 923 2773 formula
951 2704 1117 2771 intellectu
1147 2728 1208 2770 non
1238 2706 1359 2772 recedit
1382 2707 1421 2771 ab
1444 2727 1497 2783 ea,
1522 2727 1619 2790 quam
1643 2706 1777 2771 finxerat
1799 2705 1917 2771 Lenel:
1943 2706 1977 2768 ei

781 2819 899 2896 paret
924 2850 965 2861 -
990 2818 1191 2894 oportere,
1223 2812 1344 2876 iudea
1375 2812 1584 2876 arbitratu
1617 2820 1682 2875 tuo
1707 2814 1977 2876 condemnato.

782 2919 933 2984 Ildictum
958 2919 1165 3002 praemiserat
1178 2917 1214 2996 ὕ),
1239 2918 1484 2982 Institutionum
1509 2917 1612 3002 (5330
1630 2919 1714 2997 (1.1.)
1735 2917 1777 2981 IV
1800 2916 1833 2996 6)
1855 2920 1978 2983 ratione

782 3024 910 3101 habita,
930 3022 1132 3089 huiusmodi:
1157 3025 1202 3087 de
1224 3046 1263 3088 ea
1286 3022 1387 3110 quod
1409 3031 1516 3088 certo
1540 3023 1623 3088 laea
1647 3023 1741 3087 dari
1763 3023 1976 3105 oporcecf),

781 3131 843 3195 ita
885 3130 1081 3193 iudicium
1122 3130 1234 3207 dabo,
1270 3137 1312 3193 ut
1346 3129 1519 3192 utititas
1553 3129 1633 3192 itta
1669 3128 1752 3192 loca
1786 3128 1975 3192 solventi

781 3235 897 3299 calva
920 3235 977 3298 rit
994 3234 1244 3317 promisceri.
1269 3234 1363 3300 Nunc
1386 3234 1513 3299 dubitat
1536 3235 1605 3314 (dae
1628 3234 1664 3298 Ε.
1686 3236 1724 3298 Ρ.
1749 3255 1780 3319 p.
1808 3232 1888 3314 196)
1911 3236 1978 3300 fue·

780 3343 865 3405 ritus
900 3342 1030 3405 omnino
1065 3340 1224 3416 edictum,
1259 3340 1345 3425 quod
1375 3341 1498 3423 possint
1529 3339 1775 3404 Institutionum
1806 3339 1905 3404 verba
1937 3339 1977 3404 ad

782 3445 954 3511 formulam
984 3448 1189 3530 pertinuisse,
1221 3467 1319 3531 quam
1350 3445 1466 3510 refellit
1498 3448 1682 3529 opinionem
1714 3443 1874 3531 Ulpianus
1905 3445 1928 3510 l.
1956 3446 1975 3508 2

783 3550 834 3633 §8
859 3553 912 3614 oit.
937 3551 988 3631 (D.
1013 3550 1064 3615 16.
1078 3551 1123 3631 4).
1148 3551 1287 3615 Possunt
1309 3550 1440 3636 quidem
1463 3571 1520 3615 uec
1543 3550 1582 3615 ad
1606 3551 1748 3616 edictum
1769 3572 1826 3615 nec
1852 3551 1891 3614 ad
1917 3551 1976 3616 for·

782 3655 906 3721 mulam
929 3658 1047 3741 scripta
1070 3678 1136 3722 esse
1160 3657 1214 3721 sed
1237 3660 1403 3742 supposita
1416 3656 1452 3736 ⁸),
1477 3659 1559 3721 sicut
1583 3660 1749 3741 supposita
1773 3654 1879 3721 multa
1899 3663 1975 3721 sunt

817 3962 842 4022 1)
862 3962 918 4010 bam
936 3959 1059 4023 intelligo,
1075 3974 1135 4023 qnae
1152 3959 1233 4007 intuta
1250 3959 1282 4007 sit
1298 3958 1348 4007 acle
1363 3957 1470 4007 locorum
1484 3958 1617 4006 differentia
1630 3958 1736 4022 inspecta
1749 3959 1788 4019 (ci.
1798 3959 1839 4008 ta
1853 3961 1882 4012 D.
1894 3961 1933 4011 13.
1943 3965 1975 4022 4).

816 4044 844 4106 8)
862 4044 925 4105 Ergo
948 4042 968 4090 si
992 4041 1109 4106 praetoria
1132 4040 1334 4088 demonstratione
1356 4040 1455 4088 utititas
1478 4040 1581 4088 nolocwi
1603 4041 1668 4088 salva
1692 4046 1729 4088 ert
1743 4041 1880 4103 promissori
1897 4043 1977 4103 (tbtlc

781 4124 806 4185 (1.
826 4124 852 4184 1.)
868 4123 929 4171 Inat.
947 4122 981 4171 lv
999 4122 1034 4185 6),
1052 4122 1099 4170 fuit
1116 4137 1144 4169 ea
1160 4121 1243 4178 edicti,
1262 4137 1308 4169 non
1327 4120 1456 4178 formulae,
1474 4121 1604 4184 conceptio.
1622 4121 1692 4185 Quod
1709 4136 1771 4170 nnnc
1789 4122 1886 4185 quidem
1903 4124 1976 4171 Iaeuel

783 4204 879 4264 (duell.
902 4204 927 4253 P.
946 4219 970 4267 p.
990 4203 1047 4261 leo)
1065 4203 1089 4253 in
1106 4202 1203 4251 dubium
1221 4206 1324 4268 revocat.

817 4288 844 4349 3)
864 4286 898 4333 Ex
917 4286 1015 4333 adversa
1032 4288 1100 4349 parte
1118 4300 1185 4333 mora
1201 4284 1375 4332 interveniente
1394 4283 1421 4347 (l.
1440 4284 1456 4331 8
1473 4285 1517 4344 58,
1535 4283 1550 4331 l.
1569 4286 1594 4342 8,
1611 4282 1625 4331 1.
1646 4284 1677 4331 10
1695 4285 1722 4331 D.
1745 4285 1782 4332 13.
1793 4285 1827 4348 4).

816 4370 844 4432 4)
862 4368 967 4416 Omnino
986 4366 1012 4426 (l.
1030 4368 1046 4414 4
1065 4367 1098 4428 §1
1119 4368 1147 4415 D.
1165 4367 1204 4415 13.
1213 4367 1247 4426 4),
1265 4366 1310 4414 nisi
1328 4379 1397 4413 mora
1413 4380 1497 4413 causae
1514 4365 1553 4413 sit.

818 4453 843 4512 6)
862 4451 916 4498 Non
934 4448 1071 4512 delinquere
1088 4463 1142 4496 enm
1159 4452 1217 4512 pato
1233 4446 1381 4512 (delinquere
1395 4451 1463 4511 putat
1478 4447 1563 4505 Lenel,
1579 4447 1671 4495 Ztackr.
1686 4448 1729 4496 der
1740 4448 1843 4496 San-St.
1856 4448 1880 4496 ll
1890 4450 1974 4510 (1881)

782 4550 805 4597 p.
824 4533 915 4595 ltsq.;
932 4531 976 4579 dar
993 4529 1063 4578 edict.
1079 4530 1163 4590 (1888)
1182 4546 1204 4593 p.
1223 4542 1277 4586 vm,
1294 4529 1334 4577 aed
1353 4528 1398 4577 vid.
1417 4527 1450 4576 ibi
1468 4535 1518 4576 not.
1536 4529 1570 4587 8),
1587 4528 1628 4591 qui
1644 4528 1871 4578 commentariorum
1886 4531 1976 4578 auxilio

782 4615 923 4670 destitutus.
941 4616 1020 4660 tamen
1038 4611 1067 4659 ad
1084 4611 1202 4675 quandam
1220 4609 1396 4674 probabilitatis
1413 4625 1535 4668 normam,
1553 4609 1612 4657 artis
1630 4614 1755 4674 praecepto
1773 4611 1840 4659 uullc
1861 4612 1975 4675 neglecto,

782 4704 873 4743 veteres
892 4693 1006 4743 formulas
1023 4695 1133 4756 effingere
1150 4692 1251 4742 student.

817 4776 844 4838 6)
861 4779 907 4840 Op.
927 4777 968 4824 eit.
986 4792 1009 4839 p.
1029 4775 1068 4822 60.

816 4854 843 4916 1)
862 4858 947 4904 Nonne
964 4855 1141 4919 oportebit?

815 4936 843 4997 8)
861 4938 972 4999 Suspecta
990 4937 1050 4986 mibi
1068 4940 1124 4985 aunt
1140 4935 1210 4985 verba
1227 4936 1299 5001 idque
1315 4936 1388 4986 etiam
1402 4941 1502 4998 praetor
1520 4938 1647 4983 monstrat.
