5125 6150
1056 829 1326 877 1111111111111.
1722 808 1785 875 281

594 996 635 1058 111
660 992 819 1077 lapidem,
844 1014 941 1078 quam
968 1001 1106 1058 mat-rem
1135 994 1229 1059 deum
1250 993 1373 1059 incolae
1392 1015 1460 1060 1111
1479 994 1642 1071 dicebant,
1664 993 1796 1059 tradidit

596 1120 632 1165 11
656 1101 824 1184 deportare
847 1099 975 1164 iussit’'.

642 1206 856 1281 Narrationis,
889 1208 954 1270 iam
986 1205 1042 1270 diu
1074 1206 1166 1270 nobis
1200 1212 1383 1292 suspectae,
1416 1206 1503 1272 fraus
1526 1207 1585 1272 hoo
1609 1209 1698 1272 exitu
1722 1228 1792 1292 pro·

595 1314 693 1378 ditur.
719 1312 753 1377 si
777 1333 887 1377 revera
911 1311 1046 1377 Senatus
1070 1334 1128 1377 sua
1149 1315 1218 1397 ipse
1243 1315 1400 1398 sapientia
1424 1334 1586 1377 1111111
1610 1311 1714 1378 solum
1740 1334 1792 1377 ex·

594 1422 750 1505 cogitavit
769 1418 916 1484 Attalum
937 1440 1047 1506 regem
1066 1439 1133 1483 esse
1152 1440 1170 1483 1
1190 1421 1305 1504 quoin
1318 1418 1424 1483 Matre
1436 1419 1619 1484 arcessenda
1631 1418 1790 1483 auxilium

593 1528 713 1610 sperari
746 1531 869 1610 posset,
902 1525 956 1590 sed
988 1529 1087 1590 etiam
1120 1531 1279 1610 quantum
1311 1528 1445 1591 navium
1479 1528 1641 1590 maiestati
1676 1524 1790 1610 populi

593 1631 732 1696 Romani
762 1631 905 1695 sufficere
929 1630 1097 1696 videbatur
1118 1635 1185 1696 iam
1205 1637 1374 1696 ornaverat
1397 1638 1430 1697 et
1456 1631 1652 1716 Pergamum
1678 1651 1788 1695 111111

594 1740 683 1802 mitti
714 1738 871 1814 decrevit,
904 1743 1007 1801 aotam
1039 1758 1106 1802 rem
1138 1743 1275 1824 egerunt
1305 1735 1406 1824 legati
1437 1775 1478 1786 -
1512 1743 1544 1802 et
1572 1739 1714 1801 muneris
1737 1739 1788 1801 sui

594 1843 671 1908 fines
709 1841 971 1928 egrediebantur!
997 1880 1036 1890 -
1062 1865 1137 1908 oum
1170 1846 1291 1909 iterum
1326 1841 1467 1929 Delphos
1500 1844 1693 1928 petiverunt.
1730 1842 1788 1907 Sin

593 1970 670 2014 vero
702 1949 741 2014 ad
772 1949 864 2014 deam
895 1949 1107 2034 quaerendam
1132 1951 1267 2035 profecti
1291 1953 1434 2036 primum
1458 1948 1606 2015 adierunt
1628 1947 1788 2034 Delphos,

592 2058 640 2119 ita
664 2056 781 2132 faeere,
806 2058 900 2119 utin
924 2077 957 2120 re
982 2057 1130 2133 obseura,
1155 2077 1173 2120 1
1197 2056 1317 2122 Senatu
1339 2059 1420 2122 iussi
1445 2063 1542 2121 eraut.
1575 2055 1624 2119 Ita
1647 2061 1790 2120 extrema

593 2164 733 2225 narratio
766 2199 808 2209 -
841 2164 1030 2246 antiquioris
1061 2165 1238 2227 testimonii
1269 2184 1359 2248 pars,
1395 2184 1492 2248 quam
1524 2160 1640 2226 melius
1675 2161 1789 2226 Livius

593 2269 752 2332 omisisset
776 2288 849 2332 oum
872 2270 906 2331 in
929 2267 1060 2334 laudem
1085 2271 1207 2333 summi
1231 2267 1344 2354 populi
1367 2290 1436 2333 rem
1459 2267 1630 2354 refingeret
1654 2266 1789 2332 -falsi

591 2373 703 2457 varguit
726 2394 763 2438 11
786 2394 866 2458 quae
886 2373 1089 2457 praecedunt.
1115 2373 1206 2453 Quod
1227 2381 1263 2438 ut
1283 2372 1401 2438 melius
1420 2380 1571 2458 appareat
1592 2393 1703 2458 operas
1723 2393 1791 2458 pre·

593 2481 679 2542 tium
710 2486 758 2544 est
789 2479 931 2544 conferre
963 2501 1044 2565 quae
1076 2483 1109 2545 in
1141 2482 1300 2565 prioribus
1332 2480 1489 2566 capitibus
1513 2478 1790 2566 delegationibus

593 2584 725 2670 Pythiis
748 2585 832 2650 diota
851 2592 936 2649 sunt.
957 2585 1086 2652 Videbis
1106 2608 1144 2651 111
1165 2589 1222 2663 111,
1242 2607 1345 2672 neque
1363 2589 1397 2650 in
1418 2585 1550 2651 consilia
1570 2585 1788 2650 Romanorum
1875 2569 1878 2574 ¹

594 2709 697 2773 neque
739 2693 773 2754 in
811 2712 960 2777 responsa
995 2692 1133 2778 Pythiae
1167 2693 1330 2758 referendo
1366 2697 1451 2757 certa
1487 2699 1582 2776 atque
1617 2691 1736 2756 diserta
1770 2711 1789 2755 a

593 2797 689 2861 Livio
722 2797 814 2862 tradi.
846 2796 959 2884 Oapite
991 2799 1114 2864 deoimo
1145 2806 1302 2876 narratur,
1335 2820 1461 2864 1111111
1489 2818 1507 2863 1
1531 2797 1719 2862 decemviris
1741 2799 1789 2861 in-

594 2912 729 2968 ventum
761 2924 797 2967 eo
828 2907 934 2990 magis
965 2909 1104 2970 movisse
1137 2910 1260 2989 patres,
1293 2904 1377 2989 quod
1407 2911 1440 2969 et
1470 2904 1572 2990 legati
1603 2905 1659 2987 qui
1682 2905 1789 2966 doraum

593 3010 729 3091 Delphos
763 3010 984 3091 portavissent,
1026 3011 1221 3098 ambiguum
1263 3009 1423 3095 quoddam
1464 3008 1519 3073 111
1557 3007 1635 3072 laeti
1673 3010 1790 3072 ominis

593 3138 782 3200 responsum
812 3116 886 3181 inde
918 3117 1131 3195 rettulissent,
1163 3118 1315 3202 idemque
1344 3117 1464 3182 donum
1488 3121 1686 3180 memoratur
1709 3113 1790 3178 libro

595 3221 649 3285 28.
664 3221 717 3285 45.
735 3222 793 3286 12:
830 3221 952 3308 „legati
984 3221 1123 3307 Delphos
1155 3223 1195 3288 ad
1226 3224 1348 3289 donum
1379 3243 1417 3286 ex
1440 3222 1556 3307 praeda
1579 3218 1791 3286 Hasdrubalis

593 3326 786 3413 portandum
810 3330 901 3391 missi
925 3328 1012 3405 etc.'’,
1037 3327 1091 3393 sed
1115 3350 1218 3414 neque
1240 3331 1274 3392 in
1296 3332 1366 3414 ipsa
1385 3327 1423 3392 de
1443 3325 1644 3392 Hasdrubale
1657 3326 1791 3391 victoria

593 3433 766 3497 enarranda
798 3433 911 3498 Livius
942 3434 1039 3498 huius
1070 3433 1144 3498 doni
1168 3434 1285 3499 fecerat
1309 3435 1524 3509 mentionem,
1550 3435 1605 3517 qui
1629 3428 1788 3496 11111128.

596 3536 706 3603 1116
727 3538 814 3603 bisce
839 3560 871 3603 11
893 3542 1035 3604 eontinet
1057 3541 1181 3604 verbis:
1208 3542 1383 3624 „pecuniae
1405 3541 1439 3602 in
1462 3540 1619 3603 aerarium
1644 3536 1790 3602 tulerunt

594 3646 779 3708 sestertium
811 3646 954 3722 triciens,
987 3649 1151 3732 octoginta
1184 3644 1275 3710 milia
1307 3643 1422 3721 aeris'’,
1453 3666 1511 3709 neo
1534 3645 1669 3708 verbum
1692 3643 1788 3707 habet

595 3750 634 3814 de
665 3749 722 3813 tali
749 3750 830 3815 dono
853 3750 1026 3836 Polybius,
1052 3755 1106 3837 qui
1130 3752 1168 3817 de
1192 3752 1307 3837 praeda
1330 3752 1390 3816 hoo
1414 3757 1541 3816 tautum
1565 3751 1643 3815 dicit
1666 3749 1722 3814 XI.
1748 3748 1785 3812 3:

597 3858 680 3936 „otd’
704 3854 735 3932 dr
761 3858 805 3928 εἰς
830 3859 864 3923 τὸ
888 3857 1027 3934 δημόσιον
1052 3858 1171 3938 ἀνήχθη
1197 3859 1295 3923 πλείω
1318 3864 1376 3922 τῶν
1396 3858 1572 3939 τριακοσίων
1593 3854 1789 3920 ταλάντων”.

594 3964 707 4048 Neque
738 3985 814 4029 vero
845 3966 980 4049 scriptor
1004 3965 1095 4030 nobis
1119 3964 1212 4030 faoile
1238 3965 1456 4051 persuadebit,
1489 3964 1647 4029 Romanos
1671 3962 1791 4026 donum

595 4068 750 4135 obtulisse
792 4069 913 4156 Pythio
948 4069 1109 4156 Apollini,
1146 4091 1221 4135 aum
1257 4070 1340 4136 nihil
1375 4071 1528 4136 haberent
1562 4067 1647 4155 quod
1681 4068 1719 4132 ab
1754 4088 1790 4133 eo

593 4181 749 4261 peterent.
782 4174 896 4239 Potius
932 4176 1116 4252 credamus,
1155 4182 1226 4241 tum
1263 4176 1394 4242 demum
1432 4198 1507 4242 cum
1544 4197 1562 4240 1
1602 4174 1791 4239 decemviris

593 4284 710 4347 moniti
742 4288 845 4346 essent
877 4288 914 4345 ut
945 4281 1138 4367 Delphicum
1172 4282 1269 4348 deum
1301 4283 1426 4348 adirent
1448 4285 1579 4367 eiusque
1602 4277 1734 4346 oonsilio
1756 4282 1791 4343 in

593 4387 688 4452 rebus
719 4386 837 4452 divinis
869 4394 1046 4465 uterentur,
1080 4395 1152 4453 tum
1182 4392 1293 4475 itaque
1324 4411 1398 4454 oum
1430 4388 1469 4453 de
1492 4387 1608 4453 Matris
1631 4385 1722 4452 oultu
1743 4388 1791 4449 in-

592 4492 756 4559 stituendo
776 4496 919 4578 primum
939 4515 1042 4558 sermo
1062 4495 1165 4559 faetus
1184 4503 1285 4573 esset,
1307 4493 1407 4559 simul
1426 4499 1532 4579 patres
1548 4495 1595 4558 ita
1608 4490 1789 4557 faciendum

592 4601 768 4665 decrevisse
787 4605 819 4664 et
839 4599 920 4664 dono
940 4621 979 4663 ex
997 4601 1142 4665 hostium
1162 4602 1278 4686 praeda
1299 4600 1395 4665 deum
1416 4598 1606 4686 placandum
1626 4598 1786 4662 statuisse.

640 4703 798 4771 Convenit
821 4707 898 4770 haeo
921 4709 1059 4792 suspicio
1082 4729 1156 4771 oum
1175 4710 1214 4771 iis
1235 4725 1315 4792 quae
1336 4708 1374 4771 de
1394 4706 1550 4792 religione
1570 4705 1787 4770 Romanorum

594 4812 801 4878 vehementer
827 4815 868 4876 iis
891 4815 971 4898 ipsis
994 4816 1084 4877 annis
1100 4820 1270 4885 ¹commota
1294 4819 1361 4877 tam
1386 4812 1513 4878 aliunde
1537 4832 1635 4897 quam
1659 4832 1698 4876 ex
1720 4812 1789 4896 ipso

595 4918 690 4983 Livio
726 4921 887 4984 novimus.
923 4919 1079 4984 Externos
1113 4918 1220 4984 cultus
1252 4918 1358 4985 Libris
1389 4918 1558 5005 Sibyllinis
1589 4922 1654 4984 iam
1686 4918 1790 4985 multo
