5125 6150
797 780 839 845 id
1289 799 1483 847 assutus.

792 966 820 1027 τ’
856 964 931 1040 icc,
964 963 1096 1029 alteram
1121 969 1235 1030 cantici
1260 982 1384 1051 partem
1406 969 1555 1031 inchoans
1577 980 1672 1051 atque
1696 967 1740 1029 ita
1762 986 1969 1030 numerorum

792 1092 950 1139 meriatur
970 1071 1143 1157 aequalitas
1166 1073 1333 1159 quaedam.

837 1178 950 1245 tutem
976 1184 1139 1259 περίφρονι
1164 1183 1209 1245 ite
1233 1183 1388 1266 positam,
1419 1183 1512 1243 utin
1536 1176 1679 1244 clausula
1699 1199 1809 1242 uersus
1830 1176 1968 1263 legetur,

792 1286 1075 1373 reprehendendam
1100 1308 1167 1352 esse
1191 1290 1367 1351 rectumne
1386 1286 1469 1351 uidit
1497 1285 1541 1351 lo.
1568 1284 1726 1350 Heuricus
1752 1284 1968 1363 Schmidtius,

790 1416 862 1459 curn
886 1398 916 1457 in
938 1394 1084 1459 dochmio
1104 1411 1231 1480 propter
1247 1415 1453 1458 nunierorum
1472 1395 1711 1458 concursionem
1727 1436 1775 1461 t.-
1788 1408 1794 1454 t
1808 1436 1905 1469 .„.,
1929 1413 1970 1456 ne

790 1500 992 1566 dochmiacus
1024 1522 1174 1567 numerus
1206 1504 1273 1586 ipse
1299 1499 1395 1586 plane
1417 1499 1570 1577 deleatur,
1592 1514 1734 1564 extremo
1754 1496 1823 1562 loco
1847 1497 1969 1584 syllaba

790 1628 903 1692 anceps.
929 1608 1001 1672 t'erri
1033 1629 1094 1672 nou
1119 1624 1224 1692 queat.
1250 1607 1372 1672 Deinde
1395 1607 1599 1693 Hartungius
1622 1609 1706 1670 iusta
1728 1604 1968 1689 reprehensione

791 1714 907 1800 dhgnus
931 1730 996 1790 est,
1020 1713 1104 1799 quod
1127 1738 1167 1791 γε
1190 1730 1262 1799 post
1286 1714 1420 1791 οἴμιτος
1445 1717 1574 1795 inserit;
1594 1733 1747 1778 numerus
1765 1715 1851 1777 euim
1870 1732 1970 1797 paene

792 1818 898 1883 nulus
929 1822 1053 1895 existit,
1086 1822 1113 1883 si
1144 1841 1217 1884 cum
1249 1842 1286 1885 eo
1314 1836 1437 1885 stamus
1465 1842 1502 1885 ac
1531 1822 1698 1884 sentimus.
1722 1817 1968 1883 Assentieudum

792 1928 895 2010 petius
934 1942 980 1989 eet
1016 1924 1193 1991 Schmidtio
1227 1927 1451 2015 Hartuugium
1485 1934 1613 2013 propter
1645 1931 1818 1991 metrorum
1852 1923 1968 1990 indolis

791 2034 1022 2117 ignorationem
1047 2036 1258 2118 persequenti.

836 2266 867 2308 r.
894 2242 1125 2311 less-1576.

837 2351 1012 2416 llermanni
1048 2374 1196 2417 mensura
1232 2354 1314 2418 mihi
1348 2353 1477 2418 videtur
1509 2352 1684 2417 retinenda.
1719 2349 1970 2418 Commendatur

789 2462 873 2523 cuim
906 2456 1112 2544 simplicitate
1144 2481 1218 2537 nec,
1247 2482 1360 2525 rerum
1390 2463 1418 2524 si
1448 2462 1648 2545 quaerimus,
1672 2479 1877 2524 numerorum
1901 2456 1970 2543 pul-

788 2563 952 2641 chritudo,
976 2568 1123 2650 quamvis
1147 2565 1276 2652 singula
1299 2565 1453 2631 vocabule
1477 2568 1591 2630 vitiose
1610 2568 1674 2629 siut
1694 2564 1828 2640 tradita,
1848 2562 1970 2628 difficili

790 2674 919 2759 negotio
941 2674 1088 2758 cognosci
1112 2686 1226 2757 potest.
1252 2672 1423 2738 Schmidtii
1445 2674 1655 2748 sententiam,
1679 2692 1741 2756 qua
1763 2691 1874 2736 verene
1892 2677 1970 2734 stro-

788 2776 868 2863 phae
888 2775 1104 2862 paenultimus
1123 2775 1153 2849 ic
1174 2780 1279 2843 τολλοὶ
1300 2780 1381 2847 τλὰς
1401 2779 1435 2841 ἐκ
1454 2779 1600 2855 γυναικὸς
1618 2776 1686 2855 βίον
1697 2798 1752 2863 pro
1763 2796 1969 2841 numerorum

787 2882 999 2949 similitudine
1019 2886 1064 2948 ita
1083 2885 1246 2969 accipitur,
1267 2894 1304 2950 ut
1325 2892 1397 2971 post
1416 2884 1496 2957 τλὰς
1517 2904 1615 2971 pause
1633 2890 1803 2959 statuetur,
1821 2883 1969 2968 equidem

788 2992 919 3078 protare
939 3012 1001 3055 uon
1022 3012 1169 3077 possum,
1193 3014 1266 3057 cum
1291 3014 1496 3058 numerorum
1517 2994 1696 3069 concursio,
1720 3011 1781 3078 qua
1805 2992 1883 3055 arsis
1906 2994 1970 3055 arsi

787 3101 939 3175 occurrit,
974 3098 1013 3163 ad
1047 3100 1216 3163 hominum
1251 3122 1359 3166 rerum
1391 3103 1552 3186 grauitate
1584 3103 1813 3165 concitetorum
1845 3101 1970 3163 euimos

787 3204 1003 3291 expingendos
1027 3208 1095 3270 eine
1118 3207 1215 3271 dubio
1237 3206 1331 3272 valde
1354 3206 1501 3272 videatur
1523 3209 1677 3292 apposite.

832 3309 982 3378 Ceterum
1006 3332 1132 3377 causam
1158 3335 1220 3377 non
1244 3312 1355 3391 video,
1379 3335 1436 3379 cur
1457 3312 1655 3378 Schmidtius
1679 3333 1697 3376 a
1721 3310 1845 3376 traditis
1863 3308 1970 3376 lectio

786 3417 880 3482 nibus
911 3427 943 3482 et
974 3417 1237 3483 Hermennniane
1269 3437 1444 3485 metrorum
1476 3439 1626 3485 mensure
1648 3420 1787 3482 nimium
1811 3422 1968 3503 quantum

786 3527 956 3589 recesserit.
990 3523 1201 3591 Dochmiacus
1232 3528 1319 3591 enim
1343 3547 1497 3591 numerus
1521 3528 1553 3590 iu
1578 3546 1671 3590 versu
1695 3526 1815 3609 primo,
1840 3522 1968 3608 qualem

786 3627 983 3694 Schmidtius
1002 3634 1184 3708 constituit,
1206 3635 1334 3697 restitui
1354 3631 1555 3697 nullomodo
1575 3637 1679 3717 potest
1698 3629 1969 3716 neclogaoedicus

786 3736 912 3814 arridet,
937 3757 1010 3801 cum
1034 3737 1096 3803 duo
1119 3741 1216 3824 primi
1239 3739 1363 3805 ordines
1387 3761 1405 3804 e
1429 3737 1556 3825 dactylo
1579 3739 1743 3822 incipient.
1773 3735 1851 3801 lude
1876 3757 1969 3822 appe

786 3849 849 3919 ret,
874 3842 1017 3908 ordinem
1040 3844 1117 3920 μηδὲ
1141 3843 1332 3924 δεμνιοτήρης
1356 3868 1412 3932 per
1435 3867 1468 3911 sc
1491 3866 1559 3911 esse
1582 3842 1789 3929 spectandum
1813 3863 1871 3907 nec
1894 3864 1968 3908 cum

786 3949 1043 4035 praecedentibus
1075 3952 1350 4039 coniungendam
1383 3959 1432 4017 est
1462 3953 1538 4017 ordo
1562 3952 1792 4037 pherecrateue.
1822 3949 1968 4015 Fortasse

785 4076 898 4123 versus
927 4062 1005 4132 μοῖρ’
1029 4057 1194 4124 ἀτέλευτον
1222 4057 1313 4124 ὕτνον
1336 4060 1483 4137 δαμέντος
1508 4061 1554 4123 ite
1577 4057 1705 4123 videtur
1727 4076 1795 4120 esse
1817 4058 1970 4142 accipien-

786 4162 863 4241 dus,
895 4166 932 4227 ut
962 4162 1116 4230 habeatur
1138 4168 1333 4253 compositus
1357 4187 1396 4232 ex
1419 4165 1565 4232 dochmio
1588 4170 1620 4229 et
1644 4162 1769 4248 dipodia
1792 4163 1968 4241 trochaica,

787 4291 866 4354 quae
896 4275 1072 4335 metrorum
1103 4275 1282 4338 coniunctio
1314 4294 1507 4339 eversuum
1531 4272 1788 4336 dochmieccrum
1810 4268 1970 4356 fingendo·

786 4395 857 4438 rum
882 4376 965 4460 apud
988 4380 1134 4463 antiquos
1157 4378 1386 4445 consuetudine
1409 4401 1473 4445 non
1494 4378 1650 4444 abhorret.
1669 4375 1869 4460 Quemquam
1891 4380 1968 4441 setis

786 4477 987 4563 exploratum
1018 4505 1084 4548 esse
1119 4484 1228 4561 credo,
1260 4485 1494 4550 trochaicorum
1526 4484 1673 4548 ordinum
1704 4481 1896 4547 dochmiecis
1917 4482 1969 4547 ad·

786 4587 968 4649 iunctorum
1005 4588 1141 4655 formam
1176 4592 1422 4655 usitatissimam
1456 4612 1523 4656 csse
1555 4589 1716 4675 dipodiem
1751 4587 1967 4654 catalecticem

787 4693 854 4755 eive
873 4694 1039 4771 creticum;
1061 4716 1123 4780 quo
1142 4717 1181 4761 ex
1199 4716 1317 4782 genere
1333 4696 1516 4783 exemplum
1529 4698 1612 4760 inibi
1624 4700 1748 4783 praesto
1759 4694 1967 4782 estAeschyl.

788 4795 875 4882 Sept.
906 4819 932 4863 c.
965 4797 1062 4864 Theb.
1094 4800 1146 4867 95.
1182 4800 1332 4869 Ceterum
1367 4803 1425 4868 hoc
1459 4802 1528 4869 loco
1562 4804 1647 4868 idem
1684 4803 1844 4868 observari
1876 4823 1967 4889 posse

787 4903 952 4984 existimo,
973 4904 1055 4993 quod
1074 4907 1108 4970 in
1128 4908 1291 4973 ordinibus
1310 4906 1491 4995 glyconeis,
1512 4930 1647 4994 quorum
1659 4906 1830 4974 nonnullae
1847 4908 1968 4973 formae
