5125 6150
687 738 730 803 56
1028 754 1070 800 nx
1094 752 1301 800 tremens
1322 752 1509 799 mnsam

685 919 895 984 Wiiamntritz
928 922 1022 983 nimis
1055 918 1208 1004 ffigidum
1240 918 1337 981 luisse
1368 922 1395 981 :i
1426 916 1595 1002 Sophocles
1624 938 1704 1002 quae
1730 918 1862 1003 egregie

683 1026 824 1112 phem
854 1026 892 1090 de
924 1030 1027 1110 primo
1057 1025 1160 1088 rehtu
1192 1047 1274 1088 nune
1304 1046 1429 1109 qunque
1453 1023 1650 1088 desecando
1674 1026 1861 1088 narraverit

684 1132 769 1197 faci:
801 1154 877 1218 ergo
909 1132 1034 1195 Furem
1059 1136 1174 1196 reteri
1199 1153 1260 1195 nou
1283 1132 1387 1193 iterna
1412 1129 1467 1194 sed
1485 1131 1612 1212 pri-an
1638 1146 1709 1214 post
1730 1128 1861 1193 Troiam

681 1238 836 1313 deletam,
868 1242 955 1322 poni:
980 1242 1122 1322 primum
1145 1240 1377 1313 a'azysaetrue's
1397 1258 1485 1301 ¹cum
1509 1236 1679 1321 Penelope,¹
1700 1238 1734 1300 iu
1757 1238 1862 1321 priore

684 1362 770 1430 perte
794 1343 934 1421 fabulae,
958 1344 1133 1408 secundum
1156 1366 1242 1409 ¹:cum
1265 1342 1437 1428 Telegono.
1461 1348 1494 1407 iu
1518 1346 1689 1428 posteriore
1709 1363 1746 1407 ac
1763 1348 1863 1428 negat

682 1472 849 1536 procorum
891 1451 1017 1516 coelem
1059 1450 1166 1515 locum
1206 1472 1303 1515 suum
1335 1454 1370 1514 in
1404 1451 1463 1514 hac
1498 1449 1660 1535 tragoedia
1692 1451 1861 1513 iuvenisse.

682 1556 835 1643 Telegoni
875 1561 960 1622 enim
994 1557 1169 1623 adrentum
1202 1574 1421 1644 spectatorum
1455 1573 1596 1621 mentem
1629 1555 1668 1620 ab
1703 1553 1862 1641 Odysseae

682 1682 871 1751 argumento
894 1664 1071 1729 abduxisse.

726 1770 843 1856 Negari
874 1792 935 1834 uon
966 1788 1069 1855 potest
1101 1770 1294 1855 Eurycleem
1323 1774 1443 1835 iterum
1466 1769 1633 1834 domiuum
1655 1790 1752 1832 suum
1774 1765 1863 1833 ablu·

679 1896 786 1941 entem
817 1894 847 1940 et
880 1894 1105 1962 agnoscentem
1136 1876 1314 1951 hodiernis,
1345 1878 1461 1961 quibus
1482 1880 1516 1939 in
1541 1896 1633 1940 scena
1655 1876 1703 1939 his
1726 1877 1863 1960 repetita

680 1985 814 2047 minime
844 1980 984 2066 placent,
1015 1981 1188 2046 admodum
1217 2004 1286 2047 esse
1318 1980 1487 2047 molestam
1517 1979 1569 2046 rel
1592 1978 1770 2045 ridiculam.
1799 1978 1863 2045 Sed

679 2091 838 2173 tragicum
873 2091 927 2161 τὴν
963 2092 1224 2165 κνηςτηρεφενίιν
1259 2109 1388 2174 prorsus
1422 2091 1566 2153 omisisse
1598 2090 1706 2151 minus
1735 2086 1863 2150 ridetur

679 2192 864 2259 verisimile.
903 2192 1004 2272 Quare
1039 2198 1098 2258 etsi
1134 2193 1418 2258 Wilamouitzium
1458 2193 1655 2277 sequendum
1696 2193 1862 2270 ducimus,

679 2316 786 2365 tamen
815 2299 972 2364 credimus
1003 2322 1171 2385 procorum
1202 2318 1340 2365 mortem
1371 2304 1404 2364 iu
1433 2299 1541 2364 sabula
1564 2300 1660 2363 fuisse
1682 2304 1863 2364 enarratam

679 2409 761 2485 ῥήσει
793 2408 962 2483 ὶγγελικῑ.
998 2407 1025 2471 E
1056 2407 1244 2493 fragmentis
1274 2424 1358 2472 certe
1389 2407 1522 2471 Pacuvii
1552 2409 1685 2470 minime
1714 2413 1864 2492 apparet,

679 2511 754 2577 licet
792 2511 975 2577 wolckerus
1009 2513 1042 2577 id
1076 2513 1260 2588 contendat,
1296 2512 1438 2577 fabulam
1471 2517 1602 2577 initium
1637 2516 1811 2599 sumpsisse
1845 2534 1864 2577 a

679 2620 804 2682 scando
824 2618 927 2683 [lixis
947 2619 1052 2683 reditu
1071 2622 1105 2683 in
1124 2619 1277 2684 Ithacam.
1306 2619 1456 2698 Quinimo
1475 2623 1501 2683 si
1523 2618 1686 2684 tielckero
1704 2618 1865 2684 eredimus

681 2723 780 2788 altera
803 2746 928 2810 quoque
948 2724 1117 2789 difficultas
1140 2728 1258 2799 oritur;
1284 2746 1357 2789 uam
1381 2747 1398 2789 e
1421 2725 1537 2810 fragm.
1562 2723 1660 2809 Soph.
1684 2722 1761 2801 40⁵,
1785 2722 1864 2802 407,

682 2830 749 2896 840
773 2830 894 2909 tDind.)
917 2846 948 2895 et
972 2831 1106 2895 Pacuvii
1131 2830 1161 2905 6,
1188 2832 1218 2909 7,
1243 2832 1262 2894 5
1287 2831 1409 2895 «Risui
1432 2853 1464 2895 r.
1484 2830 1514 2895 d.
1534 2845 1715 2895 statuerunt
1733 2829 1865 2896 Ulixem

680 2941 713 3001 in
738 2937 795 3001 hac
819 2936 981 3023 tragoedia
1005 2958 1126 3002 errores
1150 2959 1223 3002 suos
1246 2959 1286 3002 ex
1308 2935 1448 3023 Odyssea
1471 2954 1562 3002 notos
1585 2957 1760 3014 enarrasse,
1781 2937 1865 3023 quod

680 3047 707 3110 si
737 3065 852 3109 rerum
881 3058 946 3121 est,
979 3048 1089 3110 statim
1120 3065 1290 3130 rogamus,
1314 3044 1506 3130 quibusnam
1529 3044 1713 3108 hominihus
1735 3044 1865 3110 heroem

679 3151 783 3214 iterum
814 3150 1000 3215 redeuntem
1023 3150 1061 3215 de
1084 3148 1241 3235 Cyclope,
1266 3150 1305 3214 de
1329 3150 1511 3226 Sirenihus,
1535 3150 1575 3214 de
1596 3153 1733 3252 introitu
1756 3150 1796 3215 ad
1819 3153 1865 3214 in·

681 3257 762 3322 feros
786 3260 939 3334 narrarit,
963 3278 1002 3320 au
1025 3279 1087 3320 non
1112 3260 1153 3320 sit
1177 3255 1387 3321 verisimilius
1407 3256 1483 3320 talia
1502 3255 1631 3320 t'lixem
1650 3265 1721 3341 post
1733 3256 1866 3339 primate

681 3362 821 3427 reditum
864 3366 930 3427 suis
972 3361 1175 3448 exposuisse?
1210 3363 1301 3442 Quod
1335 3378 1444 3427 autem
1478 3362 1624 3447 perhibet
1660 3361 1864 3441 Welclxerue,

681 3467 809 3533 blixem
840 3491 923 3534 nunc
946 3490 1021 3534 cum
1044 3468 1205 3556 Telegono
1228 3490 1319 3533 casus
1342 3491 1415 3534 suos
1439 3472 1689 3534 communicasse
1711 3475 1749 3532 ut
1772 3475 1866 3535 antea

681 3597 755 3639 cum
780 3574 936 3659 Penelope
960 3575 1087 3651 fecerit,
1110 3575 1144 3639 id
1168 3578 1276 3660 paucis
1304 3576 1395 3640 credo
1421 3573 1569 3660 placebit.
1604 3574 1667 3641 Sed
1695 3578 1760 3640 iam
1788 3577 1867 3640 satis

683 3688 739 3745 est.
761 3681 936 3757 ll'elckeri,
957 3681 1140 3758 Ribbeckii,
1162 3680 1400 3747 Wilamowitzii
1422 3703 1517 3767 opera
1539 3684 1591 3746 cui
1613 3703 1674 3747 non
1697 3688 1772 3746 suut
1791 3702 1867 3767 prae

682 3785 851 3851 manibus?
874 3790 1020 3871 ineptum
1043 3790 1146 3872 igitur
1168 3788 1248 3852 foret
1272 3791 1387 3852 iterare
1411 3808 1492 3873 quae
1514 3787 1552 3852 de
1573 3788 1659 3852 hisce
1677 3788 1867 3874 fragmentis

682 3893 808 3958 chartae
832 3893 1033 3957 mandarunt.

727 3999 836 4063 Restat
877 4009 913 4062 ut
948 4020 1196 4065 commemorem
1232 3999 1398 4085 Sophoclis
1433 4000 1632 4086 tragoediam
1666 3999 1866 4087 Euryalum,

683 4110 773 4173 euius
798 4105 942 4191 amplum
966 4119 1195 4192 argumentum
1215 4110 1356 4171 servavit
1375 4107 1566 4171 Parthenius
1583 4106 1672 4171 Erot.
1691 4129 1717 4170 c.
1739 4106 1759 4171 3
1780 4108 1865 4187 (Περὶ

684 4213 858 4291 Ebirno:
896 4211 1003 4277 Ulixes
1035 4212 1150 4275 oraculi
1180 4212 1334 4274 cniusdam
1365 4236 1455 4275 cauca
1485 4215 1518 4276 in
1549 4212 1684 4298 Epirum
1707 4212 1868 4298 profectus

684 4318 784 4383 violat
821 4318 990 4403 Euhippeu
1025 4317 1210 4403 Tytimmae
1246 4318 1381 4403 hospitis
1415 4317 1533 4394 filiam,
1574 4339 1591 4383 e
1626 4339 1689 4403 qua
1727 4323 1869 4384 nescitur

684 4423 856 4509 Euryalus.
897 4423 990 4489 Hunc
1022 4423 1251 4488 adolescentem
1284 4431 1385 4488 mater
1414 4423 1557 4488 Ithacam
1589 4427 1692 4488 mittit
1722 4423 1869 4511 symbola

684 4529 840 4615 quaedam
865 4531 1018 4595 serentem
1042 4533 1073 4595 ἐν
1096 4529 1190 4608 δέλτῳ
1211 4531 1512 4610 κατεσφραγισμένα
1532 4529 1609 4616 (leg.
1630 4530 1740 4612 alep).
1772 4530 1868 4597 Ulixe

684 4636 765 4700 forte
786 4636 929 4712 absente,
953 4636 1108 4721 Penelope
1127 4640 1304 4722 interrogat
1322 4638 1476 4701 advenam
1495 4643 1528 4701 et
1545 4636 1583 4701 de
1595 4635 1699 4700 Ulixis
1709 4636 1870 4704 adulterio

684 4744 801 4806 certior
831 4742 913 4805 facta
944 4743 1027 4826 apud
1058 4743 1242 4807 redeuutem
1274 4746 1429 4807 maritum
1461 4741 1640 4829 Euryalum
1662 4749 1805 4821 accusat,
1830 4749 1869 4809 ut

685 4850 739 4932 qui
762 4849 821 4911 sihi
847 4851 912 4912 vim
937 4849 1043 4912 allerre
1069 4848 1232 4913 voluisset.
1258 4848 1346 4913 Tunc
1370 4857 1458 4934 pater
1481 4853 1631 4935 ignotum
1649 4848 1753 4914 filium
1773 4852 1869 4915 iuter·
