5125 6150
835 1407 1265 1497 OBSERVATIONES
1294 1409 1542 1498 estilota

1167 1600 1210 1645 ΔΙ)

788 1753 1028 1842 DIONYSH
1059 1753 1587 1844 HALIGARNASSENSIS

938 1925 1221 1985 ANTIQUITATEB
1240 1925 1438 1983 ROMANAS.

1122 2134 1247 2175 sonwsrr

1052 2315 1085 2379 S.
1110 2316 1147 2379 A.
1172 2315 1325 2380 NABllR.

1106 2618 1264 2661 *⁴⁴—

634 2878 827 2964 Gomplures
847 2877 970 2943 oodioes
990 2882 1080 2954 sunt,
1098 2877 1214 2960 quibus
1227 2875 1376 2962 Dionysii
1388 2878 1607 2960 Antiquitates
1619 2876 1782 2944 Romanae

588 2989 806 3060 eontinentur,
837 2983 892 3049 sed
921 2986 1068 3047 omnium
1090 2982 1210 3046 iudicio
1233 2984 1317 3045 inter
1340 3002 1392 3046 eos
1416 2980 1478 3046 duo
1501 2980 1596 3068 longe
1620 2984 1780 3061 eminent,

588 3096 645 3178 qui
678 3092 788 3157 decem
819 3092 940 3175 priores
972 3088 1072 3153 libros
1095 3088 1184 3152 nobis
1209 3091 1396 3165 servarunt,
1421 3085 1610 3153 Ohisianum
1633 3090 1688 3168 (A)
1712 3089 1781 3155 dieo

588 3206 620 3263 et
652 3197 845 3261 Urbinatem
876 3194 940 3273 (Β).
976 3193 1094 3273 Quodsi
1128 3200 1237 3258 autem
1272 3195 1399 3277 quaeris
1430 3193 1507 3277 quid
1537 3198 1671 3278 uterque
1701 3193 1783 3259 liber

588 3302 733 3368 conferat
762 3299 801 3364 ad
833 3306 1057 3383 corruptorum
1086 3298 1230 3363 locorum
1254 3299 1525 3374 emendationem,
1550 3319 1623 3363 oum
1648 3299 1783 3365 admira·

588 3410 676 3472 tione
700 3404 810 3470 audies
833 3407 919 3470 viros
942 3404 1050 3469 dootos
1073 3406 1179 3490 magis
1202 3406 1289 3468 inter
1311 3425 1344 3468 se
1367 3403 1534 3468 dissentire
1558 3403 1659 3468 videri
1682 3425 1779 3489 quam

588 3533 702 3578 revera
725 3511 924 3575 dissentiant.
947 3509 998 3574 lta
1016 3516 1122 3574 tamen
1144 3515 1206 3573 est:
1226 3507 1420 3573 Riteohelius
1438 3529 1565 3573 summa
1584 3530 1660 3576 eura
1678 3515 1781 3575 totam

588 3619 811 3703 quaestionem
834 3617 1042 3699 pertractavit
1065 3620 1098 3679 et
1120 3636 1154 3679 re
1177 3614 1216 3679 ab
1237 3616 1324 3679 omni
1343 3619 1432 3698 parte
1452 3614 1647 3680 considerata
1666 3621 1698 3680 et
1718 3638 1780 3681 non

588 3725 661 3787 sine
685 3722 780 3785 anxia
804 3718 972 3806 diligentia
995 3722 1167 3804 pensitata,
1188 3740 1225 3783 eo
1244 3719 1309 3783 iere
1328 3719 1474 3803 pervenit
1491 3739 1554 3803 quo
1574 3718 1691 3805 reliqui
1709 3727 1782 3806 post

590 3849 669 3892 eum
701 3846 827 3904 omnes;
860 3825 912 3889 sed
945 3824 1123 3910 discipulus
1146 3821 1453 3910 sinsKiesslingius
1476 3828 1603 3909 etpost
1626 3846 1701 3890 enm
1725 3823 1783 3891 Oo-

591 3936 685 3999 betue
721 3934 995 4016 impugnaverunt
1030 3930 1114 4014 qnod
1149 3951 1210 3993 non
1244 3934 1460 4014 cognoverant
1493 3935 1525 3994 et
1559 3936 1632 4014 post
1661 3929 1781 3995 multas

589 4040 746 4124 ambages
768 4036 802 4100 id
825 4041 1025 4112 statuerunt,
1049 4034 1133 4119 qnod
1160 4032 1354 4099 Ritschelius
1378 4039 1435 4099 aut
1457 4038 1616 4119 potuisset
1634 4035 1781 4120 probare,

589 4152 649 4209 aut
671 4148 755 4208 certe
779 4163 841 4206 non
865 4142 1073 4206 vehementer
1096 4140 1323 4224 improbasset,
1349 4158 1543 4225 quamquam
1567 4142 1690 4224 optimo
1712 4144 1782 4207 iure

589 4250 683 4334 queri
706 4252 813 4331 posset
836 4266 869 4309 ee
892 4247 1074 4309 intricatam
1097 4265 1166 4309 rem
1189 4247 1255 4308 iam
1279 4243 1383 4308 multo
1407 4243 1532 4328 plonius
1551 4248 1781 4310 examinavisse

589 4373 690 4439 qnam
713 4352 752 4416 ab
776 4349 850 4415 aliis
873 4350 994 4416 fastum
1018 4356 1109 4415 esset.
1133 4349 1218 4414 Mihi
1238 4370 1350 4435 operae
1370 4352 1510 4434 pretium
1530 4350 1657 4414 videtur
1676 4371 1783 4434 quaes

556 4443 565 4458 ⁸
589 4462 714 4524 tionem
742 4458 778 4519 in
806 4455 889 4520 alara
911 4454 982 4519 lnce
1005 4453 1160 4520 collocare
1184 4460 1217 4520 et
1239 4457 1366 4520 veniam
1390 4454 1458 4518 dari
1481 4455 1564 4518 mihi
1587 4453 1728 4539 postulo,
1754 4458 1782 4521 si

587 4587 658 4631 rem
684 4569 813 4649 propter
832 4581 1025 4647 magnorum
1043 4563 1249 4647 ingeniorum
1268 4563 1423 4625 incuriam
1445 4560 1541 4646 paulo
1562 4561 1664 4626 fusius
1683 4584 1780 4648 quam

588 4692 649 4757 pro
672 4670 823 4733 instituto
846 4687 916 4732 meo
941 4687 1137 4731 enarravero.
1161 4666 1197 4731 Id
1222 4672 1351 4731 tantum
1371 4668 1461 4731 enixe
1482 4671 1571 4750 peto,
1592 4671 1630 4730 ut
1646 4667 1780 4735 lectores

587 4780 617 4841 ei
650 4796 730 4860 quos
762 4774 896 4838 habeam
926 4772 964 4836 ad
995 4792 1152 4837 annorum
1183 4774 1362 4837 notationes
1386 4771 1547 4835 attendere
1570 4772 1688 4850 velint,
1714 4776 1782 4841 sine

591 4882 711 4968 quibus
735 4881 790 4945 vix
812 4877 954 4964 intelligi
978 4880 1098 4964 poterit
1119 4878 1203 4943 unde
1226 4877 1408 4956 σκιαμαχία
1433 4881 1502 4941 orta
1523 4878 1576 4942 sit.
