5125 6150
1006 1424 1080 1512 AD
1108 1423 1407 1514 LUOIANUM.

1149 1644 1273 1684 scalpsrr

953 1809 994 1874 Κ.
1027 1809 1067 1875 d.
1100 1812 1136 1875 Ρ.
1170 1810 1465 1877 SOHWARTZ.

1112 2100 1305 2135 *Om-

659 2339 848 2403 Prometdeue
878 2361 908 2401 ee
938 2338 972 2401 ιἰι
1002 2338 1107 2403 verbio.
1140 2337 1259 2403 Labem
1292 2342 1436 2424 concepit
1467 2338 1550 2423 quod
1583 2337 1618 2405 O.
1645 2340 1662 2403 1
1695 2340 1801 2405 medio

611 2447 750 2532 legitur:
776 2447 874 2510 ιιοιθτοι
900 2446 983 2525 step
1007 2445 1188 2524 θικοιιθτερον
1213 2446 1301 2520 ὑμεῖς
1325 2445 1363 2510 άιι
1386 2445 1554 2527 εἰκάζοισθε
1577 2448 1618 2525 τῷ
1640 2448 1801 2525 Προμηθεῖ,

613 2551 715 2616 θτθοοι
749 2551 899 2621 ἐνδίκοις
924 2552 1111 2627 εὐδοκιμεῖτε
1134 2549 1189 2626 ξὺν
1213 2553 1343 2631 άληθεθοι
1368 2555 1537 2625 ποιούμενοι
1562 2553 1631 2620 rode
1656 2554 1800 2629 άγῶιιοις·

612 2657 712 2738 ζῶιτο
736 2642 811 2733 γοῦν
834 2658 873 2728 ὡς
897 2658 1017 2729 άληθῶς
1042 2657 1094 2720 xa}
1120 2655 1256 2735 ἔμψυχά
1281 2656 1353 2732 ὑμῖν
1379 2659 1420 2720 τά
1443 2656 1522 2736 ἔργα
1545 2658 1597 2720 uui
1624 2657 1658 2730 νὴ
1683 2661 1745 2721 Διόι
1766 2657 1802 2722 τθ

611 2765 716 2843 θερμὸν
748 2766 848 2827 αὐτῶν
882 2765 966 2826 ἐστι
997 2763 1156 2842 διάπυροι·
1188 2764 1399 2827 καὶτοῦτο
1426 2764 1458 2825 εἰι
1481 2768 1534 2826 τοῦ
1559 2763 1738 2841 Προμηθέως
1762 2762 1801 2827 άι

610 2868 674 2947 sin,
706 2871 787 2941 τλὶιι
818 2869 843 2932 εἴ
875 2869 918 2943 μὴ
950 2868 1171 2933 διαλλάττοιτε
1204 2884 1297 2933 κ.τ.λ.
1331 2869 1426 2934 Vides
1457 2868 1533 2953 quid
1558 2871 1604 2934 rei
1627 2871 1679 2933 sit.
1704 2869 1802 2933 Inter·
1896 2945 1898 2948 Α

610 2982 739 3041 mortua
769 2975 933 3040 rhetorum
965 2981 996 3039 et
1028 2975 1245 3059 sophistarum
1269 2975 1450 3040 lucubratio
1474 2976 1591 3040 forensi
1614 2995 1726 3059 operae
1749 2996 1801 3058 op·

610 3086 750 3168 ponitur,
783 3103 863 3167 quae
895 3082 932 3145 de
956 3081 1062 3146 media
1085 3082 1254 3146 hominum
1280 3085 1346 3146 vita
1371 3090 1501 3167 sumpta
1523 3102 1633 3145 veram
1657 3089 1689 3145 at
1712 3100 1800 3164 prae·

609 3197 733 3253 sentem
751 3209 859 3252 rerum
880 3188 1093 3251 humanarum
1113 3187 1218 3252 reddit
1236 3190 1424 3273 imaginem.
1445 3187 1482 3251 In
1500 3187 1559 3250 hae
1579 3189 1634 3270 qui
1655 3185 1799 3250 studium

608 3298 743 3377 ponunt,
771 3314 940 3357 causarum
971 3300 1092 3358 actores
1123 3301 1156 3357 et
1186 3296 1331 3377 patroni,
1361 3313 1434 3356 eum
1459 3290 1651 3356 Prometheo
1676 3313 1800 3377 compa·

607 3407 731 3474 rantur,
763 3397 859 3483 idque
891 3399 1006 3461 θιιοθιοι
1036 3397 1074 3462 de
1106 3401 1226 3473 causis;
1258 3397 1358 3461 altera
1387 3396 1470 3480 quod
1495 3396 1578 3481 apud
1603 3417 1655 3461 eos
1678 3398 1799 3480 spirant

608 3513 641 3570 et
674 3506 777 3567 vicunt
807 3505 929 3580 omnia;
963 3503 1064 3567 altera
1087 3502 1170 3587 quod
1194 3504 1280 3583 ipnec
1304 3502 1441 3586 quodam
1465 3503 1589 3566 fervore
1613 3523 1724 3568 eorum
1749 3526 1800 3568 ex-

607 3610 768 3674 candescit
798 3612 909 3673 oratio.
946 3606 1190 3692 Comparantur,
1222 3611 1371 3691 inquam,
1403 3610 1504 3671 immo
1535 3612 1712 3692 comparari
1747 3609 1798 3674 de·

607 3717 758 3792 buerant;
791 3736 865 3779 nam
896 3735 980 3778 nuno
1012 3714 1140 3799 quidem
1171 3714 1374 3778 librariorum
1402 3712 1497 3798 culpa
1518 3734 1582 3778 una
1605 3735 1677 3798 pars
1701 3735 1798 3778 enun-

607 3824 681 3884 tiati
711 3820 891 3897 intercidit,
924 3819 1082 3903 siquidem
1115 3819 1211 3883 rerba
1242 3818 1308 3882 ιιοοὶ
1340 3821 1462 3883 τοῦτο
1486 3819 1520 3883 ἐκ
1543 3824 1596 3881 τοῦ
1620 3820 1798 3896 Προμηθέως

607 3927 646 3992 θον
677 3926 722 3998 εἴη
755 3928 880 3990 nonnisi
909 3925 1106 4005 adprendere
1130 3925 1239 3989 referri
1264 3945 1302 3987 ex
1326 3944 1387 3988 usu
1412 3923 1561 4008 loquendi
1585 3922 1652 3987 ulla
1675 3928 1798 3990 ratione

607 4038 751 4116 possunt.
794 4029 856 4096 Oui
898 4027 983 4093 malo
1023 4029 1199 4093 medeberis
1233 4030 1486 4112 sententiamque
1521 4030 1670 4092 restitues
1704 4032 1798 4094 inter·

606 4140 778 4224 punctione
808 4142 880 4221 post
910 4132 1051 4209 διάτορον
1082 4137 1116 4197 in
1139 4132 1302 4219 virgulam
1327 4140 1453 4197 mutata
1475 4155 1532 4217 pro
1556 4134 1700 4228 irrrqid
1724 4155 1797 4218 quo

605 4263 680 4306 oum
701 4247 831 4327 propter
851 4240 1096 4305 similitudinem
1110 4239 1264 4305 facillime
1276 4239 1500 4305 confunditur:
1521 4236 1538 4302 ά
1544 4263 1580 4302 τι
1601 4239 1795 4324 reponendo:

606 4349 658 4410 nat
693 4348 727 4419 νῖι
757 4348 819 4411 Δθοι
844 4347 895 4410 nai
921 4348 955 4411 τὸ
980 4346 1084 4424 θερμὸν
1108 4346 1208 4409 οιύτῶν
1232 4341 1250 4408 ὅ
1257 4368 1293 4407 τι
1319 4344 1473 4426 διάτορον,
1497 4345 1548 4407 nat
1574 4349 1661 4408 τοῦτο
1685 4346 1718 4408 ἐκ
1742 4351 1795 4410 τοῦ

606 4454 786 4531 Προμηθέως
810 4451 848 4517 θοι
871 4449 928 4526 εἴη.
952 4451 1020 4530 Quo
1044 4451 1126 4515 facto
1149 4472 1188 4515 ex
1212 4469 1325 4514 manoe
1348 4453 1475 4534 integra
1498 4449 1612 4515 evadet
1635 4453 1744 4515 oratio.

651 4670 688 4734 ln
719 4669 796 4755 Cap.
830 4671 849 4734 5
882 4668 1115 4755 supplendum:
1149 4672 1174 4734 si
1205 4671 1250 4745 μὴ
1282 4670 1377 4742 κοιὶίἰ
1402 4666 1489 4743 μῖξις
1513 4666 1682 4743 θιοιομθιιοι
1706 4664 1795 4746 (εἴη)

604 4778 657 4839 xxi
690 4778 775 4840 κοιτθι
806 4777 841 4839 τὸ
873 4777 1048 4854 σύμμετρον
1079 4777 1277 4852 γίγνοιτο.
1308 4774 1368 4839 Sed
1393 4775 1452 4840 hoo
1474 4773 1545 4839 leve
1554 4794 1561 4849 ;
1586 4774 1718 4858 gravius
1741 4771 1796 4836 ali-

603 4888 724 4965 quanto
753 4881 875 4946 laborat
906 4882 989 4966 quod
1021 4885 1052 4945 in
1086 4879 1121 4946 Ο.
1148 4880 1166 4945 ’7
1192 4883 1224 4944 in
1248 4881 1333 4945 hune
1358 4880 1492 4945 modum
1516 4879 1566 4944 edi
1589 4877 1685 4942 solet:
1711 4878 1794 4943 δέδιοο

634 4991 638 4999 ’
1613 4998 1645 5046 aa
