5125 6150
1120 818 1260 866 necinus
1738 798 1781 864 97

589 984 694 1048 tarchi
725 989 939 1067 opponeretur
966 985 1156 1060 auctoritas,
1190 983 1245 1047 diu
1277 1020 1320 1032 -
1351 982 1481 1047 infitiari
1512 982 1585 1047 nolo
1611 1020 1652 1030 -
1677 985 1782 1047 tacui:

589 1089 667 1174 quid
699 1091 785 1153 enim
816 1087 973 1153 facerem?
1004 1088 1146 1153 Tandem
1179 1095 1304 1166 tamen,
1336 1110 1369 1154 re
1401 1092 1579 1154 accuratius
1608 1092 1782 1173 pensitato,

589 1194 786 1260 exclamavi:
812 1194 959 1259 Tacitum
982 1216 1058 1280 ergo
1083 1197 1181 1259 vertit
1204 1194 1400 1259 Plutarchus
1423 1201 1455 1259 et
1475 1215 1573 1279 prave
1594 1197 1712 1259 vertit.
1729 1241 1735 1258 .
1751 1243 1781 1259 ..

589 1321 730 1385 ergoque
755 1299 966 1363 falsissimum
990 1321 1057 1364 esse
1080 1297 1261 1364 luculenter
1285 1308 1416 1385 apparet
1439 1299 1522 1384 quod
1547 1301 1610 1364 viri
1635 1299 1720 1364 docti
1744 1299 1781 1364 de

587 1406 700 1471 Tacito
732 1405 968 1490 Plutarchoque
995 1427 1012 1470 e
1043 1408 1208 1470 communi
1239 1407 1325 1471 fonte
1354 1406 1577 1470 haurientibus
1599 1411 1676 1469 sunt
1698 1427 1783 1472 com-

587 1516 700 1578 menti.

634 1617 820 1682 Admodum
842 1620 972 1683 invento
996 1638 1068 1682 meo
1091 1617 1289 1703 gaudebam,
1315 1620 1488 1703 quantique
1511 1617 1594 1682 illud
1613 1624 1695 1683 esset
1715 1638 1779 1682 mo

587 1727 690 1789 menti
713 1724 811 1808 probe
835 1723 1067 1808 intelligebam.
1093 1721 1248 1788 Nolebam
1273 1730 1380 1788 tamen
1399 1726 1463 1788 iam
1485 1730 1561 1787 tunc
1581 1725 1614 1786 in
1633 1722 1778 1786 medium

587 1830 739 1916 proferre.
771 1829 858 1893 Iacet
882 1832 967 1893 enirn
991 1833 1024 1892 in
1048 1831 1171 1894 scriniis
1195 1832 1275 1894 meis
1298 1833 1439 1915 spissum
1468 1832 1711 1895 annotationum
1741 1829 1781 1894 ad

586 1935 736 1999 Tacitum
755 1932 927 2010 volumen,
949 1942 1093 1999 accurate
1113 1935 1313 2020 digestarum
1332 1935 1495 2019 nitidoque
1514 1937 1779 2020 perscripturum:

584 2040 660 2104 illas
683 2046 715 2104 et
738 2043 864 2124 privata
887 2038 982 2103 lectio
1002 2045 1035 2104 et
1053 2039 1111 2103 ille
1131 2061 1205 2104 cum
1225 2041 1499 2105 commilitonibus
1517 2039 1677 2124 colloquia
1697 2040 1781 2103 mihi

585 2145 849 2230 suppeditarunt;
875 2145 1018 2229 quotidie
1042 2146 1107 2209 fere
1130 2148 1206 2210 nori
1229 2144 1352 2229 aliquid
1376 2146 1496 2211 accedit
1520 2152 1576 2209 aut
1595 2144 1680 2230 quod
1701 2144 1779 2209 olim

585 2253 743 2335 scriptum
779 2258 827 2315 est
862 2250 914 2315 vel
949 2251 1138 2315 emendatur
1173 2249 1226 2315 vel
1261 2272 1343 2315 novo
1378 2250 1541 2315 stabilitur
1576 2258 1777 2336 argumento.

584 2357 714 2439 Diuque
744 2393 785 2403 -
816 2376 890 2419 narn
922 2356 978 2419 diu
1010 2360 1058 2420 est
1090 2378 1128 2420 ex
1152 2377 1215 2439 quo
1248 2358 1356 2420 omnia
1386 2358 1448 2420 ista
1479 2355 1629 2420 mandare
1661 2356 1779 2421 chartis

584 2464 675 2545 coepi
700 2482 837 2546 -spes
869 2482 921 2525 me
953 2464 1058 2524 tenuit
1090 2459 1260 2545 aliquando
1285 2483 1336 2525 me
1360 2461 1433 2525 inde
1457 2460 1580 2545 aliquid
1604 2482 1671 2526 esse
1695 2482 1779 2525 com·

584 2570 767 2654 positurum
790 2567 873 2651 quod
897 2589 998 2631 unum
1022 2572 1105 2632 esset
1126 2573 1313 2652 totumque,
1333 2569 1461 2651 iamque
1480 2566 1632 2632 Analecta
1650 2566 1778 2632 Tacitea

584 2672 748 2738 Analectis
773 2674 1015 2757 Xenophonteis
1038 2676 1123 2738 socia
1147 2673 1271 2738 dabam.
1306 2673 1368 2738 Sed
1389 2672 1473 2737 illud
1494 2674 1658 2758 aliquando
1679 2671 1776 2759 longe

584 2782 684 2844 etiam
709 2784 871 2842 remotum
896 2779 1075 2844 videbatur.
1100 2778 1163 2843 Hic
1187 2800 1239 2843 me
1263 2778 1363 2843 diaria
1386 2777 1583 2864 philologica
1605 2781 1776 2843 certiorem

584 2884 743 2948 faciebant
765 2884 803 2947 de
828 2883 1013 2948 Woelfflinii
1037 2886 1070 2947 in
1096 2883 1266 2947 Academia
1289 2884 1476 2949 Monacensi
1495 2886 1637 2949 oratione
1656 2884 1776 2948 habita.

582 2989 667 3054 Emo
697 2988 846 3053 libellum
878 2997 910 3053 et
940 2988 1047 3074 legere
1076 2991 1213 3073 incipio:
1245 2992 1312 3053 iam
1344 2991 1446 3053 tribus
1478 2992 1605 3077 paginis
1628 2988 1778 3076 perlectis

583 3098 762 3161 certissima
781 3117 847 3160 esse
866 3094 972 3160 multa
993 3116 1073 3179 quee
1091 3098 1142 3159 vir
1162 3117 1310 3159 summus
1330 3096 1437 3161 afferat
1457 3096 1616 3182 intelligo,
1635 3096 1776 3161 nondum

582 3210 693 3267 tamen
724 3202 899 3286 quidquam
930 3199 1022 3264 video
1054 3200 1138 3285 quod
1170 3208 1294 3265 tantam
1317 3200 1432 3267 habeat
1456 3202 1665 3287 persuadendi
1687 3204 1776 3278 vim,

583 3315 742 3393 quantum
773 3328 875 3370 unum
906 3304 989 3369 illud
1013 3313 1241 3391 argumentum
1267 3307 1352 3391 quod
1378 3328 1438 3394 ego
1462 3328 1480 3371 a
1503 3307 1779 3372 commilitonibus

583 3416 665 3478 meis
700 3418 826 3477 coactus
861 3414 1056 3476 inveneram.
1092 3413 1196 3497 Pergo
1231 3414 1335 3497 igitur
1366 3413 1462 3498 idque
1494 3413 1587 3478 corde
1619 3416 1758 3477 micante
1766 3434 1775 3491 ;

582 3540 676 3603 spero
707 3521 793 3583 enim
817 3539 940 3582 -cur
969 3518 1030 3582 hoo
1061 3514 1233 3582 reticeam?
1262 3518 1367 3583 -de
1399 3517 1534 3583 Othonis
1567 3520 1776 3604 praetorianis

582 3625 786 3708 imperatoris
817 3625 867 3687 sui
899 3643 994 3687 eausa
1025 3622 1302 3687 tumultuantibus
1334 3624 1402 3688 iore
1433 3623 1616 3701 silentium,
1648 3626 1775 3710 iamque

584 3730 669 3794 mihi
699 3728 803 3793 laetus
833 3731 988 3814 promitto
1012 3729 1072 3793 hoc
1095 3749 1147 3792 me
1171 3728 1358 3813 exemplum
1382 3728 1574 3794 Woelfflinio
1596 3730 1777 3815 suppedita-

583 3840 795 3898 turum
821 3833 905 3897 nihil
940 3833 1026 3898 enim
1058 3833 1231 3898 iucundius
1266 3834 1349 3897 mihi
1383 3841 1431 3898 est
1466 3854 1563 3921 quem
1598 3857 1656 3919 pro
1687 3833 1776 3899 virili

583 3944 674 4024 parte
696 3939 817 4003 efficere
840 3944 878 4001 ut
901 3945 1052 4024 appareat
1074 3939 1196 4003 fectum
1215 3960 1278 4003 non
1299 3961 1367 4004 esse
1387 3940 1471 4025 quod
1490 3940 1558 4005 fieri
1578 3962 1641 4005 non
1660 3942 1776 4025 potuit.

583 4048 629 4109 At
660 4066 733 4108 mox
763 4044 846 4107 mihi
876 4044 1035 4129 gaudium
1066 4043 1166 4121 illud,
1201 4045 1285 4129 quod
1316 4048 1423 4111 animo
1446 4048 1512 4111 iam
1537 4066 1776 4130 praeceperam,

582 4152 733 4234 eripitur;
767 4152 884 4235 pagina
916 4152 1002 4214 enim
1026 4150 1070 4213 40
1094 4156 1196 4215 totam
1221 4172 1289 4214 rem
1313 4157 1458 4217 accurate
1480 4151 1634 4237 docteque
1658 4153 1777 4236 exposi-

584 4263 652 4319 tam
679 4255 780 4319 video.

631 4360 752 4445 Ecquid
786 4360 926 4426 doluisse
959 4382 1011 4426 me
1046 4358 1163 4445 putas?
1198 4361 1377 4448 Paulisper,
1414 4364 1523 4427 fateor.
1557 4362 1636 4426 Mox
1667 4366 1775 4426 tamen

582 4466 673 4532 dolor
697 4466 753 4531 ille
776 4469 870 4530 cessit
892 4466 1033 4531 laetitiae
1056 4465 1160 4532 multo
1183 4468 1346 4533 viridiori.
1371 4468 1483 4533 Nonne
1507 4469 1594 4531 enim
1617 4466 1777 4531 iucundus

580 4596 657 4639 cum
677 4578 766 4638 tanto
786 4575 856 4637 viro
876 4570 1066 4637 consensus?
1085 4573 1127 4637 Et
1147 4573 1224 4659 quid
1245 4577 1363 4639 attinet
1382 4576 1453 4658 quis
1473 4577 1598 4658 primus
1617 4575 1777 4638 invenerit

581 4678 722 4764 aliquid,
760 4678 934 4743 dummodo
969 4682 1012 4743 sit
1047 4700 1160 4743 verum
1193 4687 1224 4743 et
1256 4678 1398 4763 aliquam
1430 4679 1545 4744 habeat
1576 4676 1775 4744 utilitatem?

584 4787 690 4869 Atque
722 4786 781 4849 hoc
813 4785 954 4869 pridem,
978 4784 1114 4849 necdum
1138 4788 1267 4871 cognita
1291 4783 1477 4849 Woelfflinii
1500 4785 1733 4869 disputatione,
1758 4805 1777 4849 a

584 4911 637 4955 me
660 4894 829 4955 inventum
852 4890 928 4956 licet
947 4892 1041 4975 pauci
1061 4893 1176 4968 sciant,
1197 4898 1231 4956 at
1249 4890 1334 4955 fideli
1354 4894 1482 4956 servant
1501 4894 1665 4957 memorie.
1690 4891 1777 4956 Mihi
