5125 6150
686 827 752 898 372
1218 845 1339 894 ursus.

684 1013 726 1075 sit
749 1009 935 1073 Andocides.
961 1009 1022 1088 Qui
1047 1013 1146 1074 sensit
1167 1009 1402 1076 Herwerdenus
1423 1018 1579 1095 expuncto
1599 1016 1730 1078 nomine
1751 1017 1881 1099 proprio

684 1118 717 1179 in
748 1117 818 1179 eius
848 1113 956 1178 locum
987 1111 1069 1186 οὗτος
1094 1117 1264 1181 transferre
1289 1117 1459 1202 cogitabat.
1484 1116 1546 1181 Sed
1569 1117 1712 1182 multum
1737 1124 1881 1203 praestat

686 1221 857 1285 Reiskiana
891 1223 991 1296 ratio,
1028 1241 1090 1305 qua
1120 1222 1252 1305 probata
1283 1221 1515 1286 eliminandum
1546 1225 1607 1287 erit
1638 1244 1814 1307 pronomen
1846 1227 1881 1288 in
1914 1229 1916 1233 ’

685 1328 897 1390 usitatissimo
918 1326 976 1390 hoe
997 1325 1126 1390 Graecis
1146 1327 1270 1392 dicendi
1291 1348 1408 1413 genere
1428 1334 1460 1392 et
1478 1326 1663 1392 inauditum
1676 1331 1880 1414 etineptum.

685 1433 763 1512 Quis
794 1433 875 1497 ferat
905 1453 1005 1517 egr.
1038 1431 1177 1514 ἔγραψεν
1208 1431 1231 1498 ἀ
1261 1437 1295 1510 γ’
1326 1431 1410 1505 οὗτος
1435 1432 1606 1514 ἔγραψ(ε)θ
1638 1435 1735 1500 Recte
1759 1435 1881 1500 dicitur

685 1536 759 1621 §35
783 1539 830 1607 τθς
855 1543 914 1601 τῶν
937 1538 1087 1614 μεγάλοιν
1113 1545 1212 1603 κακῶν
1238 1538 1333 1609 αἴτιος
1357 1539 1479 1616 ἐγένετο
1488 1560 1496 1617 ;
1518 1540 1571 1604 οὑκ
1596 1542 1717 1612 αὐτὸς
1742 1537 1784 1605 οὑ
1797 1565 1880 1619 τος,

685 1645 815 1716 ποιήσας
841 1635 862 1707 ἀ
889 1644 1043 1721 lactarem
1070 1650 1178 1709 nostro
1201 1644 1271 1710 loeo
1296 1667 1356 1710 non
1382 1650 1476 1710 recte.

730 1863 782 1929 Or.
808 1862 850 1926 VI
874 1863 969 1946 §132
1007 1863 1111 1927 ’λλλά
1144 1861 1226 1938 λε’ξει
1258 1864 1350 1929 ὑεινθν
1382 1861 1476 1943 εἶναι,
1502 1866 1527 1929 εἰ
1551 1865 1565 1929 ὑ
1593 1865 1650 1940 μὶν
1673 1864 1812 1942 μηνυτής
1837 1865 1879 1929 τά

683 1969 811 2046 ἔσχατα
834 1970 995 2046 πείσεται,
1020 1969 1045 2033 οὑ
1069 1969 1101 2033 δὲ
1125 1969 1307 2044 μηνυθέντες
1333 1976 1391 2034 τῶν
1414 1971 1515 2034 αὐτῶν
1535 1972 1611 2046 ὑμῖν
1637 1971 1772 2048 ἐπθτιμοι
1793 1968 1879 2043 ἀντες

683 2073 851 2149 μεθέξουσι.
877 2075 977 2138 καίτοι
1002 2075 1077 2155 οὑχ
1101 2074 1197 2154 ὑπὲρ
1222 2076 1346 2139 αὑτοὺ
1371 2077 1607 2152 ἀπολογήσεται
1630 2077 1719 2141 ἀλλά
1745 2078 1879 2140 καὶτῶν

686 2179 791 2245 ἀλλων
822 2183 1036 2260 κατηγορήσει.
1069 2182 1138 2251 τοὺς
1170 2181 1227 2256 μὲν
1259 2178 1307 2246 οὑν
1338 2180 1453 2253 ἀλλους
1486 2183 1510 2246 oi
1543 2179 1749 2258 ἐπιτήξαντες
1781 2206 1881 2247 κατα-

688 2285 833 2363 δέξασθαι
854 2288 1042 2351 ἀδικοῦσι
1067 2291 1133 2349 τοῦ
1158 2288 1282 2350 αὑτοῦ
1307 2287 1582 2364 ἀσεβήματος
1606 2286 1739 2352 αθτιοὺ
1761 2288 1879 2353 εἰσιν·

687 2393 712 2457 εἰ
745 2392 772 2456 δ’
797 2392 884 2465 ὑμεῖς
909 2392 1128 2471 αὑτοκράτορες
1154 2386 1226 2464 ἦτε
1252 2392 1318 2456 καὶ
1344 2393 1435 2456 ἐστὶ
1458 2394 1483 2458 ol
1507 2393 1679 2473 ἀφελόντες
1703 2394 1761 2465 τθος
1788 2404 1882 2472 τιμον-

686 2499 750 2579 piac
773 2504 830 2562 τῶν
850 2499 929 2576 θεῶν,
950 2499 1025 2561 ἀλλ’
1048 2493 1090 2561 οὑ
1097 2521 1156 2562 τοι
1183 2496 1272 2562 αθτιοι
1294 2497 1425 2563 ἔσονται.
1446 2499 1537 2564 Nihil
1557 2503 1672 2565 attinet
1684 2499 1881 2586 singillatim

691 2602 894 2668 difficultates
924 2624 1079 2688 exponere
1110 2606 1226 2689 quibus
1257 2605 1310 2668 hic
1340 2604 1429 2670 locus
1452 2608 1678 2670 vexatissimus
1701 2610 1865 2692 premitur
1872 2626 1880 2683 ;

687 2708 764 2774 adeo
793 2712 827 2772 in
852 2708 959 2773 oculos
980 2712 1158 2773 incurrunt.
1184 2709 1269 2789 Quae
1293 2710 1444 2794 descripsi
1468 2708 1619 2776 lectiones
1643 2716 1717 2774 suut
1740 2710 1883 2775 Palatini

688 2814 813 2891 codicis,
846 2819 913 2878 tam
943 2815 1095 2878 absurdas
1117 2815 1298 2891 interdum,
1323 2821 1360 2878 ut
1384 2818 1549 2879 sententiis
1573 2814 1665 2899 plane
1689 2836 1746 2879 neo
1765 2821 1882 2900 caput,

686 2922 795 2995 aiunt,
825 2941 882 2983 nec
905 2941 960 3003 pes
984 2925 1116 2984 constet.
1141 2920 1233 2985 Prior
1256 2925 1363 2984 tamen
1386 2901 1579 3006 paragraphi
1602 2941 1674 3004 pars
1698 2920 1824 2984 dudum
1848 2924 1882 2984 in

685 3027 852 3112 integrum
888 3028 1036 3091 restituta
1066 3032 1114 3091 est
1142 3026 1297 3091 adhibitis
1328 3029 1505 3091 coniunctis
1537 3025 1670 3091 Sluiteri
1702 3023 1881 3113 Cobetique

686 3132 977 3208 emendationibus,
999 3152 1077 3216 quas
1097 3131 1330 3196 Herwerdenus
1350 3134 1485 3215 recepit,
1505 3130 1727 3196 Thalheimius
1746 3136 1881 3217 sprevit,

687 3238 791 3302 hisce:
824 3236 922 3300 καίτοι
956 3236 1111 3315 <οὑτιος>
1136 3239 1195 3316 οὑχ
1221 3233 1364 3314 <ὑπως>
1390 3237 1462 3314 ὑπὲρ
1496 3237 1590 3300 αὑτοῦ
1622 3240 1880 3316 ἀπολογήσεται,

688 3343 777 3406 ἀλλά
809 3342 861 3406 καὶ
893 3348 951 3405 τῶν
982 3341 1087 3405 ἀλλων
1119 3344 1342 3418 κατηγορήσει,
1375 3342 1490 3426 quibus
1521 3341 1651 3405 adscitis
1683 3344 1783 3407 etiam
1808 3345 1880 3420 καὶ,

687 3447 768 3531 qnod
790 3447 952 3523 Dobrae0,
970 3447 1181 3524 Franckenio,
1201 3446 1273 3511 aliis
1290 3447 1452 3512 offensioni
1470 3447 1548 3523 fnit,
1570 3450 1691 3531 optime
1704 3447 1881 3513 stabilitur.

686 3552 935 3616 Adscisoendum
956 3560 1117 3638 praeterea
1131 3554 1246 3634 <aai>
1261 3558 1314 3615 τοῦ
1336 3554 1431 3616 αὑτοῦ
1451 3551 1656 3629 ἀσεβήματος
1679 3550 1774 3615 αἴτιοί
1795 3555 1880 3628 εἰσιν,

688 3657 771 3742 quod
803 3661 928 3721 omittit
959 3659 997 3733 X,
1030 3659 1118 3722 addit
1143 3657 1178 3735 G,
1203 3681 1241 3722 ex
1265 3661 1448 3723 coniectura
1471 3662 1538 3722 sine
1563 3658 1677 3733 dnbio,
1703 3658 1758 3721 sed
1783 3665 1879 3723 ceria.

685 3763 747 3827 Sed
778 3762 882 3827 multo
915 3765 1006 3847 peius
1037 3765 1146 3828 habita
1177 3773 1250 3828 sunt
1282 3785 1363 3848 quae
1388 3769 1575 3847 sequuntur,
1601 3784 1681 3847 quae
1706 3785 1821 3828 vereor
1845 3772 1882 3829 ut

684 3868 787 3932 editor
809 3871 841 3931 in
865 3871 1030 3954 integrum
1054 3872 1232 3933 restituerit
1255 3869 1453 3933 rescribendo
1477 3871 1503 3933 εἷ
1529 3870 1554 3932 δ’
1580 3870 1666 3945 ὑμεῖς
1691 3870 1880 3946 αὐτοκοάτο-

685 3998 733 4054 ρες
758 3972 828 4046 ήδη
853 3972 991 4038 ἔσεσθε
1015 3974 1040 4037 ol
1061 3974 1232 4051 ἀφελόντες
1250 3977 1309 4046 τάς
1331 3977 1480 4051 τιμωρθας
1500 3999 1529 4038 τ.
1551 3976 1631 4051 θεῶν,
1652 3995 1748 4058 quae,
1763 3997 1880 4041 verum

685 4086 723 4143 ut
753 4078 862 4156 fatear,
896 4078 1035 4142 Palatini
1065 4078 1254 4144 lectionibus
1287 4102 1349 4144 non
1374 4078 1479 4145 multo
1503 4078 1691 4144 dilucidiora
1715 4080 1880 4146 videntur.

686 4183 899 4250 Contulerunt
929 4183 1063 4267 plurimi
1096 4187 1198 4248 critici
1222 4186 1261 4249 ad
1284 4184 1347 4250 loci
1372 4188 1593 4271 integritatem
1617 4186 1881 4263 restaurandam,

685 4312 824 4377 qnorum
855 4290 939 4374 quod
970 4290 1009 4353 ad
1039 4311 1168 4353 sensum
1199 4293 1319 4374 optime
1345 4312 1396 4355 me
1420 4292 1525 4356 iudice
1549 4311 1616 4355 rem
1641 4290 1883 4357 administravit

684 4398 900 4463 Franckenius
941 4416 1134 4480 proponens:
1180 4397 1205 4461 ri
1241 4397 1266 4459 δ’
1297 4398 1384 4469 ὑμεῖς
1422 4397 1641 4473 αὑτοιιοάτοοες
1686 4401 1881 4472 ἀφήσετε

687 4507 802 4583 ὑμεῖς
828 4503 953 4567 ἔσεσθ’
978 4505 1002 4566 oi
1028 4503 1188 4572 ἀνελθντες
1212 4505 1270 4572 τάς
1296 4502 1391 4578 τιμάς
1417 4528 1446 4565 τ.
1469 4505 1548 4567 θεῶν.
1573 4508 1616 4586 (p.
1639 4500 1695 4582 50)
1719 4502 1762 4565 Et
1781 4504 1881 4569 huius

685 4620 717 4675 et
737 4613 871 4676 Dobraei
890 4609 1166 4674 emendationibus
1179 4612 1334 4674 insistens
1355 4608 1463 4674 locum
1484 4611 1530 4673 ita
1550 4611 1774 4673 constituerim
1793 4614 1881 4695 ipse:

687 4717 711 4777 εὑ
744 4718 770 4780 δ’
796 4718 883 4791 ὑμεῖς
916 4716 1134 4793 αὑτοκράτοοες
1160 4715 1241 4785 ὄντες
1268 4716 1327 4794 (sic
1352 4714 1514 4778 Dobraous
1539 4721 1571 4778 at
1595 4722 1667 4777 ante
1691 4735 1766 4778 eum
1794 4715 1884 4781 Reis-

687 4818 761 4883 lsius
792 4844 848 4906 pro
874 4820 940 4901 ήτε)
965 4822 1270 4896 κατ<ελεήσετε
1294 4825 1455 4897 τοῦτον,
1481 4821 1630 4897 darie>
1655 4821 1723 4883 ἐστὶ
1749 4822 1775 4884 οἱ
1800 4824 1882 4899 ἀφε-

687 4926 791 4994 λθντες
824 4936 882 4998 τάς
914 4927 1060 5005 τιμωρίας
1093 4933 1151 4989 τῶν
1175 4929 1246 4990 θεῶν
1269 4928 1343 4989 ἀλλ’
1368 4928 1442 5005 οὐχ
1467 4923 1595 5006 ἕτεροι
1620 4924 1709 4989 αθτιοι
1735 4927 1880 5006 ἔσονται,
