5125 6150
958 798 999 844 nn
1021 797 1227 845 uuoauuours
1249 797 1436 846 rnnnoonri.
1740 779 1782 846 39

598 961 749 1027 adiunxit
780 961 1025 1046 descriptionem
1058 969 1211 1040 craterae,
1243 984 1339 1048 quam
1372 962 1569 1049 Polyxenum
1592 962 1680 1026 Ulixi
1703 963 1782 1028 dono

597 1068 723 1134 dedisse
747 1068 859 1145 finxit,
884 1074 921 1132 ut
943 1067 1109 1134 Menelaus
1132 1069 1321 1135 Telemacho
1341 1069 1434 1134 telo
1454 1090 1520 1154 sqq.
1542 1068 1632 1133 offert
1651 1075 1782 1146 κρητῆρα

596 1175 791 1250 τετυγμένον
832 1174 930 1252 rima
969 1176 1161 1253 Ἡφαίστοιο.
1204 1175 1405 1241 Toreumatis
1445 1197 1518 1240 vero
1556 1180 1782 1259 argumentum

598 1280 716 1367 selegit
749 1281 873 1345 hirtum
904 1281 1028 1366 Augiae
1059 1282 1200 1346 thesauri
1230 1303 1249 1346 a
1278 1280 1458 1366 Trophonio
1487 1300 1560 1346 cum
1582 1282 1678 1346 fratre
1700 1302 1784 1345 com·

598 1390 750 1464 missum,
783 1390 805 1450 i.
830 1407 873 1451 e.:
906 1385 1177 1451 narratiunculam
1208 1387 1245 1451 ds
1277 1391 1362 1472 regis
1393 1390 1537 1473 aegyptii
1567 1386 1783 1472 Rhampsiniti

599 1494 752 1559 thesauro
776 1515 795 1558 a
815 1494 905 1558 vafro
928 1494 1100 1558 architecto
1119 1493 1293 1578 despoliato
1314 1492 1501 1557 translatam
1521 1496 1553 1557 in
1572 1493 1782 1579 praedivitem

597 1621 712 1686 regem
740 1598 843 1664 Elidis
864 1602 961 1684 inque
984 1598 1158 1684 praeclaros
1181 1597 1332 1665 Graeciae
1355 1598 1540 1664 architectos
1563 1599 1781 1684 Trophonium

597 1714 631 1771 et
656 1705 856 1791 Agamedem
870 1705 904 1784 ¹).
930 1704 1106 1769 Immensae
1129 1726 1202 1790 opes
1224 1708 1347 1791 Augiae
1370 1727 1409 1769 ex
1429 1708 1579 1770 armentis
1596 1709 1782 1791 praesertim

597 1815 752 1898 agrisque
782 1816 960 1876 constantes
989 1811 1072 1896 apud
1100 1832 1209 1875 omnes
1233 1809 1369 1876 Graecos
1394 1811 1465 1875 iude
1489 1812 1527 1875 ab
1549 1811 1682 1876 Homeri
1704 1819 1781 1876 tem·

598 1917 735 2003 poribus
758 1922 847 1981 erant
869 1922 978 1992 notae,
1002 1915 1108 1980 labore
1131 1937 1255 2001 quoquc
1279 1917 1428 1981 Herculis
1451 1920 1482 1980 in
1506 1916 1639 1982 stabulis
1659 1918 1782 2003 Augiae

598 2022 777 2108 purgandis
808 2027 996 2106 consumpto
1025 2022 1144 2106 ubique
1175 2021 1305 2086 divitiae
1328 2022 1430 2087 Elidis
1453 2025 1537 2107 regis
1559 2022 1781 2089 inclaruerant.

598 2128 679 2208 Quis
698 2130 801 2214 igitur
821 2148 838 2191 e
856 2130 967 2212 priscis
987 2128 1135 2192 heroibus
1154 2131 1242 2213 priua
1261 2149 1356 2212 quam
1378 2130 1500 2214 Augias
1520 2127 1639 2193 Graeco
1658 2130 1781 2194 homini

596 2238 633 2298 in
663 2240 806 2298 mentem
838 2236 945 2298 venire
974 2241 1114 2318 poterat,
1146 2238 1197 2298 cui
1229 2233 1442 2319 Rhampsiniti
1472 2241 1575 2320 partes
1607 2234 1781 2301 tribueret?

599 2338 659 2404 Vel
691 2342 747 2424 qui
777 2340 941 2404 architecti
969 2342 1052 2420 aprid
1074 2340 1197 2422 Minyas
1224 2341 1347 2422 Cyrenes
1370 2341 1534 2403 conditores
1556 2344 1674 2406 maiore
1697 2342 1781 2406 fame

599 2446 788 2511 fruebantur
811 2466 906 2529 quam
930 2445 1108 2531 Agamedes
1127 2453 1158 2510 et
1177 2443 1397 2530 Trophonius?
1418 2444 1478 2511 Oui
1497 2449 1542 2510 rei
1561 2447 1680 2511 accedit
1699 2449 1781 2532 quod

600 2556 667 2617 iam
691 2552 775 2636 apud
798 2551 976 2617 Homerum
999 2573 1114 2617 nomen
1139 2552 1311 2636 Agamedis
1334 2572 1408 2616 cum
1430 2553 1554 2635 Augiae
1572 2555 1698 2616 nomine
1718 2554 1781 2618 fuit

598 2661 822 2735 coniunctum3
856 2679 930 2722 nam
958 2657 1022 2722 filia
1045 2657 1242 2722 celeberrimi
1265 2660 1350 2743 regis
1373 2657 1419 2722 ihi
1443 2656 1533 2721 audit
1557 2658 1779 2743 „Agamede'';

599 2766 746 2849 quinimo
777 2769 814 2826 ut
844 2763 961 2828 ultima
992 2764 1150 2828 dubitatio
1181 2762 1324 2840 tollatur,
1355 2784 1394 2827 ne
1417 2765 1519 2847 patria
1543 2763 1671 2847 quidem
1694 2767 1779 2847 regis

599 2869 784 2956 Agamedie,
809 2872 933 2955 Augiae
954 2872 1094 2947 inimici,
1119 2869 1173 2934 diu
1196 2877 1263 2932 erat
1287 2868 1478 2953 quaerenda,
1503 2889 1576 2932 cum
1596 2867 1780 2954 Stymphali

598 2979 630 3039 in
660 2977 739 3040 urbe
768 2975 918 3040 Arcadiae
949 2973 1124 3061 Agamedis
1154 2995 1269 3040 nomen
1300 2978 1333 3039 in
1364 2977 1443 3039 serie
1466 2995 1581 3059 regum
1605 2982 1777 3059 appareret.

597 3083 683 3147 Huic
702 3093 810 3146 autem
829 3080 916 3146 nulla
935 3103 1029 3166 opera
1048 3081 1246 3166 Trophonius
1265 3082 1352 3146 filius
1371 3081 1486 3151 σκότιος
1500 3082 1632 3167 adiungi
1644 3088 1777 3167 poterat,

597 3198 681 3254 certe
704 3210 722 3278 a
745 3194 836 3273 poeta
859 3209 927 3252 sero
950 3194 981 3253 et
1004 3187 1250 3275 neglegentiore.
1275 3188 1359 3268 Quid
1382 3192 1503 3252 mirum
1525 3191 1628 3275 igitur
1647 3191 1679 3252 in
1700 3190 1777 3254 urbe

598 3293 722 3381 Cyrene
752 3296 774 3358 i.
787 3314 814 3358 e.
844 3296 878 3357 in
908 3297 986 3379 ipsis
1009 3294 1124 3359 finibus
1149 3295 1289 3380 Aegypti
1314 3293 1526 3379 Graeciaeque
1549 3293 1698 3360 fabellam
1721 3296 1778 3360 Ae·

598 3404 784 3487 gyptiacam
816 3399 912 3464 fuisse
942 3406 1100 3465 mutatam
1130 3403 1164 3464 in
1188 3398 1358 3477 Graecam,
1384 3402 1569 3465 architectos
1592 3400 1721 3486 Minyas
1743 3405 1776 3466 in

598 3510 674 3573 urbe
699 3528 717 3572 a
742 3506 864 3592 Minyis
886 3506 1010 3571 condita
1030 3509 1062 3570 in
1082 3526 1114 3570 se
1133 3510 1286 3592 recepisse
1304 3515 1409 3592 partes
1428 3508 1591 3590 hucusque
1611 3507 1649 3571 ab
1668 3510 1777 3593 ignoto

629 3848 655 3906 l)
674 3845 710 3892 Ci.
729 3846 755 3892 A.
776 3842 885 3891 Welclrer
902 3841 996 3890 Gricch.
1015 3842 1084 3904 Trag.
1103 3858 1124 3905 p.
1138 3843 1198 3889 ³04:
1217 3841 1396 3889 -Vermuthlich
1413 3857 1461 3890 war
1475 3857 1499 3889 aa
1512 3841 1612 3891 dieaelbe
1623 3842 1776 3906 Aegyptiachc

596 3927 736 3976 Gaschichte
761 3941 813 3973 vom
840 3925 937 3973 Schatza
962 3924 1002 3971 des
1028 3923 1186 3987 Rhampainit‚
1211 3923 1249 3970 die
1272 3924 1315 3971 wir
1339 3939 1379 3971 aua
1398 3925 1450 3971 dem
1468 3924 1522 3972 weit
1539 3928 1646 3988 apitercn
1668 3925 1776 3972 Herodot

597 4009 701 4064 hennon,
721 4007 889 4070 ibergctrugau
908 4007 950 4053 aui
965 4005 1095 4068 dirjenigen
1115 4006 1260 4067 mythiaohon
1279 4006 1396 4053 Personen
1414 4006 1454 4053 dea
1470 4006 1571 4061 Laudes,
1591 4007 1627 4053 dic
1644 4006 1678 4054 ala
1694 4020 1775 4069 groaza

598 4091 745 4140 liaumriater
762 4090 833 4137 achon
851 4087 963 4137 berhhrnt
980 4086 1082 4136 warcn.”

630 4173 787 4221 Wilamowitz
811 4171 881 4218 Hom.
908 4170 1001 4218 Untera.
1025 4187 1046 4234 p.
1065 4171 1125 4219 186:
1154 4170 1222 4218 -aber
1240 4171 1280 4218 dna
1298 4171 1352 4218 dart
1368 4187 1421 4219 man
1438 4169 1551 4233 glauben,
1572 4171 1623 4218 dass
1640 4185 1664 4218 aa
1681 4171 1718 4218 die
1736 4184 1776 4217 no·

593 4256 656 4304 vella
673 4270 727 4302 vom
745 4254 888 4301 Sohatzhaua
905 4252 945 4299 dea
962 4252 1114 4316 Rhampaioit
1133 4252 1205 4300 war.''

627 4338 655 4386 H.
674 4338 758 4398 Meyer
775 4335 877 4383 Hermes
895 4334 959 4383 XXX
977 4350 999 4399 p.
1019 4336 1079 4384 2b2:
1100 4335 1156 4382 ‚aui
1170 4335 1223 4382 dem
1244 4336 1332 4383 Xrater
1348 4336 1418 4397 (war)
1435 4334 1472 4382 die
1488 4334 1616 4395 Erbauung
1629 4334 1669 4381 des
1683 4332 1775 4381 Sobata-

592 4421 677 4469 hauaea
698 4419 738 4466 das
756 4418 843 4480 Augias
858 4418 933 4465 durch
951 4418 989 4466 Tr.
1010 4434 1031 4465 u.
1051 4421 1077 4465 A.
1096 4416 1247 4479 dargeatcllt‚
1267 4418 1309 4465 ant
1326 4418 1363 4465 dia
1381 4418 1422 4465 der
1440 4416 1598 4479 Kyreniischc
1615 4415 1714 4464 Dichter
1732 4416 1773 4464 dra

591 4500 751 4565 Aegyptischa
769 4499 883 4547 Mirohen
901 4515 955 4547 vom
973 4498 1116 4547 Schatzhaua
1134 4501 1173 4547 dea
1191 4499 1342 4563 Rhampainit
1360 4498 1500 4558 iibertrogen
1518 4496 1608 4546 hatte.''

622 4584 648 4631 J.
671 4582 773 4630 Bochlau
791 4585 839 4628 Aua
854 4581 974 4629 ioniachsn
994 4581 1040 4628 und
1059 4581 1182 4629 italisohcn
1202 4582 1353 4645 Nekropolen
1376 4582 1436 4628 1398
1454 4597 1476 4644 p.
1496 4580 1542 4631 127
1561 4579 1607 4628 tab.
1629 4582 1656 4628 X.
1671 4582 1687 4627 A
1705 4580 1773 4627 affert

586 4665 717 4727 imaginem
740 4664 764 4710 in
789 4679 841 4710 vaae
865 4664 943 4727 picto,
966 4679 1025 4726 quae
1050 4663 1110 4711 haud
1134 4663 1203 4711 dubie
1220 4664 1382 4727 Trophonium
1400 4664 1538 4712 thesaurum
1557 4663 1717 4711 aedificantem
1735 4677 1772 4709 rc·

586 4750 733 4812 praesentat.

620 4829 689 4878 Licet
711 4842 753 4875 vas
777 4831 897 4891 repertum
914 4827 945 4875 ait
965 4827 989 4874 in
1007 4827 1126 4894 necropoli
1144 4828 1230 4886 samia,
1250 4827 1348 4876 dubium
1364 4842 1413 4875 ease
1430 4843 1477 4875 nou
1496 4831 1573 4891 potest
1590 4827 1646 4890 quio
1666 4827 1773 4890 Cyrenas

582 4914 616 4962 iit
636 4912 735 4977 pictum.
