5125 6150
712 861 715 865 >
799 826 864 892 130
1284 846 1491 896 ruuorumss.

795 1011 851 1075 ubi
874 1010 1001 1078 tandem
1021 1012 1117 1078 verbo
1137 1011 1341 1077 ἀποστέλλειν
1360 1016 1402 1078 sit
1424 1015 1486 1078 ista
1508 1014 1567 1078 vis.
1591 1012 1694 1094 Quare
1717 1012 1902 1079 scholiastae
1925 1012 1979 1079 ad-

794 1116 1013 1203 stipulandum
1036 1117 1174 1196 videtur,
1198 1140 1254 1184 nec
1277 1120 1367 1184 verbi
1398 1119 1495 1185 medii
1522 1140 1617 1198 usus,
1649 1121 1724 1204 quia
1753 1122 1898 1205 ipserum
1927 1141 1979 1185 res

797 1224 961 1309 agebatur,
985 1224 1142 1290 mirabilis
1165 1230 1223 1290 est.
1248 1225 1422 1290 Notissima
1444 1232 1492 1290 est
1515 1247 1554 1290 ex
1578 1224 1720 1312 Odyssea
1740 1224 1880 1291 formula
1899 1226 1982 1291 έτεέ-

796 1330 907 1407 γεσύαι
930 1329 1044 1408 γάμον,
1068 1329 1140 1396 libr.
1164 1331 1180 1396 Ι
1204 1329 1245 1396 97
1270 1337 1302 1396 et
1325 1331 1405 1395 XIX
1431 1330 1504 1396 142.
1546 1356 1548 1361 ·

840 1533 963 1599 Ibidem
995 1528 1070 1607 ἦσαν
1101 1533 1131 1599 δέ
1157 1535 1190 1599 cl
1210 1534 1375 1614 ξύμπασαι
1400 1542 1458 1601 τῶν
1482 1536 1558 1615 ξυμ
1567 1560 1623 1614 μα
1631 1542 1756 1617 χικῶν
1780 1543 1846 1611 νιῑες
1873 1534 1980 1602 αύτύύι

794 1644 870 1716 μιοῖο
901 1640 1019 1706 δέουσαι
1042 1641 1285 1722 τεσσαράκοντα.
1309 1644 1359 1710 Ita
1381 1646 1450 1708 sine
1474 1664 1570 1709 sensu
1593 1665 1611 1709 e
1634 1642 1793 1730 plerisque
1817 1642 1980 1708 codicibus

795 1747 885 1813 edere
908 1747 1024 1814 maluit
1046 1749 1141 1815 Huds
1161 1770 1256 1835 quam
1275 1749 1444 1815 admittere
1462 1752 1627 1837 egregiam
1647 1749 1790 1816 Vaticani
1808 1747 1979 1816 lectionem

794 1854 1067 1937 ξυμμαχέδοιν
1091 1863 1251 1941 receptam
1273 1858 1312 1921 ab
1335 1855 1415 1922 aliis.

839 2073 906 2152 8,2
936 2075 950 2139 ὅ
980 2075 1011 2141 δέ
1037 2069 1135 2151 'hyrc
1167 2074 1268 2148 έπειδδι
1294 2075 1369 2156 έύοα
1394 2074 1462 2146 τοὺς
1488 2073 1751 2153 Λακεδαιμονίους
1774 2074 1803 2147 ές
1828 2075 1884 2148 τὴν
1908 2075 1978 2141 Χίον

795 2188 908 2260 πρῶτον
936 2181 1127 2259 ὁρμημένους
1135 2230 1144 2260 ,
1174 2181 1236 2247 οὐδ’
1266 2183 1358 2252 αὐτὸς
1382 2178 1461 2246 ἄλλο
1485 2204 1515 2246 τι
1541 2181 1738 2260 teloneum,
1763 2181 1850 2245 οὶλλοὶ
1875 2180 1980 2259 ξυνελ-

798 2288 896 2361 ύύντεο
928 2289 957 2358 ἕο
990 2288 1123 2367 Κύρινύον
1152 2291 1178 2354 ού
1201 2287 1365 2368 ξύμμαχον
1389 2287 1605 2366 ἐβουλεύοντο,
1630 2288 1681 2352 καὶ
1706 2286 1786 2362 ἔδοξε
1810 2294 1924 2368 πρῶτον
1950 2290 1979 2361 tc

798 2402 867 2460 Χῖον
902 2394 1015 2466 αύτούς
1048 2403 1138 2459 πλεῖν
1173 2392 1311 2474 ἄρχοντα
1344 2392 1474 2474 ἔχοντας
1508 2392 1682 2471 Χαλκιδέα,
1714 2431 1774 2472 -,
1806 2393 1920 2459 ἔπειτα
1952 2395 1980 2466 ές

796 2501 918 2580 Λέσβον
952 2501 1004 2565 καὶ
1039 2501 1220 2577 Ἀλκαμένκ
1255 2498 1412 2587 ἄρχοντα,
1443 2540 1504 2580 -,
1536 2500 1570 2566 τὸ
1602 2508 1778 2566 τελευταῖον
1811 2499 1843 2564 δὲ
1874 2501 1904 2572 ές
1929 2500 1979 2565 τδν

796 2605 1025 2680 Ἑλλήσποντον
1049 2608 1215 2683 ύΦικέσύαι
1241 2646 1294 2686 -,
1318 2607 1472 2689 διαφέρειν
1496 2606 1526 2672 δέ
1550 2605 1601 2672 τδν
1624 2608 1727 2682 ἶσύμδν
1752 2606 1810 2678 τας
1825 2595 1978 2682 ’ἡμισείας

797 2720 855 2779 τῶν
874 2714 945 2779 νεῶν
965 2719 1090 2792 πρῶτον,
1111 2714 1162 2778 καὶ
1184 2713 1269 2787 εὐθὺς
1290 2714 1411 2788 ταύτας
1430 2720 1594 2792 ἀποπλεῖν,
1614 2710 1694 2785 ύπυς
1714 2714 1765 2789 μὴ
1789 2714 1815 2778 οἱ
1828 2714 1979 2786 Ἀθηναῖοι

797 2820 871 2898 πρὸς
890 2820 951 2891 τας
971 2820 1197 2899 οὶφορμυμένας
1219 2825 1341 2898 μᾶλλον
1363 2821 1413 2885 τδν
1433 2825 1497 2885 νοῦν
1515 2819 1625 2901 ἔχωσιν
1637 2819 1654 2896 ἢ
1668 2821 1726 2891 τύιι
1739 2816 1861 2899 ὕστερον
1873 2819 1981 2897 διαφε-

795 2926 933 3006 ρομένας.
954 2924 1108 2993 Classenii
1126 2927 1223 2991 huius
1242 2926 1304 2992 loci
1315 2929 1552 3012 interpretatio,
1566 2948 1661 3013 quam
1674 2927 1747 2991 ride
1758 2926 1843 3011 apud
1855 2928 1979 3011 ipsum,

796 3033 928 3099 obscure
958 3039 1006 3098 est
1033 3032 1223 3112 admodum,
1248 3055 1349 3121 neque
1372 3054 1408 3100 sa
1430 3055 1479 3099 res
1502 3036 1609 3120 ipsum
1632 3014 1766 3110 latebat,
1791 3038 1827 3096 ut
1849 3038 1980 3119 apparet

796 3162 834 3205 ex
865 3142 933 3204 eius
963 3140 1161 3205 adnotatione
1191 3144 1317 3219 critica,
1350 3142 1406 3205 ubi
1437 3141 1514 3206 dicit
1544 3161 1577 3204 se
1606 3142 1761 3226 cogitasse
1785 3138 1823 3203 de
1847 3137 1979 3204 delenda

794 3249 962 3333 negatione
987 3248 1048 3323 μή,
1073 3248 1209 3312 scribens
1235 3269 1289 3324 „es
1309 3247 1402 3312 sollte
1423 3246 1565 3312 namlich
1586 3247 1681 3333 grade
1702 3246 1752 3310 die
1772 3246 1908 3310 Absioht
1927 3245 1980 3310 der

795 3352 1038 3437 Peloponnesier
1067 3356 1152 3431 sein,
1181 3354 1231 3419 die
1254 3353 1550 3419 Aulmerksamheit
1574 3353 1633 3418 auf
1653 3353 1702 3417 die
1725 3358 1808 3417 erste
1832 3345 1982 3416 Schiffab-

794 3458 943 3545 theilung
978 3481 1015 3523 zu
1047 3458 1180 3537 lenhen,
1212 3460 1314 3525 damit
1345 3463 1391 3526 sie
1422 3463 1455 3523 in
1487 3458 1685 3545 Verfolgung
1716 3455 1898 3533 darselben,
1931 3457 1980 3522 die

796 3586 907 3650 wegen
935 3567 1021 3630 ihrer
1052 3565 1221 3631 Schwache
1254 3566 1343 3631 nicht
1374 3589 1411 3631 zu
1442 3566 1590 3632 firrchten
1621 3569 1721 3641 ware,
1756 3564 1807 3628 die
1831 3563 1980 3650 folgende

797 3677 964 3756 ungestbrt
994 3671 1142 3739 liessen.''
1174 3671 1255 3737 Sana
1286 3674 1368 3738 mihi
1400 3672 1528 3737 videtur
1556 3678 1588 3736 et
1611 3670 1783 3757 probabilis
1807 3669 1980 3735 admodum

797 3775 871 3841 talis
901 3780 1073 3855 sententia,
1103 3800 1199 3864 quam
1221 3782 1365 3864 impense
1388 3782 1487 3844 mirer
1510 3780 1618 3843 virum
1641 3778 1862 3842 doctissimum
1886 3779 1981 3842 inter·

794 3885 965 3969 pretatioui
984 3904 1058 3948 suae
1077 3888 1110 3949 in
1131 3888 1214 3950 notis
1225 3886 1308 3951 infra
1319 3891 1463 3962 textum,
1480 3906 1559 3970 quae
1572 3882 1659 3948 nulla
1673 3890 1735 3961 est,
1748 3883 1979 3969 posthabuisse.

794 3987 944 4055 Oetemm
974 3991 1048 4076 quia
1078 3994 1280 4077 negationem
1311 4013 1404 4056 nemo
1436 3990 1529 4056 facile
1559 3989 1658 4055 lector
1690 3995 1746 4053 aut
1767 3986 1920 4053 librarius
1942 3989 1979 4053 de

782 4117 850 4161 suo
868 4095 1035 4160 additurus
1054 4102 1138 4174 erat,
1159 4098 1262 4162 multo
1281 4096 1477 4182 probabilius
1497 4097 1632 4161 arbitror
1652 4094 1872 4180 Thucydidem
1884 4097 1980 4181 scrip

793 4205 871 4267 sisse
896 4197 975 4274 ὅπως
1000 4203 1043 4276 δύο
1066 4203 1091 4266 οἱ
1120 4203 1270 4277 Ἀθηναῖοι
1295 4204 1358 4270 κτὲ.

841 4421 883 4487 13
906 4422 956 4486 καὶ
982 4423 1047 4500 περὶ
1073 4424 1127 4496 τὴν
1150 4423 1329 4488 Λευκασίαν
1352 4424 1580 4501 ύπολιιΦύεῖσαι
1605 4422 1687 4502 (scil.
1713 4418 1850 4508 Gylippi
1870 4427 1982 4502 naves)

794 4531 846 4595 acl
871 4536 1062 4593 κοπεῖσαι
1087 4529 1143 4594 brt
1166 4535 1223 4593 τῶν
1248 4532 1396 4595 Ἀττικῶν
1420 4530 1502 4595 ἑπτοὶ
1523 4530 1574 4594 καὶ
1595 4528 1688 4594 εἴκοσι
1708 4535 1777 4593 νεῶν
1796 4528 1860 4593 κτέ.
1881 4527 1981 4594 Valde

796 4635 998 4702 abblanditur
1014 4636 1094 4700 mihi
1111 4635 1228 4701 Naberi
1245 4639 1426 4702 coniectura
1446 4639 1737 4712 οὶνακοπεῑσαι,
1756 4634 1832 4700 lieet
1844 4635 1982 4700 verbum

795 4742 979 4807 ἀνακύπτειν
1002 4741 1079 4807 alibi
1102 4743 1185 4829 apud
1209 4740 1429 4828 Thucydidem
1453 4766 1516 4808 non
1540 4748 1693 4807 occurrat.

840 4953 927 5031 22,1
959 4957 1043 5032 μετὰ
1067 4955 1224 5021 δὲταῦτα
1248 4961 1300 5022 τοῦ
1324 4957 1419 5021 αὐτοῦ
1443 4958 1538 5037 ύέοονς
1559 4955 1584 5019 οἱ
1606 4962 1680 5033 Χῖοι,
1709 4950 1807 5033 ὥσπερ
1835 4951 1978 5032 ἤρξαντο,
