5125 6150
686 796 728 861 46
1030 812 1072 858 ns
1096 811 1302 859 noosnnonrs
1324 810 1509 858 rnnneonrn.

684 979 783 1044 libere
813 979 925 1063 vagari
957 982 1072 1061 posset.
1117 977 1369 1043 Admirationem
1401 999 1476 1042 vero
1507 983 1615 1042 moret
1646 978 1731 1062 quod
1760 978 1869 1044 Ulixis

684 1084 741 1150 illa
771 1084 928 1170 expeditio
958 1084 1132 1167 antiquitus
1163 1083 1220 1147 sub
1251 1083 1376 1148 Musaei
1399 1086 1526 1148 nomine
1548 1083 1733 1149 circumlata
1757 1085 1868 1150 fuerit.

686 1189 769 1270 Quid
798 1190 949 1266 Musam,
974 1185 1003 1260 ὃς
1028 1190 1219 1267 παραλύσεις
1242 1189 1294 1253 καὶ
1318 1191 1448 1261 τελετὰς
1474 1190 1526 1254 καὶ
1551 1190 1724 1268 καθαρμοὺς
1747 1191 1869 1266 συνέθη-

686 1321 736 1362 κεν
766 1294 885 1375 (Sehol.
909 1297 963 1359 Ar.
988 1295 1066 1361 Ran.
1093 1294 1203 1375 1030),
1234 1297 1311 1381 quid
1341 1299 1382 1375 τῷ
1406 1297 1629 1377 χρησμολόγῳ,
1655 1296 1773 1382 Orphei
1796 1299 1868 1363 imi·

685 1405 782 1469 tatori
805 1403 911 1482 (Paus.
933 1400 973 1477 X,
996 1398 1025 1477 7,
1039 1400 1073 1479 2)
1092 1422 1166 1465 oum
1185 1400 1289 1465 Ulixis
1309 1403 1484 1478 erroribus,
1505 1424 1578 1467 oum
1599 1405 1737 1467 carmine
1756 1400 1867 1488 epiro?

685 1508 763 1573 Tere
786 1527 909 1592 semper
932 1505 1083 1571 Musaeus
1106 1528 1180 1571 oum
1204 1506 1329 1591 Orpheo
1352 1511 1573 1594 coniungitur;
1599 1511 1697 1573 etiam
1722 1508 1867 1574 Platonis

686 1621 828 1698 tempore
859 1611 951 1696 (Rep.
977 1611 1094 1690 364E)
1125 1612 1371 1677 venditabantur
1402 1613 1511 1691 βίβλοι
1544 1613 1682 1691 Ὀρφέως
1707 1614 1758 1678 καὶ
1784 1623 1868 1679 Mea

685 1720 772 1783 σαθοω
793 1718 860 1782 καθ’
880 1714 917 1787 ἃς
939 1719 1134 1794 θοηπολοῦσι;
1155 1718 1230 1803 quid
1253 1722 1355 1805 igitur
1374 1719 1524 1784 Musaeus
1544 1719 1677 1784 ediderit
1691 1719 1866 1786 nisilibros

683 1823 834 1895 rituales.
865 1824 1076 1907 expiationes,
1109 1826 1317 1901 initiationes,
1351 1824 1403 1888 vel
1436 1826 1616 1903 κατάβασιν
1647 1825 1787 1911 aliquam
1824 1827 1866 1897 εἷς

683 1926 811 1994 'Antoni
835 1927 1002 2012 Paulisper
1025 1931 1128 2014 igitur
1151 1951 1313 1994 moremur
1336 1937 1374 1995 ut
1397 1930 1613 2016 Thesprotidis
1636 1938 1868 2017 argumentum

685 2038 827 2101 exactius
849 2034 1092 2099 consideremus.

730 2141 808 2207 Post
842 2148 977 2205 mortem
1013 2137 1197 2217 (lallidiees‚
1234 2148 1271 2205 ut
1305 2141 1463 2227 legimus,
1499 2141 1690 2228 Polypoetes
1727 2164 1866 2228 regnum

686 2248 890 2333 Thesprotiae
920 2249 952 2309 in
981 2267 1013 2310 se
1036 2249 1164 2331 recepit.
1188 2246 1264 2325 Quis
1289 2248 1351 2311 suit
1375 2247 1429 2312 ille
1452 2246 1662 2334 Polypoetes?
1685 2248 1868 2333 Respondet

685 2353 834 2431 Proolus,
871 2353 968 2416 fuisse
1001 2351 1104 2415 filium
1140 2351 1245 2417 Ulixis
1261 2354 1293 2433 ¹).
1334 2354 1399 2419 Nos
1432 2375 1507 2419 vero
1542 2354 1676 2419 Homeri
1712 2375 1867 2419 versuum

686 2458 797 2535 3740,
830 2467 862 2521 Μ
879 2456 941 2522 129
971 2478 1126 2523 memores
1156 2461 1275 2523 seimus
1306 2477 1380 2523 eum
1412 2459 1509 2523 fuisse
1532 2459 1702 2544 Lapitham
1726 2460 1866 2525 Pirithoi

685 2565 790 2630 filium
819 2585 857 2628 ex
889 2562 1103 2648 Hippodamia
1129 2571 1237 2629 ortum
1248 2564 1292 2644 ⁹);
1317 2565 1402 2650 quod
1424 2564 1590 2630 confirmat
1612 2565 1785 2630 Pausanias
1810 2565 1864 2649 (x,

686 2670 739 2748 26,
753 2670 798 2749 2),
829 2672 884 2755 qui
914 2671 948 2732 in
979 2669 1112 2733 Lesohes
1141 2669 1349 2755 descriptione
1380 2692 1413 2735 se
1444 2671 1562 2736 vidisse
1585 2673 1631 2735 ait
1653 2669 1866 2758 Polypoetem

685 2776 824 2841 Pirithoi
856 2774 960 2838 filium
994 2774 1149 2850 δεδεμένον
1182 2777 1236 2848 την
1266 2777 1407 2856 κεφαλὴν
1438 2775 1559 2859 ταινθρι,
1591 2776 1643 2840 καὶ
1676 2778 1750 2857 παρ’
1771 2777 1867 2842 αὐτὸν

686 2882 834 2956 'Aeduae
847 2880 928 2944 ἐστὶν
940 2880 954 2944 θ
967 2881 1099 2952 Θησέως.
1116 2881 1193 2945 Erat
1204 2885 1307 2968 igitur
1318 2882 1509 2969 Polypoetes
1522 2885 1643 2968 origine
1658 2883 1816 2946 Thessalae
1830 2880 1865 2964 3).

685 2989 854 3069 Quaeritur
877 2989 988 3072 igitur,
1017 2987 1172 3072 quomodo
1199 2987 1367 3052 Thessalus
1393 2991 1427 3052 in
1453 2987 1673 3073 Thesprotiam
1693 2990 1865 3066 aberrant,

686 3118 743 3161 our
766 3093 905 3161 Graecus
928 3097 961 3157 in
985 3093 1113 3159 Troiani
1136 3094 1240 3160 filium
1263 3099 1306 3161 sit
1329 3101 1483 3161 mutatus.

732 3202 758 3266 e
781 3201 850 3267 loeo
872 3202 1047 3265 Pausaniae
1071 3202 1251 3285 hucusque,
1277 3202 1359 3287 quod
1382 3205 1496 3279 seiam,
1521 3224 1582 3267 non
1605 3205 1680 3266 satis
1703 3202 1867 3268 observato

686 3311 761 3375 huie
793 3310 968 3393 quaestioni
999 3329 1186 3392 responsum
1207 3313 1255 3372 est
1277 3308 1459 3392 petendum.
1486 3308 1639 3394 Legimus
1661 3310 1748 3372 enim
1769 3307 1865 3373 Paus.

686 3415 711 3492 l,
746 3413 850 3492 17,4:
886 3417 915 3484 ἐς
946 3413 977 3478 δέ
1007 3416 1061 3489 την
1092 3416 1239 3488 τελεωτην
1270 3417 1324 3488 την
1359 3416 1479 3489 Θησέως
1513 3415 1618 3479 πολλοὶ
1650 3414 1703 3488 ἤδη
1728 3414 1780 3479 καὶ
1805 3415 1865 3495 οὐχ

686 3522 895 3599 θαολογοῦντα
927 3518 1058 3599 εἴρηται·
1091 3520 1226 3585 δεδέσθαι
1256 3522 1291 3585 τέ
1315 3521 1376 3600 γαρ
1401 3520 1493 3584 αὐτὸν
1518 3519 1640 3599 λέγουσι
1664 3521 1695 3591 ές
1719 3520 1786 3585 adis
1810 3519 1864 3593 ἕως

688 3628 743 3708 ὑφ’
775 3628 961 3706 Ἡρακλέους
993 3629 1202 3706 ἀναχθείη.
1237 3629 1435 3691 πιθανώτατα
1468 3627 1499 3691 δέ
1526 3624 1563 3691 ὧν
1587 3627 1717 3702 θριιοοσα·
1745 3627 1865 3703 Θησεὺς

687 3735 718 3806 ές
744 3734 1006 3814 Θεσπρωτοὺς
1028 3734 1186 3811 ἐμβαλών,
1207 3738 1274 3798 τοῦ
1299 3732 1505 3811 βασιλέως
1525 3740 1597 3797 τῶν
1619 3742 1866 3812 Θεσπρωτῶν

686 3848 866 3920 γυναῖκα
897 3838 1097 3918 θρποθσων,
1129 3839 1163 3903 τὸ
1195 3840 1273 3904 πολὺ
1306 3849 1362 3912 τῆς
1392 3843 1542 3920 στρατιᾶς
1574 3836 1665 3910 οὕτως
1691 3840 1865 3918 απθλλωσι,

687 3947 739 4011 καὶ
771 3945 865 4018 αιίτθς
896 3969 929 4009 τε
962 3945 1013 4009 καὶ
1046 3947 1195 4024 Πειρίθους
1226 3944 1354 4028 ἥλωσαν,
1380 3946 1431 4009 καὶ
1456 3950 1563 4025 σφας
1588 3947 1601 4011 ὃ
1626 3945 1865 4023 Θεσπρωτὸς

687 4052 804 4127 θηται
835 4048 948 4130 εἶχεν
972 4052 1002 4114 έν
1027 4051 1158 4132 Κιχύρῳ.
1183 4051 1322 4117 Theseus
1345 4055 1447 4138 igitur
1472 4058 1503 4117 et
1527 4052 1691 4116 Pirithous
1713 4054 1748 4116 in
1771 4051 1867 4117 Thes

687 4162 824 4246 protiam
855 4161 1041 4222 invaserunt
1071 4161 1155 4244 regis
1186 4179 1319 4223 uxorem
1343 4161 1482 4243 rapturi;
1508 4158 1561 4222 sed
1585 4179 1603 4222 a
1627 4178 1702 4244 rege
1725 4162 1811 4243 eapti
1833 4161 1867 4223 in

687 4265 822 4332 vinculis
853 4271 927 4328 sunt
957 4266 1075 4328 servati
1106 4265 1201 4329 donee
1233 4266 1272 4329 ab
1304 4263 1442 4329 Hercule
1474 4264 1721 4345 θνθχθηοιιν.
1764 4263 1866 4330 Unus

688 4374 820 4455 quisque
852 4375 958 4434 autem
990 4369 1170 4434 reeordatus
1194 4371 1349 4455 quomodo
1373 4369 1512 4434 Theseus
1536 4360 1695 4454 quondam
1717 4391 1793 4434 eum
1816 4370 1866 4434 Pi·

722 4599 745 4658 1)
762 4612 774 4643 a
792 4595 905 4644 Callidioe
922 4594 1024 4652 seilicet,
1042 4611 1095 4643 oum
1114 4598 1193 4658 postes
1210 4596 1235 4644 in
1253 4611 1352 4658 regnum
1370 4594 1420 4643 eius
1438 4595 1581 4644 successerit.

720 4681 745 4740 2)
763 4678 798 4726 Cf.
816 4679 982 4739 argumentum
999 4680 1047 4724 τθν
1065 4678 1179 4734 Νόστων,
1200 4677 1238 4725 uhi
1256 4677 1394 4742 Polypoetes
1411 4676 1483 4725 Troia
1500 4693 1606 4726 ravanus
1623 4695 1677 4727 oum
1696 4679 1826 4730 Calchante
1842 4685 1866 4729 et

686 4761 789 4809 Iaeonteo
807 4761 832 4818 (Β
842 4758 899 4816 745)
917 4756 1032 4805 Tiresiam
1049 4757 1175 4823 sepeliunt.
1192 4759 1291 4816 (llinlrel
1309 4759 1400 4819 Frngm.
1419 4758 1483 4822 Elpis¹
1502 4757 1583 4808 Graec.
1601 4760 1613 4809 1
1631 4760 1659 4808 nd
1677 4760 1740 4820 loe).

721 4843 745 4902 θ)
763 4841 857 4889 Wilam,
877 4838 949 4887 Hom.
969 4838 1062 4887 Unters.
1081 4856 1104 4904 p.
1121 4841 1183 4888 212:
1202 4841 1260 4888 .Wo
1274 4841 1312 4888 ein
1328 4841 1493 4888 Heroenname
1507 4841 1606 4889 ieatsitzt
1619 4842 1645 4889 in
1659 4842 1701 4888 der
1716 4842 1866 4906 Genealogie,

686 4924 716 4973 da
733 4922 774 4972 hat
792 4937 844 4970 rnen
866 4922 910 4969 den
930 4921 1006 4969 Heres
1022 4936 1049 4969 zu
1067 4919 1179 4970 unchen.”
