5125 6150
1104 875 1270 924 nuorauus.
1717 859 1782 927 279

584 1045 734 1127 reponit:
766 1046 854 1106 τοῦτο
879 1043 935 1119 μὲν
958 1043 1010 1106 οὐκ
1035 1036 1101 1105 οἶδα
1127 1047 1188 1112 τῶς
1214 1040 1335 1119 λέγεις·
1363 1042 1423 1119 ἐγὼ
1448 1041 1479 1105 δὲ
1503 1043 1634 1113 πολλοὺς
1660 1041 1713 1115 ήθή
1738 1064 1786 1105 το·

585 1147 780 1228 λοικίζοντας
813 1148 995 1222 κατενθκοα.
1021 1147 1133 1232 ltaque
1157 1170 1219 1212 non
1243 1148 1307 1212 fnit
1329 1147 1490 1214 Luciacus
1514 1151 1569 1233 qui
1592 1152 1664 1234 post
1687 1171 1785 1211 κατα-

586 1263 696 1328 νοῆσαι
722 1253 860 1317 addidit:
894 1255 927 1317 ού
950 1254 1013 1332 γὰρ
1038 1254 1179 1330 τοθοεειν
1205 1255 1287 1332 αὐτῷ
1312 1254 1347 1316 τὸ
1370 1256 1458 1332 τίνα,
1484 1276 1586 1339 neque
1611 1253 1785 1340 explicavit

586 1359 752 1446 quodnam
776 1361 810 1423 iu
834 1360 992 1439 διέφθορας
1016 1362 1134 1424 inesset
1157 1363 1286 1424 vitium.
1319 1359 1397 1424 Vide
1420 1361 1540 1426 nubem
1564 1359 1785 1447 exemplorum

587 1465 675 1550 apud
702 1463 879 1530 Graeviunr
903 1472 937 1530 et
959 1486 1008 1529 res
1032 1471 1080 1530 θεῖ
1102 1465 1195 1530 hodie
1218 1468 1252 1529 in
1276 1465 1397 1552 vulgus
1420 1472 1504 1532 nota.

636 1676 707 1761 §ta
741 1676 819 1740 Erat
849 1677 980 1761 quidam
1010 1675 1155 1742 Socrates
1179 1677 1193 1740 θ
1219 1678 1280 1741 ιὶτὸ
1308 1677 1420 1756 Μθψου
1446 1679 1559 1743 dictus.
1592 1679 1655 1742 Hic
1679 1678 1786 1763 lepide

585 1782 784 1868 redarguere
803 1782 926 1847 solebat
944 1783 1013 1852 τοὺς
1034 1782 1274 1863 σολοικίζοντας·
1298 1783 1401 1849 veluti
1420 1805 1521 1868 quum
1542 1783 1675 1848 dixisset
1695 1786 1783 1869 quis:

587 1896 707 1963 λῆμμα
734 1887 861 1967 τύοεςιν
885 1890 989 1966 αύτῷ,
1015 1889 1080 1952 διὰ
1104 1895 1176 1951 τῶν
1203 1888 1267 1954 δύο
1289 1899 1377 1973 ΜΜ,
1401 1891 1530 1966 Οὐκοῦν,
1552 1888 1624 1970 ἔφη,
1645 1893 1784 1969 λήψεται

588 1996 622 2058 εί
656 2002 803 2070 λῆμμα
836 1994 945 2072 αύτῷ
979 1992 1160 2069 τοίοεςιν.
1184 1993 1268 2058 'Pum
1292 1993 1464 2060 lectoribus
1488 2001 1559 2059 tum
1584 1995 1785 2060 auditoribus

589 2099 753 2165 inutiliter
783 2098 931 2163 additum
962 2106 1026 2164 est:
1059 2099 1124 2163 δια
1155 2106 1228 2163 τῶν
1253 2100 1318 2164 δύο
1342 2110 1431 2164 ΜΜ·
1456 2106 1619 2185 praeterea
1642 2101 1785 2166 Socrates

588 2205 645 2271 ille
670 2206 812 2270 breviter
834 2211 867 2270 et
889 2213 982 2270 acute
1006 2208 1161 2271 vitiorum
1186 2226 1329 2291 quaeque
1352 2207 1500 2284 notabat,
1526 2207 1611 2291 quod
1630 2207 1786 2293 exemplis

589 2312 788 2376 ostenditur:
821 2312 894 2374 hinc
924 2332 1107 2396 expungam
1136 2299 1223 2396 ¹quod
1249 2311 1402 2397 languet:
1435 2314 1467 2376 εί
1499 2322 1646 2389 λῆμμα
1677 2316 1785 2394 αύτῷ

590 2421 777 2495 τύρετιν.
810 2415 960 2483 (laterum
984 2417 1057 2482 vide
1080 2416 1162 2481 illud
1186 2419 1294 2502 ipsum
1319 2427 1408 2492 λήμα
1433 2416 1543 2497 τθοεςι
1575 2419 1673 2484 Arist.
1698 2420 1784 2484 Nub.

590 2522 657 2589 457
682 2526 827 2608 itemque
851 2544 931 2607 quae
955 2525 1080 2608 copiose
1104 2522 1268 2588 adnotavit
1292 2520 1459 2588 Graevius.

636 2736 717 2822 §62
754 2735 891 2814 ἐρομένου
926 2735 957 2799 δέ
988 2759 1065 2805 τινος
1098 2736 1123 2799 εί
1154 2735 1322 2811 μελετήσει
1354 2736 1367 2800 θ
1400 2736 1493 2814 δεῖνα,
1525 2742 1594 2808 Πῶς
1622 2732 1680 2816 οὖν,
1705 2735 1784 2817 ἔφη,

593 2844 708 2922 sparos
733 2842 758 2905 εί
785 2843 1019 2918 μελετήσομαι,
1044 2840 1149 2917 λέγεις
1169 2835 1214 2905 ὅτι
1238 2840 1251 2903 θ
1276 2842 1360 2905 δεῖνα
1369 2861 1376 2917 ;
1405 2841 1510 2906 Facile
1534 2842 1593 2906 hoc
1616 2841 1785 2908 intellectu

589 2953 640 3014 est
665 2969 723 3013 nec
745 2947 852 3012 locum
876 2946 1132 3032 descripsissem,
1157 2948 1220 3010 nisi
1243 2949 1343 3011 etiam
1366 2947 1461 3013 hodie
1481 2968 1547 3012 esse
1568 2948 1710 3013 viderem
1730 2951 1787 3033 qni

590 3054 778 3119 dubitarent
810 3053 847 3118 de
875 3053 987 3118 formis
1011 3052 1220 3118 secundarum
1243 3073 1449 3138 personarum
1474 3055 1508 3117 in
1531 3055 1637 3119 verbis
1660 3054 1785 3122 mediis.

590 3161 713 3245 Aperta
736 3166 843 3224 tamen
868 3181 918 3225 res
942 3166 1005 3224 est:
1030 3160 1197 3223 indicativi
1221 3159 1310 3223 modi
1333 3160 1452 3224 formae
1477 3165 1552 3224 sunt
1574 3162 1785 3239 βουλεύομαι,

590 3265 753 3343 βουλεύει,
786 3265 987 3342 βουλεύεται·
1020 3267 1216 3330 coniunctivi
1247 3270 1355 3330 autem
1388 3265 1603 3344 βουλεύομαι,
1632 3266 1784 3347 βουλεύει,

590 3370 804 3449 βουλεύηται,
836 3371 999 3452 vocalibus
1031 3372 1204 3456 productis.
1237 3370 1299 3450 Qui
1330 3369 1425 3436 aliter
1455 3378 1620 3450 statuunt,
1653 3396 1716 3439 non
1740 3377 1786 3437 in-

590 3475 743 3562 telligent
763 3477 840 3562 quid
863 3477 1007 3543 Socrates
1028 3477 1121 3542 dicat.
1142 3476 1204 3541 Sed
1224 3480 1374 3541 continuo
1395 3479 1556 3563 sequitur:
1578 3478 1785 3561 ἀττικίζοντος

591 3582 625 3647 δέ
659 3606 737 3654 τινος
770 3582 822 3645 καί
855 3581 1041 3658 τεθνήξει
1073 3583 1207 3654 είτθντος
1241 3583 1290 3645 tet
1323 3587 1375 3646 τοῦ
1400 3584 1519 3662 τρίτου,
1545 3583 1680 3663 Βέλτιον,
1705 3584 1785 3664 ἔφη,

591 3687 647 3751 καί
684 3688 814 3752 ἐνταῦθα
846 3690 891 3766 μή
914 3684 1082 3767 ἀττικίζειν
1106 3688 1331 3765 καταρώμενον.
1362 3686 1558 3755 Contendere
1581 3692 1685 3755 ausim
1709 3691 1787 3755 haec

590 3794 691 3859 verba
721 3815 784 3858 non
815 3793 1029 3859 intellexissse
1060 3791 1218 3859 Oobetum
1251 3814 1353 3877 quum
1376 3794 1526 3859 scriberet
1549 3796 1787 3861 adnotationem

590 3906 666 3985 post
686 3898 871 3964 Orationem
888 3898 1118 3985 inauguralem
1138 3919 1169 3983 p.
1187 3896 1241 3963 46.
1261 3897 1409 3975 Etenim,
1430 3899 1514 3983 quod
1534 3921 1628 3965 nemo
1648 3901 1785 3985 dubitat,

590 4007 720 4070 Atticae
744 4004 865 4070 formae
889 4010 964 4069 sunt
987 4004 1135 4082 τεθνήξει,
1160 4003 1327 4081 τεθνήξεις,
1347 4002 1480 4080 τεθνήξει
1500 4007 1608 4089 itaque
1628 4011 1711 4071 recte
1730 4005 1786 4071 ille

591 4112 651 4195 qni
682 4110 733 4173 ἒτί
765 4114 818 4175 τοῦ
849 4110 950 4191 τρίτου
977 4110 1101 4176 dixerat
1124 4108 1269 4185 τεθνήξει.
1293 4110 1416 4176 Socrati
1440 4117 1566 4189 tamen,
1590 4133 1785 4197 quamquam

590 4218 653 4281 hoc
683 4217 806 4301 optime
837 4222 961 4293 nosset,
998 4237 1117 4281 errasse
1148 4218 1238 4281 visus
1272 4223 1330 4281 est.
1371 4215 1437 4283 Our
1468 4215 1619 4282 tandem?
1657 4217 1787 4282 Scilicet

590 4322 738 4387 noviciae
769 4322 890 4387 formae
921 4327 996 4387 sunt
1020 4320 1187 4387 Graeculis
1210 4328 1400 4407 usurpatae:
1427 4321 1627 4400 τεθνήξομαι,
1653 4319 1785 4397 τεθνήξει

591 4426 647 4493 vel
672 4425 798 4510 τεθνήξῃ
822 4431 850 4492 si
874 4429 932 4494 hoc
956 4431 1079 4506 mavis,
1104 4425 1292 4502 τεθνήξεται.
1317 4428 1429 4513 Itaque
1454 4431 1509 4513 qui
1532 4452 1566 4491 eu
1590 4435 1689 4492 aetate
1707 4429 1788 4493 dice·

591 4536 648 4599 bat
672 4532 826 4612 τεθνήξει,
850 4537 980 4600 etiamsi
1005 4536 1054 4598 θτί
1080 4537 1134 4598 τοῦ
1159 4532 1260 4613 τρίτου
1286 4540 1472 4619 usurparet,
1497 4533 1667 4600 videbatur
1692 4559 1788 4599 κατα

591 4643 704 4720 ,aetat
737 4643 767 4704 ei
799 4661 939 4725 quocum
971 4640 1228 4726 colloquebatur:
1260 4640 1335 4704 hinc
1367 4639 1510 4705 Socrates
1534 4643 1563 4703 ei
1590 4646 1701 4706 auctor
1725 4642 1788 4705 fnit

591 4752 647 4824 nt,
680 4752 787 4831 spreto
819 4748 1003 4813 Atticorum
1032 4769 1093 4812 usn
1127 4748 1222 4811 tertia
1252 4766 1386 4830 persona
1416 4748 1624 4831 pronunciare
1656 4745 1785 4811 mallet:

594 4851 786 4929 τεθνήξεται.
818 4852 888 4918 Ηοο
920 4860 969 4918 θεῖ
991 4852 1090 4917 illud:
1116 4851 1242 4928 βέλτιον
1266 4852 1399 4914 ἐνταῦθα
1422 4853 1467 4928 μή
1491 4851 1668 4932 ἀττικίζειν.
1701 4852 1787 4916 Hinc

592 4961 662 5043 ipse
687 4957 848 5022 Lucianus
867 4957 951 5024 Dial.
972 4958 1071 5023 Mort.
1093 4956 1145 5021 VI.
1167 4955 1205 5020 2:
1223 4953 1400 5032 τεθνήξεται
1421 4963 1478 5021 τῶν
1498 4956 1646 5038 γεοθντινν
1667 4953 1785 5027 ἕκαςος.
