5125 6150
1112 810 1278 858 l‘ln'ueaus.

638 974 741 1061 Pyth.
766 973 814 1038 IX
838 973 881 1039 23
1171 972 1222 1037 τδν
1247 973 1278 1038 δδ
1302 974 1464 1051 σύγκοιτον
1487 974 1606 1052 γλυκὺν

779 1083 892 1159 παῦρον
917 1078 967 1143 έπί
993 1080 1164 1157 γλεφάροις

779 1183 869 1250 ὕπνον
893 1184 1172 1249 ἀναλίσκοισα
1197 1185 1330 1264 ῥέποντα
1354 1187 1425 1262 πρδσ
1450 1186 1503 1251 α’ῶ.

588 1290 719 1355 Vitium
751 1293 924 1355 metricum
958 1289 1014 1354 alii
1046 1288 1139 1353 aliter
1169 1312 1281 1355 curare
1312 1294 1416 1355 conati
1440 1297 1531 1367 sunt,
1556 1291 1609 1355 ssd
1632 1311 1725 1354 nemo
1748 1289 1787 1355 de

585 1395 834 1480 simplicissimo
855 1396 995 1460 remedio
1017 1398 1173 1480 cogitasse
1193 1396 1330 1472 videtur,
1352 1397 1436 1481 quod
1456 1396 1545 1461 affert
1558 1397 1658 1461 forma
1670 1394 1785 1472 ἅλοιμα

584 1505 619 1565 in
659 1500 768 1564 titulis
801 1504 938 1565 vetustis
969 1502 1096 1585 saepius
1127 1499 1209 1565 lecta
1241 1522 1299 1585 pro
1330 1501 1505 1578 οίνάλοιμα,
1541 1501 1624 1566 unde
1654 1508 1785 1586 apparet

586 1609 737 1671 extitisse
761 1606 921 1691 quondam
946 1606 1082 1670 verbum
1106 1607 1201 1670 α’λοῑιν
1225 1609 1294 1672 sive
1317 1606 1467 1673 ιίλίσκειν.
1493 1606 1596 1687 Quare
1619 1610 1759 1693 corrigo:

777 1711 868 1776 ὕπνον
891 1712 1129 1777 οἱλίσκοισοι.

589 1821 635 1883 At
660 1816 804 1896 fallebar,
836 1839 912 1882 nam
935 1819 1012 1882 haec
1036 1821 1105 1902 ipsa
1128 1817 1279 1881 scribenti
1303 1818 1386 1881 mihi
1411 1816 1508 1882 allata
1531 1825 1578 1882 ast
1601 1816 1788 1883 Schroederi

587 1924 691 1989 editio
725 1923 907 2000 Pindaricae,
940 1926 995 2008 qui
1020 1923 1101 1987 hanc
1124 1921 1297 1988 lectionem
1320 1944 1339 1987 s
1361 1943 1394 1988 se
1419 1943 1546 2008 quoque
1569 1931 1727 2008 repertam
1750 1926 1785 1987 in

590 2036 723 2095 textum
746 2031 875 2113 recepit.

639 2242 739 2329 Pyth.
764 2242 813 2307 IX
836 2239 879 2308 67

730 2351 821 2413 ὠκεῖα
845 2348 871 2411 δ’
897 2349 1103 2425 ἐπειγομένων
1127 2348 1181 2424 ἤδη
1207 2349 1277 2412 θεῶν

729 2453 840 2530 πρᾶξις
864 2453 924 2518 ὁδοί
947 2478 982 2518 τε
1004 2456 1168 2533 βραχεῖαι.
1194 2462 1271 2518 ιιείνο
1297 2454 1370 2517 κεῖν’
1396 2447 1482 2532 οἶμαρ
1507 2453 1736 2520 διαίτασεν.

588 2560 802 2645 Interpretari
831 2560 933 2626 solent
961 2561 1095 2642 perepit,
1121 2560 1258 2646 perfecit
1281 2581 1320 2623 ex
1344 2559 1507 2644 Hesychio
1531 2563 1665 2625 citantes
1688 2562 1786 2626 διαι-

590 2670 688 2730 rie·
720 2666 861 2730 διανύειν.
897 2665 1027 2730 Etenim
1057 2665 1142 2750 apud
1174 2663 1433 2730 Grammatioum
1467 2673 1569 2730 exstat
1604 2667 1783 2731 διαιτεῖν

589 2774 684 2850 (sic)·
705 2771 889 2852 διατρέχειν,
911 2770 1051 2847 διανύιιν,
1073 2792 1169 2855 quam
1187 2769 1329 2855 glossam
1348 2769 1464 2834 leviter
1484 2770 1687 2855 depravatam
1707 2793 1785 2849 esse,

591 2899 656 2942 non
691 2899 730 2941 ex
762 2876 894 2954 διαιτᾶν,
927 2877 981 2942 sed
1013 2897 1051 2942 ex
1082 2877 1266 2959 διρίττειν
1301 2876 1414 2940 docent
1436 2875 1680 2961 explicationes,
1706 2900 1785 2963 quae

589 3004 640 3048 res
675 3004 739 3048 non
769 2982 867 3047 latuit
888 2984 954 3046 iam
977 2982 1024 3047 M.
1048 2981 1275 3046 Schmidtium.
1308 2981 1374 3045 Nec
1396 3002 1471 3046 vero
1495 2982 1630 3047 verbnm
1654 2982 1784 3062 διαιταν,

589 3090 767 3165 diiudicare,
800 3089 926 3151 arbitrio
956 3089 1097 3151 dirimere
1121 3088 1321 3174 significans,
1346 3090 1379 3151 in
1403 3090 1564 3153 notionem
1590 3093 1717 3173 penitus
1741 3091 1785 3154 di-

588 3215 718 3260 versam
750 3195 838 3259 abire
869 3196 1010 3279 potuisse
1041 3200 1166 3258 certum
1198 3195 1346 3258 arbitror.
1372 3192 1485 3257 Potius
1508 3197 1612 3280 igitur
1635 3198 1785 3282 interpre

588 3300 727 3366 tandum
750 3299 880 3377 diremit,
905 3302 927 3363 i.
941 3320 966 3364 e.
986 3299 1145 3381 probavit,
1171 3300 1315 3376 ostendit,
1340 3297 1525 3382 paullulum
1548 3299 1668 3365 deflexa
1692 3303 1782 3367 verbi

587 3408 737 3484 notione,
764 3412 801 3470 ut
824 3406 927 3470 subsit
951 3407 1103 3491 cogitatio
1129 3407 1178 3482 „si
1204 3407 1276 3489 quis
1300 3404 1381 3469 forto
1404 3404 1563 3470 dubitat.’'

637 3616 739 3701 Pyth.
764 3615 811 3679 IX
838 3615 899 3680 121

777 3720 835 3784 et·
858 3717 1084 3797 Ἀλεξίδαμος,
1109 3720 1124 3783 έ
1132 3720 1197 3784 πεί
1222 3721 1333 3800 Φιίγε
1357 3723 1507 3802 λαιψηρὸν
1530 3722 1650 3802 δρίμον,

776 3825 921 3905 παρθένον
945 3824 1053 3890 ιιεδνδν
1077 3826 1144 3905 χερί
1169 3826 1270 3906 χειρίς
1296 3826 1370 3890 έλὼν

776 3928 856 4007 ἆγεν
880 3932 1035 3995 ίππευτοῖν
1060 3928 1211 4005 Νομοίδονν
1237 3930 1273 3993 δι’
1299 3926 1415 4003 ίμιλον.

592 4036 741 4102 Boeclrb:
775 4035 961 4113 „celerrime
993 4057 1141 4101 emensus
1171 4042 1240 4100 erat
1270 4042 1303 4100 et
1334 4040 1406 4099 anto
1433 4043 1554 4102 ceteros
1577 4037 1787 4103 absolverat.”

590 4141 668 4206 Sine
700 4140 845 4225 exemplo
876 4141 1011 4205 verbum
1037 4140 1167 4219 φεύγειν
1192 4143 1240 4204 ita
1262 4146 1456 4224 usurpatum
1482 4141 1620 4212 videtur.
1645 4164 1702 4207 nec
1725 4143 1788 4206 huc

591 4250 734 4333 pertinet
757 4249 811 4331 qui
836 4258 1039 4330 comparatur
1057 4245 1146 4310 locus
1165 4245 1257 4310 Nem.
1278 4244 1295 4309 I
1320 4245 1362 4310 36
1388 4247 1787 4324 recessissemus

592 4352 667 4424 Διὸς
693 4351 781 4415 ὠδῖνα
806 4351 942 4430 φεύγων,
967 4351 1023 4415 ubi
1046 4350 1141 4416 solito
1166 4352 1255 4415 verbi
1279 4371 1374 4415 sensu
1398 4351 1552 4416 Hercules
1578 4353 1696 4417 dicitur
1718 4373 1789 4437 par·

593 4468 649 4522 tus
672 4457 816 4521 dolorem
841 4457 968 4542 fugiens
991 4458 1024 4520 in
1048 4454 1155 4521 lucem
1179 4459 1372 4542 prorupisse.

641 4561 785 4626 Scribere
815 4568 941 4645 poterat
971 4566 1065 4645 poeta
1095 4558 1113 4625 ί
1120 4564 1147 4624 τ’
1179 4560 1313 4640 ἤνυσε,
1339 4562 1391 4627 sed
1419 4565 1561 4648 imagine
1585 4566 1635 4627 uti
1658 4562 1785 4629 malmt.

592 4667 724 4733 Scilicet
755 4687 864 4731 cursor
894 4673 1100 4731 antecurrens
1131 4673 1164 4731 et
1194 4677 1265 4752 post
1297 4688 1330 4731 se
1361 4667 1542 4752 relinquens
1566 4672 1790 4755 competitores

593 4795 670 4839 suos
692 4772 811 4837 similis
833 4761 884 4837 est
904 4773 1043 4859 fugienti
1066 4780 1309 4858 persequentes,
1332 4775 1441 4857 itaque
1464 4776 1508 4838 sic
1530 4775 1693 4840 scribendo
1718 4776 1790 4840 Pin·

591 4881 690 4945 darus
709 4900 743 4943 re
762 4900 837 4945 vers
856 4877 940 4944 dixit
960 4885 1152 4964 „postquam
1168 4878 1263 4944 celeri
1283 4900 1379 4944 cursu
1392 4882 1563 4945 victoriam
1578 4881 1786 4967 reportavit.''
