5125 6150
1206 826 1372 875 comeum.
1817 809 1883 875 255

691 993 786 1071 ξύλου
816 993 991 1070 σοοιίντας,
1023 992 1077 1055 οιίκ
1101 990 1139 1056 ἂν
1165 990 1259 1065 δείσου
1283 991 1309 1055 εί
1334 993 1378 1067 μίι
1403 991 1583 1073 ἐφοβοῦντο.
1609 991 1650 1056 Iit
1675 992 1728 1056 hio
1751 991 1883 1076 quidem

689 1099 881 1183 expeditum
903 1105 951 1163 est
975 1100 1088 1162 eiicere
1109 1097 1193 1182 quod
1212 1099 1246 1160 in
1265 1096 1327 1161 fine
1346 1097 1545 1183 adscriptum
1563 1097 1721 1183 legimus:
1744 1099 1887 1162 οίνιλισ-

685 1204 853 1286 μένους,
879 1208 1055 1271 sententiae
1079 1204 1194 1268 inutile
1215 1203 1347 1288 pondus.
1372 1204 1451 1270 Post
1470 1225 1571 1289 pauca
1592 1209 1702 1269 autem
1720 1206 1883 1288 sequitur:

687 1311 881 1389 φιλοσόφους
906 1311 932 1375 δ’
956 1311 1010 1385 ἤδη
1036 1311 1097 1388 ἐγὼ
1122 1310 1276 1381 πολλοίκις
1301 1304 1391 1386 εἶδον,
1416 1309 1530 1381 οὐδενὸς
1550 1308 1632 1379 ίντος
1653 1311 1765 1387 δεινοῦ,
1786 1310 1828 1374 τί
1837 1309 1856 1387 ξ
1865 1333 1886 1371 α

686 1416 975 1491 ἐνεσκευασμένους.
1008 1415 1070 1480 Hic
1103 1437 1212 1481 omnes
1244 1415 1432 1492 haeserunt,
1464 1437 1539 1480 nam
1563 1436 1721 1500 nusquam
1743 1414 1884 1502 legimus

685 1521 897 1607 philosophos
928 1542 1001 1585 cum
1035 1523 1170 1585 arcubus
1201 1521 1354 1606 prodiisse
1385 1527 1416 1585 et
1440 1542 1489 1585 res
1512 1542 1567 1606 per
1591 1542 1623 1585 se
1646 1523 1742 1585 nimis
1766 1524 1885 1605 impro-

687 1626 816 1692 babilis.
852 1626 1088 1691 Herwerdeuus
1120 1626 1199 1690 olim
1228 1629 1404 1691 coniecerat
1432 1623 1515 1701 ξύλα
1546 1625 1599 1690 vel
1629 1625 1772 1706 ῥόπαλα,
1798 1625 1882 1711 quod

687 1733 803 1798 Μνοον.
839 1730 925 1798 1879
956 1755 986 1817 p.
1021 1730 1085 1797 375
1116 1731 1316 1817 repudiavit,
1349 1753 1423 1795 cum
1453 1734 1641 1816 praesertim
1664 1731 1728 1796 alio
1753 1731 1882 1796 duceret

686 1860 769 1903 usus
805 1839 893 1904 verbi
928 1835 1172 1915 ἐνσκευάζεσθαι.
1210 1836 1382 1921 „Suspicor
1417 1837 1534 1914 nunc'',
1570 1839 1694 1921 inquit,
1727 1836 1880 1915 ,oopus

687 1944 815 2028 Nempe
838 1944 970 2009 loricam
989 1942 1128 2008 induunt
1148 1941 1300 2007 vedentes
1319 1941 1355 2006 δι’
1375 1943 1521 2021 ἐρημίας,
1550 1963 1624 2007 nam
1644 1941 1749 2007 clavas
1765 1946 1883 2027 gerunt

688 2071 818 2135 semper
852 2055 884 2113 et
920 2050 1038 2133 ubique
1070 2048 1122 2112 καί
1155 2049 1196 2118 είς
1228 2047 1398 2124 βαλανεῖον
1428 2047 1570 2119 α’σιίνσες
1596 2046 1648 2111 καί
1674 2047 1723 2110 ἐπ’
1746 2045 1880 2126 ἄριςον.”

688 2155 773 2220 Vera
803 2154 931 2239 quidem
963 2154 1055 2230 haec,
1087 2153 1142 2217 sed
1172 2155 1270 2217 nimis
1301 2152 1443 2218 violenta
1473 2156 1612 2218 mutatio
1642 2159 1690 2218 est
1712 2153 1882 2217 rescribere

688 2260 812 2338 θώρακα
831 2280 888 2344 pro
908 2257 999 2333 τίξα·
1020 2258 1168 2342 equidem
1188 2260 1265 2323 satis
1286 2258 1402 2323 leniter
1423 2278 1591 2343 reponam:
1616 2255 1724 2323 ίνσλα
1748 2258 1882 2322 ἐνεσκευ-

688 2367 860 2443 ασμένους,
891 2367 1019 2430 etiamsi
1044 2363 1170 2428 nullum
1194 2365 1293 2429 instet
1316 2363 1511 2448 periculum;
1542 2363 1623 2439 ξύλα
1648 2367 1734 2429 enim
1758 2385 1883 2449 semper

688 2471 810 2536 habent
834 2469 885 2532 καί
910 2471 954 2539 είς
978 2469 1146 2546 βαλανεῖον
1171 2471 1316 2541 οὶσιίντες
1339 2470 1391 2534 καί
1417 2471 1466 2534 ἐπ’
1486 2467 1597 2550 ἄριςον.
1620 2469 1751 2535 Scilicet
1770 2469 1882 2534 confla-

688 2583 746 2640 tur
777 2575 975 2660 philosophis
1004 2575 1144 2652 invidie,
1178 2597 1251 2640 nam
1276 2597 1388 2640 verum
1412 2575 1444 2639 id
1468 2596 1534 2640 esse
1559 2575 1644 2659 quod
1666 2575 1882 2639 calumniatur

690 2683 867 2765 parasitus,
898 2700 961 2743 non
993 2680 1095 2743 credo,
1128 2679 1247 2758 Quodsi
1277 2681 1404 2744 miraris
1434 2681 1593 2764 quomodo
1625 2679 1709 2746 ίισλα
1739 2682 1772 2744 in
1802 2678 1880 2757 σίξα

691 2787 780 2850 abire
804 2785 983 2868 potuerint,
1003 2783 1169 2847 sciendum
1190 2791 1237 2848 est
1256 2795 1285 2848 Λ
1303 2791 1335 2849 et
1355 2796 1375 2853 Ξ
1395 2784 1504 2850 literas
1524 2785 1609 2850 haud
1625 2806 1696 2850 raro
1713 2784 1879 2849 confundi:

689 2893 735 2953 sic
767 2896 806 2953 ut
836 2909 901 2952 uno
924 2887 1071 2973 exemplo
1096 2887 1262 2974 defungar,
1287 2889 1372 2974 apud
1396 2889 1547 2954 Photium
1573 2893 1607 2953 in
1631 2889 1732 2955 lexico
1756 2886 1881 2965 τοξόται

689 2996 766 3060 facti
790 3001 867 3058 sunt
889 2994 1027 3058 σολίσαι.

1189 3163 1382 3226 Anacharsis.

734 3314 828 3399 §la
860 3313 1061 3379 Memoratur
1092 3314 1130 3378 ab
1162 3312 1278 3378 Solone
1310 3313 1445 3393 ςὲΦανος
1476 3316 1508 3379 οὐ
1537 3313 1644 3386 πίτυος
1676 3314 1742 3380 οὐδὲ
1765 3314 1881 3380 κοτίνου

688 3422 704 3495 ἢ
738 3422 875 3497 σελίνων,
906 3420 981 3484 ἀλλ’
1006 3410 1037 3489 ὃς
1068 3420 1099 3482 ἕν
1132 3420 1214 3490 αὑτῶ
1239 3418 1407 3495 συλλαβὼν
1431 3418 1498 3498 ἔχει
1522 3419 1576 3494 τίον
1600 3420 1811 3500 ἀνθρώπων
1834 3425 1880 3487 εὐ-

686 3527 859 3602 δαιμονίαν.
882 3522 1088 3610 lutelligam:
1114 3528 1168 3598 τὴν
1192 3523 1259 3605 (ἐξ)
1284 3524 1441 3603 οίνίροίνσοιν
1461 3525 1666 3601 εὐδαιμονίαν.
1690 3524 1811 3590 Notum
1832 3532 1880 3590 est

688 3653 753 3717 quo
776 3652 870 3696 seusu
890 3633 932 3694 σοὶ
954 3628 988 3705 ἐξ
1006 3630 1164 3710 ἀνθρώπων
1184 3628 1270 3694 κακοί
1290 3629 1445 3708 dicautur,
1466 3631 1500 3694 αἱ
1520 3629 1553 3706 ἐξ
1572 3630 1728 3709 οίνίοοίσων
1741 3632 1877 3710 σλνμαί,

687 3740 763 3803 sim.
795 3736 882 3815 Quae
911 3736 949 3799 de
978 3756 1015 3800 ea
1038 3735 1199 3800 locutione
1223 3734 1435 3821 collegeram,
1460 3734 1631 3801 lectoribus
1654 3737 1878 3802 consideranda

685 3842 821 3907 exhibui
853 3842 964 3905 Μκενι.
1000 3839 1086 3906 1873
1118 3863 1147 3925 p.
1174 3840 1249 3906 352.
1283 3840 1458 3906 Observavi
1481 3849 1642 3925 praeterea
1665 3841 1748 3907 illud
1771 3841 1805 3918 ἐξ
1829 3844 1880 3907 νίν·

686 3947 809 4026 &priores
840 3950 878 4009 ut
905 3944 1082 4030 plurimum
1107 3944 1290 4010 adiunctam
1316 3945 1432 4009 habore
1455 3949 1616 4011 notionem
1641 3950 1687 4013 rei
1710 3947 1879 4030 molestae,

685 4052 835 4128 odiosae,
868 4052 1022 4114 insuavis.
1055 4050 1177 4116 Notavi
1202 4056 1279 4115 tuuc
1304 4051 1366 4114 duo
1389 4051 1473 4134 apud
1498 4051 1710 4118 Heliodorum
1735 4053 1881 4138 exempla

683 4159 745 4242 qui
776 4157 904 4239 scripsit
933 4176 964 4238 p.
992 4152 1068 4220 247.
1083 4154 1145 4220 20:
1178 4155 1213 4219 τὸ
1238 4155 1271 4232 ἐξ
1294 4157 1452 4233 ἀνθρώπων
1475 4153 1592 4228 κοίλλος
1616 4166 1701 4242 etp.
1727 4157 1802 4223 260.
1817 4159 1876 4223 40:

683 4264 731 4326 σοὶ
764 4258 798 4335 ἐξ
829 4261 988 4338 α’νίμίσυν
1010 4261 1175 4340 χρίματα.
1201 4260 1331 4325 Accedit
1354 4283 1438 4325 nunc
1462 4262 1594 4327 Luciani
1618 4260 1725 4341 locus,
1751 4265 1807 4328 ubi
1829 4266 1881 4327 iti-

683 4368 762 4431 dem
786 4365 848 4431 alio
872 4365 968 4430 modo
992 4372 1088 4450 atque
1112 4365 1198 4451 apud
1221 4374 1344 4430 veteres
1362 4365 1445 4430 illud
1466 4366 1500 4443 ἐξ
1518 4367 1675 4445 ἀνθρώπων
1695 4375 1878 4453 usurpatur.

682 4472 796 4537 Etiam
828 4472 1033 4556 grammatici
1065 4473 1110 4534 sic
1138 4470 1227 4555 loqui
1250 4476 1499 4547 consueverunt,
1525 4470 1628 4536 veluti
1650 4471 1755 4537 Schol.
1780 4472 1876 4538 Hom.

683 4587 711 4641 Ζ
737 4575 818 4639 131:
851 4576 1020 4649 iteneris
1044 4572 1078 4651 ἐξ
1102 4576 1259 4653 ἀνθρώπων
1285 4574 1378 4650 δίκην.
1404 4575 1438 4640 Si
1463 4579 1588 4660 quaeris
1612 4576 1696 4641 unde
1719 4579 1809 4664 origo
1832 4600 1878 4643 re·

682 4682 823 4768 peteuda
846 4684 888 4745 sit
911 4684 988 4746 satis
1010 4684 1111 4747 mirae
1134 4681 1258 4746 dicendi
1282 4679 1456 4757 formulae,
1482 4680 1617 4746 dixerim
1638 4681 1758 4747 fontem
1778 4684 1876 4749 fuisse

684 4788 868 4853 Homerum
900 4786 924 4863 β
948 4786 1028 4851 136:
1061 4785 1184 4863 νέμεσις
1216 4785 1321 4863 δέμον
1346 4784 1381 4861 ἐξ
1404 4785 1729 4867 cooperarentur,
1754 4789 1808 4853 sed
1832 4789 1877 4855 di-

688 4915 801 4959 versus
825 4914 900 4957 saue
924 4914 1036 4957 sensus
1061 4900 1119 4957 est.
