5125 6150
998 811 1175 868 ΝΛΡΔΟΣ
1200 812 1390 870 ΠΙΣΤΙΚΗ.
1767 805 1787 871 9

594 985 798 1052 videbantur.
823 985 952 1051 Scilicet
975 1007 1071 1071 quam
1096 985 1195 1051 multi
1220 984 1353 1052 Gelonis
1376 989 1477 1052 instar
1499 986 1634 1068 οξύσομοι
1659 989 1790 1067 fuerint,

596 1092 720 1157 abunde
751 1093 943 1157 monstrabit
974 1091 1132 1157 Hieroclis
1164 1093 1178 1156 δ
1211 1094 1408 1171 Φιλύγελονς·
1440 1094 1514 1158 hino
1545 1095 1697 1160 adversus
1726 1098 1789 1161 oris

593 1198 749 1262 foetorem
760 1196 923 1281 plurimus
935 1219 1013 1262 usus
1024 1200 1101 1262 irini
1114 1201 1282 1284 unguenti.
1298 1199 1388 1264 Unde
1400 1201 1497 1264 etiam
1511 1199 1672 1265 Martialis
1684 1199 1714 1264 11
1729 1199 1788 1265 12:

686 1303 763 1367 Esse
787 1303 863 1387 quid
887 1304 946 1368 hoo
969 1304 1091 1380 dicam,
1118 1305 1203 1388 quod
1228 1303 1313 1370 olent
1336 1311 1393 1370 tua
1416 1305 1505 1369 basia
1528 1306 1696 1389 myrrham

731 1408 886 1493 Quodque
910 1411 970 1474 tibi
993 1419 1042 1475 eet
1065 1432 1244 1495 numquam
1265 1433 1327 1476 non
1351 1410 1474 1476 alienus
1499 1410 1598 1477 odor?

683 1514 753 1580 Hoo
773 1517 854 1579 mihi
874 1524 1061 1600 suspectum
1081 1521 1129 1580 eet
1149 1517 1234 1601 quod
1254 1516 1320 1581 oles
1340 1517 1433 1593 bene,
1454 1518 1625 1595 Postume,
1645 1539 1785 1604 semper:

729 1620 902 1699 Postume,
927 1643 989 1687 non
1013 1623 1092 1687 hene
1117 1621 1182 1687 olet
1205 1625 1261 1708 qui
1283 1624 1363 1687 bene
1387 1644 1512 1708 semper
1534 1622 1607 1688 olet.

593 1726 702 1790 Etiam
737 1724 943 1792 Athenaeum
973 1728 1133 1793 conferam
1165 1727 1223 1791 XV
1254 1749 1286 1812 p.
1313 1727 1432 1792 691F:
1464 1726 1537 1805 πρὸς
1568 1730 1648 1805 θεῶν,
1679 1728 1784 1810 φίλοι,

594 1833 668 1896 ποια
701 1833 804 1910 ἡδονή,
836 1837 961 1908 μᾶλλον
993 1833 1024 1897 δὲ
1055 1833 1255 1910 σαλακιονύα,
1280 1834 1487 1909 ύαὶμάτια
1512 1834 1784 1914 μολύνεσθαι,

595 1938 659 2015 ἐξὸν
694 1947 763 2010 ταῖς
800 1941 917 2018 χερσίν,
948 1936 1046 2015 ὥσπερ
1080 1941 1168 2015 ἡμεῖς
1200 1943 1252 2002 νῦν
1282 1943 1439 2016 ποιοῦμεν,
1469 1939 1679 2019 ἀρυσαμένους
1703 1940 1787 2005 ἀλεύ-

594 2046 708 2121 Φεσύαι
743 2047 807 2108 πο”ιν
840 2045 874 2108 τὸ
906 2052 997 2120 σῶμα
1029 2045 1080 2108 καὶ
1113 2043 1238 2120 μάλιτα
1269 2046 1325 2119 τὴν
1356 2047 1510 2122 κεφαλήν.
1542 2045 1652 2132 Longe
1676 2053 1785 2111 autem

594 2149 743 2215 disertius
762 2149 903 2234 aequalis
923 2154 992 2215 eius
1013 2148 1160 2216 Clemens
1181 2150 1417 2215 Alexandrinus
1436 2150 1573 2237 Peedag.
1592 2151 1657 2217 118
1675 2174 1706 2236 p.
1720 2151 1785 2218 207

593 2256 696 2320 Post:
730 2259 788 2320 τῶν
823 2255 922 2335 μύρων
958 2255 1075 2336 ἀπειροι
1111 2258 1276 2334 διαφοραί,
1307 2257 1456 2336 βρένύειον
1488 2258 1540 2320 καὶ
1572 2259 1785 2337 Μεγάλλειον,

593 2363 788 2438 πλαγγόνιον
816 2387 851 2425 σε
884 2363 936 2426 καὶ
960 2363 1093 2441 ψάγδας
1119 2362 1360 2439 Αἰγύπτιος-
1386 2363 1594 2436 ἐπιτηδεύουσι
1619 2364 1651 2428 δὲ
1674 2367 1726 2428 καὶ
1751 2363 1786 2428 σύ

594 2469 656 2532 ἀπὸ
689 2468 792 2545 κρίνων
816 2469 908 2544 μύρον
932 2468 983 2531 καὶ
1008 2469 1042 2531 τὸ
1066 2468 1128 2532 ἀπδ
1152 2477 1208 2542 τῆς
1233 2469 1365 2546 κύπρου,
1389 2469 1441 2533 κα)
1468 2471 1485 2543 ἡ
1510 2469 1651 2549 νάρδος
1676 2469 1787 2535 εύδοκι-

594 2581 651 2650 μεῑ
678 2573 753 2651 παρ’
782 2574 888 2644 αὐτοῖς
921 2573 972 2636 καὶ
1005 2572 1039 2636 τύ
1071 2573 1133 2637 ἀπὸ
1165 2580 1223 2637 τῶν
1248 2573 1336 2653 ῥάδων
1361 2575 1507 2651 ἄλειμμα
1532 2576 1584 2638 καὶ
1609 2574 1651 2638 τά
1676 2572 1784 2654 ἀλλα,

596 2674 653 2750 οἶς
685 2677 743 2742 ἔτι
775 2685 952 2756 χρῶνται
986 2680 1026 2743 αδ
1058 2686 1270 2757 γυναῖκες,
1304 2680 1384 2758 ύγρά
1416 2704 1451 2743 τε
1484 2680 1536 2744 καὶ
1561 2678 1639 2760 ξηροὶ
1663 2680 1715 2744 καὶ
1741 2679 1783 2744 τά

595 2787 739 2852 δπίπαςα
764 2785 817 2848 καὶ
843 2786 1076 2861 ύπούυμιάμενα
1101 2783 1202 2863 μύρα·
1228 2787 1395 2850 ἐπινοεῖται
1419 2785 1482 2864 γάρ
1506 2786 1618 2857 αὐταῖς
1639 2786 1785 2866 ύσιρμύροιι

595 2891 666 2968 πρὸς
699 2891 733 2955 τὸ
759 2889 899 2964 ἀπλιρςον
922 2897 976 2962 τῆς
1002 2891 1166 2965 ἐπιθυμίας
1190 2889 1224 2955 τὸ
1248 2891 1390 2970 ἀκύρεςον
1415 2900 1469 2964 τῆς
1494 2891 1638 2969 εὐωδίας,
1663 2891 1706 2956 διδ
1731 2893 1784 2957 καὶ

594 3003 713 3069 πολλοῖς
745 2996 967 3073 ἀπειροκαλίας
999 2997 1217 3061 ἀποπνέουσιν·
1250 2997 1291 3059 αδ
1325 2995 1363 3060 δὲ
1399 2996 1467 3059 καὶ
1499 2997 1572 3068 τάς
1610 2998 1786 3071 ε’σύῆτας

594 3102 661 3166 καὶ
694 3102 768 3174 τοὶς
796 3102 981 3180 ςριομνάς
1005 3104 1056 3166 καὶ
1082 3107 1150 3173 τούς
1175 3101 1271 3172 οἴκους
1297 3104 1483 3178 ύπούυμιῶσύ
1506 3128 1540 3167 τε
1566 3103 1618 3167 καὶ
1643 3126 1788 3183 καταρ-

594 3210 795 3288 ραίνουσι,
832 3209 992 3288 μονονουχὶ
1026 3208 1057 3271 δὲ
1088 3208 1140 3271 καὶ
1174 3208 1235 3279 τάς
1266 3208 1383 3284 ἀμίδας
1417 3208 1494 3289 δζειν
1526 3208 1699 3290 ἀναγκάζει
1732 3214 1785 3275 τοῦ

594 3314 690 3393 μύρου
722 3316 737 3386 ἡ
770 3316 882 3391 τρυφή.
917 3313 967 3378 Ite
991 3317 1077 3378 enim
1101 3318 1166 3379 est:
1190 3322 1267 3378 sunt
1290 3314 1353 3379 elie
1375 3322 1542 3400 unguenta
1566 3317 1683 3399 quibus
1705 3318 1786 3393 viri,

593 3421 656 3485 alie
669 3421 785 3504 quibus
796 3418 948 3485 mulieres
960 3423 1102 3485 maxime
1114 3420 1328 3485 delectantur:
1343 3421 1519 3486 seeundum
1531 3420 1787 3508 Theophrastum

594 3526 632 3590 de
664 3524 758 3590 Odor.
792 3525 852 3590 42:
884 3528 919 3589 τὸ
950 3525 1057 3605 ῥόδινον
1090 3525 1141 3589 καὶ
1171 3528 1188 3601 ἦ
1215 3525 1324 3605 κύπρος
1349 3535 1411 3598 τοῖς
1436 3527 1562 3605 ἀνδράσι
1586 3528 1710 3603 μάλιςα
1735 3527 1787 3607 ἀρ·

594 3631 719 3709 μύττειν
743 3631 826 3695 δοκεῖ
847 3630 898 3695 καὶ
923 3633 995 3711 πρὸς
1017 3632 1132 3703 τούτοις
1154 3633 1188 3696 τὸ
1209 3633 1321 3709 κρίνον·
1342 3640 1412 3702 ταῖς
1434 3632 1465 3696 δὲ
1486 3631 1626 3710 γυναιξὶν
1645 3635 1662 3709 ἦ
1683 3636 1784 3709 ςακτδρ

594 3737 647 3803 καὶ
679 3738 714 3801 σδ
745 3746 947 3815 Μεγαλλεῖον
980 3738 1031 3802 καὶ
1065 3738 1099 3801 τδ
1125 3738 1299 3815 Αἰγύπτιον
1322 3737 1376 3802 καὶ
1400 3738 1434 3802 τδ
1460 3741 1650 3819 ἀμαράκινον
1673 3739 1726 3804 nal
1749 3740 1785 3804 τδ

595 3843 788 3924 νάρδινον.
832 3845 889 3908 Uti
923 3844 1030 3921 vides,
1067 3841 1242 3910 Clementis
1276 3850 1382 3910 aetate
1425 3844 1602 3912 mulierum
1638 3845 1788 3911 effrenata

592 3949 723 4015 luxuria
757 3952 856 4014 etiam
892 3950 1035 4014 acerbius
1068 3955 1200 4014 notetur
1234 3969 1332 4033 quam
1368 3952 1513 4016 virorum
1549 3957 1582 4016 et
1612 3948 1789 4017 Clementis

593 4057 818 4120 testimonium
841 4053 1009 4120 confirmat
1033 4051 1174 4119 Galenus
1199 4054 1246 4118 ed.
1269 4054 1310 4118 K.
1331 4054 1394 4119 XII
1414 4077 1445 4141 p.
1468 4054 1545 4134 604,
1565 4076 1660 4141 quem
1681 4055 1788 4121 looum

594 4160 817 4225 Friedlandero
849 4159 964 4225 debeo:
1004 4158 1040 4222 τύ
1071 4184 1105 4223 τε
1136 4159 1287 4228 κάλλιςον
1322 4160 1503 4240 νάρδινον
1534 4160 1626 4241 μύρον
1659 4197 1702 4210 -
1734 4161 1787 4226 καὶ

592 4266 680 4344 μετά
710 4269 800 4330 τοῦτο
830 4265 865 4329 τύ
889 4289 924 4328 τε
949 4265 1159 4342 Κομμαγηνὸν
1183 4265 1235 4330 καὶ
1261 4267 1297 4332 τὸ
1323 4266 1463 4331 Σουσινδν
1487 4266 1539 4330 καὶ
1563 4267 1606 4330 τά
1630 4273 1787 4340 πολυτελῆ

594 4374 678 4452 μύρα
710 4377 767 4435 τῶν
799 4371 951 4435 πλουσίοιν
984 4377 1145 4450 γυναικῶν,
1177 4363 1199 4436 ἀ
1231 4375 1378 4437 καλοῦσιν
1407 4368 1502 4436 αύτοιι
1526 4373 1711 4437 σπύκοιτοι
1735 4369 1788 4434 καὶ

594 4477 817 4559 φουλύατα.
862 4476 954 4542 Solae
989 4474 1156 4552 mulieres,
1200 4480 1250 4541 uti
1285 4476 1487 4555 audirimus,
1523 4479 1628 4562 ipsam
1663 4494 1788 4560 quoque

592 4589 718 4651 vestem
749 4585 924 4670 unguentis
952 4583 1165 4668 adspergunt:
1190 4582 1282 4649 oredo
1305 4602 1397 4660 sane,
1422 4603 1497 4647 nam
1522 4604 1560 4647 er
1583 4581 1656 4645 lane
1679 4579 1786 4646 oleum

592 4689 764 4755 difficulter
786 4690 917 4766 eluitur,
939 4687 1112 4753 muliebres
1131 4693 1240 4754 autem
1260 4692 1366 4753 vestes
1385 4709 1422 4753 ea
1441 4691 1525 4752 certe
1545 4691 1649 4752 aetate
1667 4684 1786 4752 linteae

595 4802 701 4873 erant,
727 4817 789 4880 qua
812 4795 849 4860 de
872 4816 907 4859 re
930 4815 1033 4879 nuper
1055 4794 1212 4878 quaedam
1236 4793 1389 4858 adnotavi
1411 4794 1523 4858 Μινοιιι.
1551 4791 1636 4857 1901
1658 4814 1688 4877 p.
1711 4789 1785 4857 189.

596 4904 692 4988 Apud
722 4900 882 4967 Israelitae
912 4905 1040 4978 autem,
1072 4901 1122 4963 uti
1146 4905 1178 4963 et
1202 4898 1287 4984 apud
1313 4900 1511 4984 Aegyptios,
1534 4899 1650 4963 itidem
1672 4896 1789 4964 linteae
