5125 6150
783 810 852 874 ΜΟ
1285 822 1462 871 mmm

782 990 922 1053 nubibus
941 1008 1008 1052 esse
1028 985 1201 1072 delapsam.
1226 986 1289 1051 Sed
1307 986 1419 1051 relicto
1438 985 1603 1062 cubiculo,
1623 987 1786 1071 quoderat
1798 990 1834 1051 in
1846 987 1977 1051 aedium

782 1110 871 1179 parte
891 1096 1068 1177 superiore,
1090 1091 1251 1156 descendit
1271 1094 1327 1163 riv
1345 1092 1509 1167 κλίμακι,
1528 1089 1603 1155 dein
1621 1094 1755 1155 intrarit
1779 1093 1813 1154 τὸ
1837 1094 1978 1168 μέγαρον

783 1219 857 1262 vera
887 1200 997 1282 regina
1028 1200 1153 1260 incessu
1186 1210 1314 1280 patens,
1338 1197 1407 1266 ὀτῆ
1430 1196 1463 1259 tt
1486 1198 1573 1273 οοιοιὶ
1597 1197 1735 1270 arataeo
1757 1196 1864 1273 τέγεος
1888 1196 1978 1260 πύκα

784 1311 914 1375 ποιητοῖο
932 1302 940 1340 ¹
945 1328 955 1379 ι
1058 1300 1212 1366 ubinam?
1243 1302 1279 1365 ln
1303 1302 1406 1366 fronte
1429 1300 1607 1377 conclavis,
1631 1323 1688 1387 per
1710 1300 1909 1366 vestibulum
1932 1306 1981 1365 in·

783 1405 912 1494 gressa?
944 1406 1028 1470 Fieri
1060 1427 1134 1471 sane
1165 1411 1270 1490 potuit
1304 1423 1339 1470 ut
1371 1424 1483 1492 poeta,
1512 1410 1570 1490 qui
1592 1411 1739 1492 raginam
1761 1410 1795 1471 in
1817 1411 1978 1472 iuvenum

783 1520 910 1578 coetum
929 1511 1139 1596 prodeuntem
1159 1516 1291 1587 cecinit,
1311 1510 1379 1576 illie
1398 1532 1469 1575 cam
1489 1510 1657 1576 collocaret
1676 1510 1762 1576 clara
1781 1511 1852 1577 luce
1872 1514 1981 1598 persu-

785 1638 853 1682 sam
873 1630 905 1681 et
924 1620 1070 1680 omnium
1090 1615 1199 1680 oculos
1219 1620 1406 1701 animosque
1425 1620 1459 1680 in
1478 1631 1772 1681 seconrcrtentem.
1793 1617 1980 1683 Nectamen

785 1726 892 1806 inepte
921 1730 1014 1807 poeta
1044 1743 1100 1806 per
1129 1723 1210 1786 sores
1241 1725 1378 1806 posticas
1408 1725 1581 1786 intrantem
1612 1742 1685 1786 eam
1713 1722 1858 1796 tinxerit,
1884 1726 1982 1786 -si

785 1827 944 1892 eiusmodi
968 1828 1049 1891 fores
1073 1829 1114 1907 τῷ
1138 1827 1265 1906 μεγάρῳ
1290 1826 1345 1891 illc
1368 1828 1539 1891 tribuebat.
1572 1827 1651 1891 Utra
1674 1842 1783 1891 autem
1808 1831 1914 1913 potior
1938 1831 1981 1891 sit

784 1935 892 2016 opinio
916 1935 1036 2007 nescio,
1062 1942 1093 1996 et
1118 1953 1228 1997 vereor
1251 1946 1289 1995 ut
1308 1932 1348 1995 ad
1367 1931 1527 2016 liquidum
1548 1931 1625 1995 haec
1646 1952 1696 1996 res
1716 1932 1847 2015 perduci
1868 1936 1979 2016 possit.

784 2037 833 2102 Ne
861 2039 896 2102 id
928 2038 1059 2122 quidem
1088 2048 1213 2102 certum
1237 2046 1303 2112 est,
1326 2037 1365 2100 de
1387 2038 1537 2100 omnibus
1559 2035 1655 2111 locis,
1678 2038 1735 2101 nbi
1758 2037 1917 2122 Penelope
1941 2038 1980 2102 de

785 2141 943 2209 scalarum
966 2142 1119 2227 gradibus
1143 2142 1348 2217 descendere,
1367 2141 1441 2205 dein
1462 2144 1605 2206 virorum
1626 2141 1776 2206 conclave
1795 2145 1916 2206 intrare
1936 2143 1982 2205 di·

785 2251 879 2323 citur,
911 2247 997 2311 idem
1028 2267 1095 2311 esse
1118 2247 1343 2321 statuendum
1369 2267 1443 2310 nam
1466 2245 1618 2310 credibile
1640 2254 1689 2310 est
1712 2247 1772 2310 hac
1796 2267 1922 2333 quoque
1945 2249 1980 2311 in

785 2373 818 2417 re
842 2354 1038 2437 antiquiores
1060 2354 1211 2415 carminis
1236 2362 1342 2437 partes
1365 2373 1384 2416 a
1407 2353 1635 2416 recentioribus
1658 2351 1846 2435 discrepare.

832 2566 948 2630 Levior
970 2570 1019 2628 est
1041 2567 1183 2648 quaestio
1207 2584 1305 2648 quam
1327 2562 1479 2627 ultimam
1502 2563 1658 2628 indicari:
1683 2585 1759 2628 ηοω
1782 2564 1902 2630 mulier
1921 2566 1983 2630 sor·

787 2691 876 2734 mosa
894 2669 973 2734 dnm
992 2680 1024 2735 et
1042 2673 1198 2734 iuvenum
1218 2675 1250 2733 et
1262 2682 1409 2734 nostrum
1419 2679 1525 2754 captat
1538 2672 1697 2746 animum,
1712 2692 1773 2734 ηοη
1786 2691 1982 2756 magnopere

787 2779 936 2860 cupimus
956 2779 1117 2859 scireque
1140 2779 1192 2838 ria
1211 2779 1245 2838 in
1265 2774 1415 2839 conclave
1434 2777 1623 2859 pervenerit.
1645 2775 1694 2838 En
1714 2796 1788 2838 vero
1808 2775 1887 2852 alia,
1901 2796 1983 2860 quae

788 2880 892 2945 multo
928 2884 1058 2944 maioris
1092 2887 1140 2944 est
1173 2882 1339 2945 momenti.
1371 2879 1477 2944 Ulixis
1507 2900 1596 2944 arma
1626 2880 1682 2943 ubi
1714 2881 1802 2944 sucre
1825 2879 1984 2965 seposita?

787 2987 917 3049 Priscus
953 2985 1082 3068 quidem
1117 2992 1212 3070 poeta
1247 3005 1343 3068 quem
1378 2988 1418 3047 iis
1453 2987 1666 3070 assignaverit
1700 2983 1807 3049 locum
1840 2985 1983 3050 dubitari

788 3094 915 3175 nequit;
953 3111 1027 3154 nam
1062 3093 1096 3153 in
1133 3088 1272 3153 thalamo
1306 3093 1374 3155 sive
1405 3089 1501 3165 cella,
1535 3111 1597 3174 quo
1628 3111 1685 3173 per
1716 3091 1835 3175 gradus
1858 3089 1984 3175 aliquot

788 3198 941 3257 decreram
961 3203 1046 3269 erat,
1067 3215 1142 3258 cum
1162 3203 1285 3258 ceterae
1307 3211 1546 3258 asservarentur
1565 3193 1670 3258 Ulixis
1694 3215 1769 3278 opes
1782 3192 1818 3272 ²),
1838 3216 1900 3259 ηοη
1915 3201 1984 3260 erat

789 3321 846 3364 cur
866 3302 899 3362 in
918 3302 1115 3384 superiorem
1135 3299 1262 3363 aedium
1282 3305 1405 3382 partem
1425 3299 1645 3384 relegarentur
1660 3303 1729 3363 eius
1742 3320 1832 3364 arcus
1844 3303 1984 3385 sagittae

789 3425 932 3479 secures,
965 3404 1019 3468 sed
1051 3424 1114 3467 una
1146 3402 1324 3468 collacum
1348 3424 1464 3468 aurum
1488 3417 1660 3489 argentum
1684 3424 1736 3468 aas
1760 3405 1982 3469 tenebattum

789 3528 877 3573 arma
912 3515 945 3571 et
980 3508 1059 3580 tela;
1098 3510 1173 3573 haec
1204 3515 1313 3572 autem
1345 3511 1378 3573 in
1410 3507 1477 3572 solo
1508 3511 1577 3593 ipso
1608 3515 1665 3571 aut
1687 3508 1770 3571 infra
1793 3508 1899 3572 solum
1923 3511 1986 3572 fuit

790 3612 963 3678 aedificata.
983 3612 1032 3677 Ibi
1051 3614 1184 3677 demum
1205 3615 1234 3677 ἐν
1256 3613 1388 3693 θαλάμῳ
1410 3613 1550 3693 ὑψυράφῳ
1570 3614 1656 3677 πόκου
1679 3615 1792 3692 ποιητῷ
1812 3620 1883 3677 tuta
1896 3621 1987 3678 erant

791 3720 877 3803 regis
911 3718 1059 3792 κειμήλιοι
1091 3738 1109 3780 a
1141 3717 1265 3781 furibus
1289 3725 1321 3783 et
1344 3718 1497 3783 incendio.
1522 3718 1603 3783 Illuc
1627 3717 1789 3782 descendit
1812 3721 1924 3803 regina
1947 3726 1986 3782 ut

790 3843 901 3887 arcum
934 3821 1006 3886 inde
1037 3831 1196 3906 promeret
1210 3822 1251 3903 ³);
1285 3822 1364 3887 illuc
1388 3844 1425 3888 ea
1448 3845 1573 3908 quoque
1596 3843 1701 3898 arma,
1726 3843 1806 3907 quae
1830 3825 1863 3886 in
1886 3825 1987 3908 parie-

791 3929 877 3991 tibus
900 3932 953 3992 τοῦ
977 3928 1116 4006 μεγάρου
1141 3949 1293 4012 suspensa
1319 3928 1461 4003 fuerant,
1487 3927 1605 3993 detulit
1629 3927 1851 3993 Telemachus.

839 4035 882 4097 At
907 4036 940 4097 in
963 4033 1027 4098 alia
1051 4036 1158 4097 omnia
1183 4041 1219 4097 ut
1244 4034 1394 4098 abeamus
1416 4043 1537 4119 cogunt
1560 4056 1615 4098 nos
1640 4054 1720 4119 quae
1744 4033 1802 4097 sub
1826 4032 1985 4119 Odysseae

792 4139 889 4203 finam
921 4144 1097 4202 narrantur.
1135 4139 1217 4202 Nam
1253 4144 1363 4203 cantor
1397 4142 1452 4223 qui
1484 4142 1616 4203 carmini
1653 4139 1780 4204 caedem
1815 4160 1985 4223 procorum

793 4243 964 4308 celebranti
995 4246 1132 4308 inseruit
1162 4263 1368 4328 quaecunque
1400 4243 1439 4307 ad
1462 4243 1679 4308 Melanthium
1703 4251 1863 4328 spectant,
1889 4245 1919 4307 εὐ
1941 4247 1984 4324 τῷ

795 4348 926 4431 ὑπερωίῳ
949 4347 1005 4412 illa
1028 4368 1119 4412 arma
1141 4351 1246 4412 nescio
1270 4350 1326 4412 ubi
1349 4351 1483 4413 iacuisse
1506 4351 1640 4412 sumsit:

1130 4452 1330 4528 άυέβοιινε
1353 4453 1526 4525 Μελάνθιος
1552 4452 1680 4524 mirdane
1705 4454 1802 4531 αἰγῶν

929 4559 972 4630 εἰς
997 4556 1156 4633 θαλάμους
1181 4556 1329 4630 Ὀδυσῆος
1354 4558 1415 4621 άυά
1439 4561 1570 4638 §sirac
1595 4557 1752 4635 μεγάροιο.

931 4662 1010 4725 later
1033 4663 1148 4728 δώδεκά
1171 4664 1228 4740 μὲν
1251 4662 1341 4727 σάκε’
1365 4660 1470 4741 ἔξελε,
1495 4663 1595 4728 ean
1619 4664 1649 4728 δὲ
1674 4663 1762 4743 δοῡροι

803 4819 996 4830 ---

831 4905 961 4967 inm
1210 4903 1492 4969 ammam
1739 4903 1900 4965 quw
