5125 6150
1124 1432 1448 1522 rnclnsn.

1226 1668 1351 1707 §carmin

1074 1850 1104 1915 J.
1136 1850 1165 1915 J.
1199 1850 1497 1916 HARTMAN.

1275 2396 1300 2461 Ι.

734 2612 902 2676 Eduardus
928 2611 1082 2687 Wolfflin,
1114 2634 1189 2676 cnm
1213 2634 1269 2696 per
1292 2611 1424 2697 longam
1447 2633 1604 2676 annorum
1627 2615 1743 2675 seriem
1767 2612 1880 2676 doctis·

689 2720 780 2780 simis
818 2721 1149 2802 ingeniosissimisque
1179 2717 1218 2780 ad
1249 2717 1401 2782 Tacitum
1432 2718 1689 2781 annotationibus
1720 2716 1879 2800 praeclare

690 2825 754 2885 iam
790 2823 828 2886 de
859 2834 966 2886 nostra
996 2830 1064 2887 arte
1094 2827 1230 2887 meritus
1259 2834 1359 2898 esset,
1392 2825 1452 2888 hoc
1483 2827 1550 2906 ipso
1573 2844 1656 2887 anno
1679 2821 1879 2907 splendidam

688 2936 784 3011 atque
807 2931 1001 3012 insperatam
1026 2931 1100 2993 huic
1123 2933 1270 3014 scriptori
1294 2929 1404 2993 attulit
1428 2928 1534 2993 lucem
1556 2944 1589 2992 et
1612 2931 1657 2992 sic
1680 2929 1719 2992 ab
1742 2930 1801 3003 iis,
1826 2931 1880 3012 qui

688 3033 837 3099 Tacitum
862 3034 992 3121 legunt,
1024 3037 1214 3100 incubonem
1237 3036 1414 3120 quendam,
1439 3057 1501 3120 qno
1524 3037 1621 3098 nimis
1644 3034 1699 3098 diu
1723 3037 1878 3118 opprime-

686 3141 812 3218 bantur,
833 3142 961 3226 fugavit
982 3142 1226 3205 demonstrando
1250 3190 1346 3205 .....
1374 3142 1585 3205 Plutarchum
1605 3144 1637 3203 in
1657 3143 1737 3203 vitis
1755 3137 1876 3205 Galbae

685 3256 716 3310 et
742 3247 877 3311 Othonis
900 3248 1071 3311 scribendis
1094 3247 1204 3311 Tacito
1228 3258 1356 3311 auctore
1380 3269 1475 3310 usum
1491 3245 1526 3326 1).

732 3353 846 3417 Rideat
870 3354 920 3416 hic
945 3354 1048 3416 forsan
1072 3352 1261 3416 Pulfennins
1283 3356 1397 3437 ingens
1420 3367 1452 3415 et
1475 3350 1710 3435 „praeclarum
1733 3350 1874 3427 hercle,''

686 3457 841 3521 exclamet
878 3462 1077 3532 „inventum
1111 3461 1270 3542 tantisque
1301 3457 1449 3521 laudibus
1480 3453 1632 3541 dignum!
1670 3455 1768 3533 Quasi
1801 3479 1875 3522 vero

686 3563 861 3646 quidquam
894 3578 1000 3627 nostra
1031 3566 1110 3627 scire
1140 3567 1266 3626 intersit
1291 3580 1362 3627 nter
1386 3579 1495 3625 utrum
1520 3564 1732 3644 exscripserit.
1758 3561 1877 3639 Quodsi

685 3677 831 3733 vetustae
850 3667 925 3731 illae
947 3674 1092 3745 chartae,
1116 3669 1149 3732 id
1173 3670 1259 3753 quod
1283 3669 1483 3743 dubitamuS,
1508 3670 1637 3731 omnino
1660 3667 1777 3751 dignae
1802 3679 1877 3731 sunt

686 3795 766 3857 qnae
794 3773 953 3859 legantur,
986 3796 1034 3838 res
1064 3775 1138 3839 inde
1161 3775 1321 3838 discamus
1344 3785 1374 3839 et
1399 3774 1495 3849 facta,
1521 3781 1624 3837 cetera
1648 3771 1876 3838 necaremus!

686 3877 835 3943 Contenti
867 3900 933 3943 esse
966 3888 1097 3962 possunt
1128 3889 1160 3943 et
1183 3879 1313 3944 Tacitus
1337 3889 1369 3944 et
1391 3880 1584 3943 Plutarchus
1608 3883 1635 3943 si
1659 3891 1766 3944 nostra
1790 3891 1876 3945 aetas

685 3982 790 4068 legere
814 4005 867 4048 eos
890 3985 1075 4069 dignatur.’'

731 4092 773 4151 At
804 4093 860 4173 qni
889 4094 922 4152 in
947 4090 1033 4154 hisce
1055 4091 1171 4154 studiis
1194 4094 1280 4155 vitae
1306 4094 1411 4175 posuit
1436 4089 1639 4155 tabernacula
1662 4089 1760 4177 longe
1784 4092 1878 4157 aliter

685 4216 718 4258 se
749 4216 816 4257 rem
848 4194 963 4258 habere
986 4201 1134 4279 expertus
1159 4199 1259 4259 novit.
1286 4196 1446 4274 Quamdiu
1470 4199 1556 4260 enim
1581 4199 1727 4280 regnavit
1750 4199 1878 4281 opinio,

684 4321 781 4384 quam
802 4321 884 4362 nunc
904 4300 1040 4383 denique
1062 4301 1214 4365 refutavit
1226 4301 1454 4377 Woelfflinius,
1473 4301 1696 4365 incredibilem
1716 4304 1876 4385 quandam

684 4428 751 4469 rem
784 4426 839 4488 pro
872 4426 945 4468 vera
976 4409 1115 4489 accipere
1147 4408 1351 4492 cogebamur,
1385 4428 1447 4491 qna
1471 4407 1600 4471 tandem
1625 4406 1794 4491 aliqnando
1821 4431 1878 4474 nos

684 4508 834 4574 liberatos
869 4513 947 4573 satis
977 4512 1116 4594 gaudere
1148 4534 1209 4575 non
1242 4534 1422 4596 possumus.
1458 4514 1500 4576 Et
1533 4513 1669 4592 repeat-it
1699 4512 1774 4576 illa:
1808 4536 1878 4598 pro·

683 4627 877 4697 pugnatores
912 4619 998 4679 enim
1035 4617 1148 4680 habuit
1183 4621 1268 4682 viros
1304 4640 1432 4683 summa
1466 4619 1628 4703 praeditos
1663 4623 1876 4697 anctoritate,

719 4844 744 4903 l)
768 4842 796 4890 ln
823 4842 1067 4906 nuzungnberichnn
1086 4844 1127 4891 der
1145 4844 1325 4908 philos-philol.
1345 4846 1393 4894 und
1409 4846 1452 4893 der
1470 4846 1552 4894 histor.
1570 4844 1649 4894 Classe
1666 4845 1708 4893 der
1725 4845 1775 4908 lrgl.
1793 4846 1877 4910 boyer.

683 4924 808 4970 Academic
825 4923 867 4971 der
885 4924 1085 4973 Witsenschalteu
1107 4924 1167 4972 isal
1189 4926 1246 4973 licit
1264 4926 1303 4974 13’
