5125 6150
1027 1330 1412 1524 nonnihil.
1635 1432 1726 1569 U

1162 1666 1287 1707 SORlPSl'l'

981 1843 1010 1909 J.
1037 1841 1125 1909 VAN
1148 1845 1363 1913 thIlUWth
1386 1849 1414 1914 J.
1428 1869 1456 1914 u.

862 1994 1099 2073 (Contimntur
1122 2019 1157 2058 ea
1186 1997 1215 2060 V
1212 1998 1250 2062 ol.
1277 1999 1371 2062 XXV
1384 2023 1457 2080 pap.
1484 1999 1575 2079 281).

1121 2298 1319 2334 -m

1184 2550 1256 2615 XX.

1037 2749 1079 2795 os
1101 2747 1183 2805 nouo
1207 2748 1344 2796 rnomuo
1361 2730 1397 2812 ¹).

663 2947 826 3026 „Graecos
846 2947 980 3012 dabelli
999 2946 1127 3012 Troiani
1147 2950 1236 3012 exitu
1256 2948 1339 3013 nihil
1360 2970 1416 3033 per
1436 2950 1606 3015 hominum
1618 2955 1809 3017 memoriam

612 3054 697 3121 olim
731 3056 889 3140 accepisse
924 3053 1091 3128 traditum,
1126 3051 1306 3119 luculenter
1341 3060 1478 3119 testatur
1513 3055 1606 3120 dolus
1642 3078 1704 3141 quo
1738 3058 1812 3122 urbs

614 3160 748 3225 tandem
783 3166 875 3243 capta
908 3180 975 3223 esse
1010 3159 1120 3223 fertur.
1152 3158 1333 3223 Fortissimi
1365 3158 1486 3224 scilicet
1517 3161 1649 3226 heroum
1681 3165 1713 3226 in
1738 3161 1810 3229 alvo

614 3268 693 3350 oqui
723 3266 866 3349 ingentis
898 3284 914 3327 e
944 3262 1034 3348 ligno
1066 3262 1223 3328 aedificati
1252 3284 1285 3327 se
1310 3263 1511 3341 abdiderant,
1537 3287 1633 3349 quem
1657 3265 1754 3333 Troes
1777 3270 1812 3331 in

614 3371 731 3434 urbem
761 3365 1003 3453 pertraxerunt!
1029 3404 1072 3416 -
1099 3367 1151 3432 Sic
1183 3369 1393 3452 respondetur
1424 3369 1568 3453 puerulis
1600 3369 1653 3435 vel
1684 3372 1809 3450 stultis;

615 3477 710 3550 serii,
734 3473 853 3538 nedum
877 3494 961 3549 veru,
985 3471 1068 3536 nihil
1090 3475 1146 3536 isti
1170 3475 1237 3537 ioco
1259 3475 1361 3537 inesse
1385 3476 1492 3557 quivis
1516 3475 1645 3539 sentit”.

663 3576 767 3643 Verba
791 3579 868 3643 haee
891 3584 966 3641 sunt
989 3576 1224 3641 Muellenhoffii
1248 3580 1281 3640 in
1302 3597 1395 3659 opere
1415 3581 1582 3642 notissimo
1602 3579 1640 3644 de
1660 3581 1812 3646 Archaeo

614 3683 707 3769 logia
737 3680 939 3748 Germanica.
971 3680 1032 3749 Oui
1057 3687 1227 3768 postquam
1252 3680 1469 3766 adstipulatus
1492 3692 1540 3747 est
1564 3683 1685 3749 Paulus
1710 3683 1812 3751 (lauer

613 3792 648 3852 in
685 3786 769 3852 libro
804 3788 902 3852 bonas
934 3787 1037 3872 frugis
1069 3786 1181 3871 pleno,
1213 3807 1309 3871 quem
1339 3788 1467 3871 scripsit
1498 3788 1536 3852 de
1566 3786 1812 3866 Quaestionibus

616 3893 801 3957 Homericis
815 3892 850 3973 ²),
876 3892 965 3957 addit
988 3893 1063 3957 hinc
1086 3911 1212 3976 quoque
1235 3911 1386 3976 apparere
1411 3928 1454 3939 -
1477 3892 1510 3956 id
1534 3894 1617 3976 quod
1641 3916 1716 3958 cum
1739 3893 1811 3959 aliis

615 4004 727 4062 censet
755 3999 825 4081 ipse
849 3999 1157 4082 -antiquissimos
1186 3993 1382 4061 Graecorum
1412 4003 1522 4081 poetas
1554 3997 1658 4063 multa
1682 3998 1811 4083 quidem

614 4102 656 4167 de
676 4102 877 4167 Achaeorum
897 4101 1172 4185 Troianornmque
1191 4099 1320 4186 proeliis
1340 4102 1505 4177 cecinisse,
1524 4100 1620 4165 finem
1641 4123 1716 4166 vero
1735 4101 1812 4165 belli

615 4207 765 4271 diuturni
787 4205 915 4271 nullum
938 4212 1053 4271 notum
1071 4206 1240 4281 habuisse,
1260 4211 1345 4270 certe
1364 4203 1492 4268 nullum
1512 4225 1787 4269 commemorasse.

664 4310 752 4390 Quae
775 4310 933 4394 quomodo
956 4316 1013 4376 aut
1034 4310 1106 4375 aliis
1129 4315 1185 4375 aut
1208 4313 1271 4394 ipsi
1293 4306 1432 4386 Cunero,
1457 4312 1526 4373 viro
1550 4310 1756 4395 sagacissimo
1780 4315 1813 4374 et

614 4416 874 4501 elegantissimo,
896 4414 1019 4501 placere
1038 4416 1181 4499 potuerit
1197 4417 1354 4479 sententia
1366 4417 1474 4479 miror.
1495 4414 1578 4478 Nam
1591 4435 1664 4478 cum
1676 4416 1812 4480 minime

652 4659 679 4719 l)
698 4658 766 4722 Quae
783 4660 916 4722 wquuutur
932 4673 960 4707 eo
975 4657 1027 4723 ipsa
1044 4660 1101 4707 suut
1117 4672 1179 4721 quse
1195 4655 1275 4721 patrio
1292 4671 1401 4705 sermons
1418 4672 1494 4721 nuper
1509 4655 1630 4721 disputari
1645 4657 1670 4705 iu
1685 4657 1812 4706 Academia

619 4746 705 4788 nostra
721 4738 804 4803 Regio.
820 4738 874 4787 vic.
889 4738 968 4788 Verel⁴
984 4754 1014 4788 eu
1031 4739 1126 4787 Meded.
1140 4738 1183 4786 der
1198 4739 1229 4786 K.
1244 4739 1285 4786 Ac.
1300 4753 1322 4787 r.
1334 4737 1396 4786 wc.
1411 4738 1465 4786 uid.
1480 4737 1597 4797 latterk„
1612 4737 1726 4787 liebrmr.
1739 4739 1811 4788 1901.

650 4822 680 4885 2)
699 4821 868 4885 Gruudmgeu
885 4821 928 4870 der
944 4820 1115 4871 Homerkritik
1134 4836 1157 4885 p.
1177 4820 1234 4869 141.

1648 4915 1663 4962 9
