5125 6150
687 819 753 884 366
1197 833 1366 882 inerrans.

684 999 795 1065 libello
828 1000 865 1065 de
898 997 1076 1063 Mulierum
1108 997 1291 1063 Virtutibus
1322 997 1400 1075 (255
1414 998 1465 1077 n),
1498 1000 1556 1063 ubi
1587 1021 1742 1084 perquam
1774 1003 1883 1084 inepte

686 1106 738 1171 edi
771 1104 862 1171 solet:
898 1105 1097 1184 ’λρεταφέλα
1134 1103 1159 1167 δ’
1190 1110 1207 1180 ή
1240 1104 1395 1183 Κυρηναία
1426 1105 1554 1170 παλαιά
1585 1107 1642 1181 μὲν
1673 1107 1707 1170 οὐ
1739 1107 1883 1183 γέγονεν,

687 1213 761 1277 ἀλλ’
787 1213 817 1274 ἒν
840 1220 903 1281 σοῖο
928 1209 1152 1290 Μιθριδατικοῖς
1174 1217 1306 1288 καιροῖς,
1326 1212 1436 1289 άρετήν
1456 1211 1487 1275 δὲ
1508 1211 1560 1276 καῖ
1582 1209 1693 1291 πρᾶξιν
1714 1212 1883 1287 ἐνάμιλλον

687 1328 732 1398 πή
764 1317 892 1398 βουλή
926 1319 998 1380 τῶν
1029 1315 1200 1396 ήρωίδων
1225 1315 1395 1396 παρέσχεν.
1420 1316 1532 1401 Ipsum
1556 1316 1716 1403 Oedipum
1739 1318 1820 1382 haee
1843 1318 1883 1383 ad

685 1425 800 1487 incitas
831 1419 995 1508 redigant!
1028 1420 1247 1506 Dispellentur
1279 1423 1424 1487 tenebrae
1455 1422 1619 1487 lenissima
1650 1427 1834 1488 mutatione
1865 1420 1884 1503 ή

687 1529 793 1605 βοθλει
826 1527 879 1592 vel
908 1526 1006 1608 βοθλη
1029 1565 1071 1574 -
1096 1549 1172 1591 nam
1203 1527 1241 1591 de
1270 1527 1328 1592 hae
1356 1530 1581 1593 terminatione
1603 1526 1688 1593 nihil
1712 1551 1771 1614 pro
1797 1534 1882 1593 certo

688 1633 839 1699 affirmari
867 1639 1036 1718 potest-
1061 1633 1277 1698 rescribendo:
1303 1633 1398 1696 ουῖνῖε
1420 1633 1596 1709 Ιινιοῖιθιιιιν,Ι
1621 1655 1684 1719 quo
1709 1635 1794 1699 freto
1818 1637 1883 1699 iam

688 1738 770 1803 nihil
795 1738 993 1803 difficultatis
1016 1741 1184 1822 superarit.

734 1955 768 2023 O.
795 1955 855 2022 57:
880 1956 945 2031 ε’μοῖ
971 1957 1002 2021 δέ
1026 1955 1129 2020 ῖκανδν
1153 1957 1186 2020 si
1211 1954 1269 2040 (lg.
1291 1956 1346 2040 ήν)
1372 1956 1499 2029 ταυτηνὶ
1528 1959 1582 2028 τήν
1612 1957 1712 2034 πήραν
1737 1957 1893 2033 έκπλή-

687 2086 760 2132 σας
782 2062 998 2142 παράσχης
1019 2061 1085 2126 οὐδέ
1106 2060 1193 2133 ὅλους
1215 2061 1265 2126 δύο
1285 2062 1450 2138 μεδίμνους
1470 2067 1630 2142 χωροῦσαν
1652 2063 1884 2139 Αἰγινητικούς.

688 2167 876 2253 Thrasyoles
898 2167 955 2232 ille
979 2170 1193 2251 capitatam,
1217 2166 1342 2231 sordido
1367 2167 1546 2252 detritoque
1571 2166 1669 2252 pallio
1690 2173 1835 2234 amiotus
1854 2177 1886 2234 et

682 2296 789 2356 peram
819 2295 855 2337 σοι
885 2274 1002 2335 tumere
1032 2295 1204 2354 ruspensem
1231 2294 1337 2353 perena
1359 2275 1392 2336 in
1413 2293 1560 2337 scaenam
1583 2272 1700 2357 prodit.
1725 2273 1887 2340 Omnibus

687 2387 782 2443 notus
801 2384 849 2443 est
869 2378 999 2457 στροφάς
1020 2378 1129 2456 άορτήρ
1148 2377 1358 2453 Homericus,
1379 2383 1412 2441 et
1433 2377 1518 2463 apud
1537 2378 1720 2442 Luoianum
1734 2380 1885 2465 frequens

692 2486 792 2563 πήραν
823 2481 1004 2560 ἐξημμένος,
1027 2481 1236 2562 ἐξηρτημένοι.
1261 2482 1426 2562 Quomodo
1450 2483 1518 2547 fieri
1542 2489 1648 2567 potest
1671 2490 1711 2548 ιιι
1734 2488 1795 2569 qui
1818 2489 1885 2570 ipse

690 2611 765 2676 pera
797 2592 919 2654 cinctus
950 2589 989 2653 ad
1016 2587 1322 2665 alterum‘aooedat,
1348 2596 1385 2653 ut
1408 2589 1470 2653 sibi
1493 2609 1603 2674 peram
1626 2588 1720 2654 illam
1737 2593 1885 2673 praebeat

691 2695 743 2762 vel
766 2696 919 2778 ρονσῖραι,
953 2694 1038 2759 huno
1069 2694 1208 2759 alterum
1238 2692 1352 2780 roget?
1384 2695 1569 2776 Παρέχομεν
1592 2694 1664 2760 aliis
1688 2717 1742 2774 ea,
1769 2700 1884 2782 quibus

690 2806 797 2866 carent
817 2803 880 2884 ipsi
900 2806 956 2866 aut
976 2800 1138 2885 indigent3
1158 2803 1204 2865 sio
1223 2798 1425 2884 Dicaeopolis
1445 2803 1530 2865 inter
1549 2808 1653 2865 cetera
1665 2801 1883 2868 mendicitatis

687 2909 902 2971 instrumenta
929 2912 965 2970 ut
988 2907 1049 2970 sibi
1072 2927 1181 2991 peram
1205 2905 1421 2970 commodaret
1445 2944 1487 2955 —
1513 2909 1612 2984 πήραν
1635 2917 1820 2986 παρασχεῖν
1843 2946 1881 2958 -

689 3012 879 3098 Euripidem
910 3032 1022 3098 rogare
1052 3018 1185 3098 poterat.
1217 3010 1426 3098 Thrasyclem
1450 3033 1526 3078 vero
1550 3012 1634 3098 quod
1659 3015 1728 3098 ipse
1752 3015 1881 3091 habeat,

689 3120 804 3184 Timon
826 3140 888 3183 non
912 3119 1041 3194 habeat,
1066 3139 1084 3182 a
1107 3117 1242 3182 Timone
1266 3125 1374 3202 petere
1397 3119 1583 3183 absurdum.
1607 3118 1691 3197 Quid
1714 3122 1759 3182 sit
1778 3120 1881 3207 legen·

691 3226 787 3301 dum,
819 3224 1007 3288 indicabunt
1034 3222 1097 3288 looi
1129 3223 1237 3309 quales
1269 3227 1303 3287 in
1334 3223 1427 3308 Apol.
1459 3221 1494 3290 (l.
1521 3224 1558 3289 3:
1584 3224 1670 3287 άλλθι
1695 3226 1773 3301 μηδ’
1798 3225 1880 3305 ἄλλοι

691 3331 910 3410 παράσχης
943 3330 1131 3393 ἐπελθεῖν
1163 3329 1209 3393 τά·
1237 3331 1461 3409 γεγραμμένα,
1495 3336 1527 3395 et
1557 3329 1661 3415 lmag.
1696 3328 1732 3396 0.
1761 3331 1801 3396 6:
1832 3332 1880 3395 καὶ

692 3441 751 3513 μήν
781 3436 834 3510 ήδη
863 3458 908 3500 σοι
935 3436 1026 3515 θρῖον
1055 3435 1231 3514 παρέχει
1259 3434 1446 3512 γιγνομένην
1475 3438 1530 3509 τήν
1555 3434 1656 3499 εῖκθνα
1676 3442 1710 3500 et
1735 3434 1826 3502 Galli
1849 3436 1880 3504 C.

693 3542 750 3606 28:
785 3543 819 3606 τὸ
854 3539 948 3616 δεξιὸν
982 3541 1079 3605 τοένυν
1103 3538 1160 3619 ὅτῳ
1184 3539 1221 3606 άν
1247 3542 1307 3618 ἐγὼ
1340 3539 1590 3605 άποσπάσαι
1624 3540 1883 3621 παράσχωσι

694 3648 842 3712 Hermot.
875 3670 901 3710 c.
926 3646 987 3711 40:
1018 3649 1058 3712 οὐ
1091 3647 1277 3726 παρέχων
1309 3648 1565 3725 άναγνῶναι;
1599 3657 1631 3711 et
1659 3649 1694 3710 iu
1718 3647 1883 3714 Plutarchi

696 3753 874 3825 Moralibus
911 3751 995 3817 67a:
1032 3754 1046 3817 θ
1081 3753 1251 3833 Ἀχιλλεὺς
1287 3761 1467 3834 παρεῖχε
1502 3755 1543 3833 τῷ
1581 3752 1749 3833 Πατρόκλῳ
1788 3766 1882 3834 σιωπή

696 3857 948 3937 καταφέρειν
981 3860 1076 3922 αὑτοῦ
1109 3861 1214 3923 πολλά
1246 3864 1377 3923 τοιαῦτα
1411 3865 1443 3924 et
1475 3859 1562 3924 8421:
1598 3865 1702 3937 Φρῦνιν
1725 3862 1753 3924 οἱ
1787 3860 1882 3940 έΦοροι

693 3973 764 4035 ταῖς
789 3964 869 4027 ἑπτά
895 3962 1020 4043 χορδαῖς
1046 3963 1097 4027 δύο
1121 3963 1394 4044 παρεντεινάμενον
1415 3966 1529 4043 ήράτων
1550 3964 1673 4044 πότερον
1694 3966 1753 4038 τάς
1776 3965 1884 4033 άνωθεν

695 4072 711 4146 ή
744 4072 803 4140 τάς
835 4069 968 4134 κάτωθεν
1001 4070 1192 4146 έκτεμεῖν
1225 4072 1330 4142 αὐτοῖς
1361 4078 1599 4149 παρασχεῖν
1624 4070 1728 4137 έθέλει.
1761 4073 1811 4137 Ex
1837 4075 1884 4138 his

695 4174 917 4259 similibusque
939 4174 1060 4259 liquido
1083 4182 1212 4260 apparet
1235 4178 1370 4240 verbum
1395 4175 1596 4256 παρέχειν
1620 4198 1693 4240 oum
1719 4176 1885 4243 Infinitive

693 4286 841 4346 innoturn
855 4301 1094 4364 nonnumquam
1105 4282 1191 4345 idem
1204 4281 1308 4345 valere
1321 4287 1416 4366 atque
1433 4280 1547 4360 έφιέν
1558 4306 1579 4343 α
1589 4304 1610 4358 ι,
1633 4282 1648 4345 ε’
1656 4306 1679 4344 π
1690 4306 1699 4344 ι
1709 4306 1752 4361 τρ
1764 4286 1778 4348 έ
1788 4309 1812 4349 π
1822 4310 1836 4349 ε
1845 4310 1853 4349 ι
1862 4310 1885 4361 ν,

695 4392 932 4465 συγχωρεῖν
955 4388 1119 4463 concedere,
1138 4388 1322 4469 pennittere,
1340 4387 1525 4470 feracitatem
1549 4389 1638 4462 dare,
1661 4388 1772 4453 ειιιονο.
1800 4388 1886 4455 'Con-

694 4498 801 4560 tentus
821 4492 895 4569 ero’,
915 4494 1022 4575 inquit
1042 4495 1076 4555 'si
1098 4494 1179 4556 mihi
1197 4494 1278 4558 hano
1296 4514 1405 4578 peram
1418 4513 1495 4557 auro
1508 4492 1634 4578 explere
1646 4497 1833 4578 permiseris
1845 4534 1884 4543 -

696 4603 900 4673 ε’κπλήσαι
929 4596 1165 4679 παράσχης,
1194 4602 1321 4663 etiamsi
1342 4621 1380 4663 ne
1405 4598 1467 4663 duo
1488 4598 1617 4682 quidem
1638 4602 1744 4685 capiat
1764 4602 1885 4667 modios

696 4705 919 4791 Aeginetioos’.

1143 4794 1439 4876 (Contiaaabaatar).
