5125 6150
1212 790 1377 839 numanus.
1822 776 1885 841 251

693 956 825 1020 iunctus
849 976 923 1019 oum
946 956 1139 1040 gravissima
1158 956 1294 1019 erimina
1314 954 1352 1019 de
1371 953 1436 1019 filio
1456 955 1490 1017 ιἰι
1508 977 1659 1018 novercam
1679 961 1888 1024 commissum

692 1068 846 1146 stuprum
867 1067 899 1125 et
915 1060 1122 1144 parricidium
1135 1062 1316 1145 cogitatum
1329 1060 1561 1145 propemodum
1574 1060 1737 1146 explorata
1748 1063 1887 1144 haberet,
1940 1058 1943 1065 ’

690 1189 755 1232 non
780 1173 889 1232 tamen
912 1167 951 1231 ad
974 1166 1152 1231 vindictam
1176 1168 1334 1250 procurrit
1354 1169 1522 1242 continuo,
1544 1167 1599 1232 sed
1619 1188 1717 1252 paene
1738 1171 1887 1235 universo

690 1273 815 1338 Senatu
836 1272 980 1336 adhibito
1000 1275 1034 1335 in
1055 1271 1239 1348 consilium,
1261 1274 1415 1355 expositis
1433 1273 1683 1356 suspicionibus,
1702 1273 1888 1339 defendendi

690 1390 726 1444 se
752 1377 947 1444 adulescenti
967 1383 1158 1461 potestatem
1177 1376 1264 1441 fecit.
1285 1375 1491 1461 inspectaque
1512 1376 1758 1463 diligentissime
1777 1400 1886 1458 causa,

690 1482 833 1549 absolvit
852 1503 927 1547 eum
947 1488 1019 1546 tum
1040 1480 1164 1546 consilii
1184 1486 1255 1544 tum
1274 1484 1373 1546 etiam
1391 1502 1449 1546 sua
1468 1482 1657 1548 seutentia.''
1677 1483 1771 1548 Esto:
1789 1485 1888 1549 fuerit

690 1590 754 1653 hoc
785 1587 903 1652 falsum
927 1589 1047 1651 crimen
1069 1589 1213 1670 itemque
1237 1585 1317 1651 falso
1339 1587 1500 1651 obiectum
1522 1588 1621 1653 fuerit
1643 1590 1726 1672 quod
1750 1590 1887 1655 Aristae-

688 1700 787 1757 netus
807 1699 933 1777 praetor
952 1692 1154 1756 Achaeorum
1175 1691 1337 1756 dictitavit
1356 1694 1388 1755 in
1407 1695 1571 1769 contione,
1593 1693 1665 1757 Liv.
1679 1693 1818 1758 XXXII.
1832 1694 1885 1773 21,

690 1797 884 1882 Philippum
918 1796 1122 1861 Macedoniae
1158 1817 1269 1881 regem
1300 1795 1359 1860 filii
1390 1817 1525 1861 uxorem
1557 1796 1698 1862 libidinis
1729 1820 1822 1864 causa
1851 1802 1884 1864 in

691 1903 916 1967 Macedoniam
941 1904 1162 1986 asportavisse.
1187 1902 1235 1966 Ne
1255 1901 1294 1966 ad
1314 1923 1383 1966 rem
1402 1905 1558 1987 pertineat
1578 1901 1729 1969 Clematii
1747 1926 1884 1983 socrum,

691 2030 769 2073 cum
799 2028 906 2071 amore
937 2007 1104 2092 flagraret,
1139 2009 1266 2070 misceri
1298 2007 1359 2072 sibi
1381 2027 1538 2092 generum
1560 2030 1622 2073 non
1645 2012 1884 2095 impetravisse,

690 2116 857 2177 Ammian.
881 2111 1026 2177 Marcell.
1052 2110 1127 2175 xlv
1150 2115 1221 2176 init.
1252 2111 1315 2177 Sed
1339 2111 1522 2177 luculentus
1545 2112 1633 2178 locus
1658 2121 1705 2179 est
1728 2115 1885 2180 Marciani

687 2219 773 2284 libro
796 2216 874 2282 XlV
896 2217 1144 2282 Institutionum
1163 2217 1239 2302 Dig.
1261 2217 1315 2282 48.
1329 2217 1359 2283 9.
1373 2217 1411 2281 5:
1435 2218 1551 2319 „divus
1570 2218 1753 2284 Hadrianus
1772 2221 1884 2298 fertur,

689 2345 768 2389 curn
790 2326 824 2387 in
848 2325 1016 2388 venatione
1036 2320 1141 2385 filium
1160 2342 1256 2386 suurn
1277 2323 1408 2406 quidam
1428 2331 1612 2400 necaverat,
1641 2328 1698 2409 qui
1716 2347 1885 2392 novercam

691 2427 911 2505 adulterabat,
935 2430 969 2491 in
998 2425 1138 2491 insulam
1169 2448 1244 2491 eum
1275 2426 1472 2511 deportasse,
1503 2430 1587 2513 quod
1617 2429 1750 2495 latronis
1780 2436 1885 2518 magis

692 2554 793 2618 quam
817 2535 917 2618 patris
938 2535 1008 2596 iure
1031 2553 1107 2596 eum
1129 2532 1306 2597 interfecit:
1331 2554 1405 2597 narn
1430 2537 1532 2617 patria
1552 2541 1693 2620 potestas
1712 2538 1745 2599 in
1767 2539 1886 2621 pietate

691 2640 787 2704 debet
817 2660 881 2703 non
912 2641 944 2702 in
976 2639 1143 2702 atrocitate
1172 2639 1375 2703 consistere.’'
1401 2638 1463 2703 Sed
1487 2642 1553 2704 iam
1576 2640 1667 2704 vides
1688 2643 1828 2706 nimium
1851 2643 1884 2707 id

689 2765 759 2809 esse
789 2742 873 2828 quod
903 2741 1026 2808 Paulus
1059 2750 1217 2807 asseverat
1242 2742 1340 2807 talem
1364 2744 1605 2809 fornicationem
1627 2767 1667 2810 ne
1690 2747 1775 2830 apud
1802 2743 1885 2811 Gen·

692 2850 767 2915 tiles
797 2849 929 2934 quidem
958 2850 1107 2913 inveniri.
1132 2848 1244 2913 Patres
1267 2849 1460 2915 Dordraceni
1484 2849 1698 2916 excusabilem
1721 2852 1815 2917 Pauli
1839 2874 1885 2916 er-

689 2976 795 3021 rorem
815 2955 935 3019 frustra
954 2960 1122 3019 excusant:
1147 2954 1293 3030 „Namel
1314 2954 1426 3020 zonder
1445 2952 1611 3020 detes'tatie
1630 2957 1882 3043 ofverfoejinge:

690 3067 778 3126 vvant
812 3059 934 3125 hoevvel
969 3060 1040 3124 hier
1075 3081 1112 3124 en
1135 3058 1223 3124 daar
1252 3060 1287 3123 in
1317 3058 1355 3124 de
1386 3058 1571 3139 Grieksche,
1603 3060 1814 3127 Romeinsche
1844 3084 1881 3127 en

688 3165 805 3231 andere
844 3164 1119 3251 geschiedenissen
1156 3163 1250 3228 nullis
1286 3164 1495 3230 voorbeelden
1531 3166 1698 3251 gevonden
1736 3170 1814 3251 zijn,
1846 3188 1881 3232 zo

688 3272 819 3336 vvordeu
849 3270 899 3335 die
930 3271 1082 3335 nochtans
1114 3291 1177 3335 van
1207 3269 1332 3335 dezelve
1356 3270 1401 3335 als
1425 3271 1643 3357 onbehoorlijlr
1665 3294 1704 3337 en
1728 3275 1882 3358 onvvettig

688 3376 781 3461 altijd
799 3373 1031 3440 veroordeelt.''
1051 3375 1200 3439 Primum
1221 3374 1306 3458 quod
1325 3374 1587 3462 subintelligunt:
1607 3378 1883 3441 zoedcrdcteetotie

688 3484 730 3567 of
757 3481 960 3566 verseejinqe,
991 3478 1080 3544 nulla
1110 3501 1239 3564 prorsus
1270 3501 1364 3546 causa
1388 3486 1435 3546 est
1459 3503 1515 3546 cur
1537 3483 1595 3547 hoc
1618 3483 1786 3569 cogitando
1810 3505 1880 3569 sup-

688 3587 844 3672 pleamus.
881 3583 1003 3649 Deinde
1039 3605 1137 3668 quam
1173 3583 1272 3650 multi
1304 3586 1342 3650 de
1375 3585 1554 3651 Stratonica
1586 3587 1752 3667 dixerunt,
1784 3610 1881 3673 quam

686 3713 759 3756 raro
791 3694 990 3777 castigantur
1021 3691 1141 3754 nefaria
1172 3690 1375 3776 indulgentia
1399 3695 1498 3775 patris
1522 3708 1553 3757 et
1577 3692 1725 3758 effrenata
1748 3692 1807 3758 filii
1830 3716 1882 3759 cu·

685 3796 806 3882 piditas
837 3803 869 3859 et
899 3794 1068 3881 profligata
1102 3794 1258 3879 pudicitia
1287 3817 1456 3873 novercae,
1481 3818 1577 3881 quam
1602 3795 1783 3864 Oombabus
1806 3820 1880 3864 cum

686 3923 748 3966 suo
773 3900 857 3965 malo
879 3903 947 3964 iam
970 3907 1121 3984 expertus
1145 3907 1230 3978 erat,
1255 3904 1282 3964 si
1305 3900 1435 3985 quidem
1460 3900 1536 3965 fides
1559 3908 1607 3965 est
1630 3923 1725 3986 penes
1748 3903 1879 3969 Lucian.

685 4007 727 4070 de
758 4005 853 4091 Syria
882 4005 949 4069 Dea
983 4003 1034 4070 17.
1066 4004 1222 4069 Omnium
1250 4008 1351 4069 instar
1374 4011 1422 4070 est
1443 4004 1635 4071 Plutarchus
1658 4007 1800 4072 Demetr.
1825 4008 1878 4088 38,

684 4115 744 4196 qui
785 4113 911 4195 copiose
950 4115 1051 4174 totam
1086 4132 1156 4175 rem
1191 4113 1353 4175 enarravit
1387 4131 1444 4173 nec
1479 4111 1654 4195 quidquam
1689 4112 1809 4178 addidit
1842 4120 1880 4178 ut

683 4222 810 4302 pateret
840 4215 872 4278 id
904 4215 1066 4301 flagitium
1096 4216 1194 4280 fuisse
1226 4218 1344 4280 visum.
1376 4215 1484 4280 Maius
1512 4219 1611 4280 etiam
1635 4224 1684 4282 est
1706 4219 1790 4303 quod
1812 4240 1880 4302 pro·

683 4322 819 4385 nunciat
853 4320 987 4404 Appian.
1020 4320 1092 4406 Syr.
1126 4319 1186 4384 59:
1224 4320 1377 4386 Seleucus
1412 4322 1608 4386 Antiochum
1638 4329 1693 4395 τῆς
1726 4323 1785 4387 ἅνω
1818 4329 1878 4401 γῆς

685 4424 868 4505 βασιλεύειν
891 4425 1049 4505 ἀπέφηνεν
1075 4427 1140 4489 ἄνθ’
1166 4426 1286 4493 ἑαυτοῦ.
1311 4427 1361 4490 καὶ
1384 4426 1411 4490 εἴ
1429 4451 1470 4506 τῳ
1489 4428 1691 4507 μεγαλόφρον
1713 4424 1788 4492 εἷναι
1808 4428 1878 4494 τόδε

685 4533 837 4612 Φαίνεται
869 4531 920 4595 καὶ
954 4530 1129 4609 βασιλικόν,
1161 4531 1465 4613 μεγαλοφρονέτερον
1496 4533 1540 4597 ἔτι
1573 4535 1623 4597 καὶ
1650 4535 1878 4614 σοφώτερον

682 4637 796 4713 ἤνεγκε
831 4634 881 4700 τὸν
906 4634 1002 4714 ἔρωτα
1025 4642 1077 4701 τοῦ
1103 4638 1212 4708 παιδὸς
1238 4636 1290 4701 καὶ
1316 4640 1370 4711 τὴν
1397 4640 1438 4709 εἷς
1463 4638 1498 4702 τὸ
1523 4639 1619 4709 acidos
1644 4641 1739 4704 αὑτοῦ
1763 4648 1878 4718 τοφρο-
1960 4713 1963 4718 ,

685 4743 793 4815 τύννν·
820 4762 893 4805 uam
917 4742 995 4807 adeo
1020 4745 1184 4827 Appianas
1208 4744 1327 4808 factam
1350 4763 1418 4807 rem
1443 4765 1504 4809 non
1530 4744 1703 4829 improbat,
1728 4753 1767 4809 ut
1785 4766 1811 4809 c.
1834 4745 1874 4811 61

684 4855 764 4913 extr.
799 4847 939 4933 appellet
970 4849 1055 4928 ἔργον
1078 4850 1267 4927 ἀοίδιμον
1292 4849 1344 4914 καὶ
1371 4848 1570 4929 δυνατώτερον
1596 4858 1653 4915 τῶν
1678 4853 1707 4914 ἐν
1732 4851 1874 4929 πολέμοιο
