5125 6150
980 842 1023 888 AD
1046 840 1276 890 Amsuorusuls
1298 840 1435 887 Poouuu.

845 1008 917 1083 ἧμῑν
941 1005 1156 1085 παρήγγειλεν
1179 1004 1334 1070 καθεύδειν
1357 1008 1411 1069 τοῦ
1438 1006 1502 1068 θεοῦ

845 1108 1052 1189 intactos,
1078 1147 1121 1160 -

618 1219 674 1283 ubi
700 1219 795 1281 metri
817 1237 911 1281 causa
934 1217 1036 1282 Bothe
1060 1222 1092 1281 et
1116 1218 1237 1281 Porson
1262 1236 1376 1301 eosque
1400 1218 1502 1280 secuti
1521 1214 1576 1279 alii
1596 1215 1694 1280 multi
1713 1218 1812 1300 scrip-

617 1329 728 1389 serunt
751 1323 943 1401 παρθγγειλ·
964 1322 1171 1400 ἐγκαθεύδειν,
1194 1324 1382 1386 trimetrum
1406 1323 1450 1386 sic
1475 1321 1646 1386 efficientes
1666 1342 1812 1410 numero·

618 1432 751 1506 siorem,
784 1437 818 1493 at
846 1429 932 1493 idem
962 1429 1138 1496 verborum
1169 1448 1299 1493 sensum
1331 1434 1583 1513 corrumpentes.
1606 1428 1649 1491 lit
1672 1428 1809 1491 vitiosum

619 1557 687 1600 esse
710 1537 895 1599 trimetrum
919 1555 1048 1600 caesura
1071 1540 1248 1611 carentem,
1273 1555 1369 1619 quem
1393 1535 1523 1619 praebet
1541 1534 1696 1620 vulgata,
1716 1556 1810 1599 nemo

620 1642 806 1719 contendet,
843 1641 984 1705 alienum
1014 1662 1090 1707 vero
1122 1642 1196 1706 hinc
1227 1661 1295 1705 esse
1326 1641 1488 1704 incubandi
1519 1642 1655 1706 verbum
1687 1648 1811 1706 certum

622 1749 705 1813 mihi
734 1747 871 1812 videtur.
905 1746 967 1814 Oui
997 1752 1035 1810 ut
1064 1749 1107 1811 sit
1135 1745 1240 1823 locus,
1265 1767 1433 1811 sumamus
1457 1751 1581 1832 oportet
1603 1755 1687 1810 cotra
1712 1748 1812 1810 aedem

621 1859 763 1920 versatos
793 1873 861 1917 esse
890 1854 1060 1930 hactenue;
1088 1856 1121 1916 at
1151 1851 1274 1915 dudum
1307 1872 1378 1916 eam
1401 1855 1537 1917 intrasse
1562 1873 1616 1917 eos
1640 1859 1813 1937 apparete

620 1961 734 2024 ceteris
762 1956 907 2024 (larionis
940 1959 1061 2023 verbis:
1092 1957 1278 2034 ditavimus,
1312 1958 1383 2020 dein
1416 1958 1535 2020 Ρθιιθιιιιι
1566 1957 1650 2020 intua
1681 1958 1715 2020 ιἰι
1739 1958 1813 2020 lecto

620 2065 826 2128 collocavimus
845 2064 984 2148 nobiaquc
1006 2070 1104 2127 atrata
1125 2063 1274 2125 subitario
1291 2064 1469 2144 paravimus
1493 2063 1554 2144 ipsi
1562 2090 1576 2138 ,·
1602 2070 1662 2126 θανι
1683 2063 1812 2127 extinxit

622 2171 759 2233 lucernae
782 2169 948 2233 aeditumua
971 2177 1000 2233 ct
1022 2169 1152 2232 dormire
1177 2190 1230 2231 ιιοε
1253 2168 1353 2232 iussit.

668 2382 721 2446 Vs.
746 2380 822 2446 845.
849 2419 890 2430 -
923 2380 1037 2447 Simile
1061 2381 1138 2466 quid
1160 2382 1328 2447 obseruare
1351 2381 1453 2447 habco
1477 2381 1514 2446 de
1539 2383 1645 2447 verbis
1668 2380 1814 2448 Curionis

622 2488 662 2552 ad
693 2486 821 2551 Iustum
852 2488 970 2551 virum.
1010 2485 1107 2551 Pluto
1140 2487 1192 2551 hic
1223 2485 1427 2571 palliastrum
1458 2485 1600 2552 lacerum
1635 2491 1814 2572 tritumque

624 2593 713 2658 affert
737 2592 923 2670 donarium;
949 2593 1001 2656 cui
1027 2590 1137 2658 Cario:

806 2704 872 2772 μῶν
895 2692 944 2762 οὖν
969 2698 1101 2773 ἐμυήθης
1124 2696 1191 2771 θῆτ’
1217 2697 1248 2760 ἐν
1272 2699 1357 2778 αὐτῷ
1380 2699 1422 2761 τθι
1447 2698 1603 2777 ιιεγθιια;4

624 2805 693 2884 Quo
722 2802 791 2868 loco
822 2802 962 2867 Venetus
993 2805 1116 2867 omittit
1144 2800 1335 2887 particulam
1366 2799 1425 2869 οὖν.
1457 2802 1499 2867 Et
1531 2805 1681 2889 quoniam
1711 2806 1815 2868 invite

622 2910 736 2996 lingua
759 2907 936 2993 particulae
960 2915 1033 2986 μῶν,
1056 2928 1136 2993 quae
1154 2929 1171 2972 e
1190 2910 1235 2983 μὴ
1253 2905 1301 2974 οὖν
1323 2905 1387 2988 (ὧν)
1407 2912 1584 2983 concrevit,
1606 2910 1816 2994 subiungitur

623 3036 708 3080 nunc
730 3010 790 3092 οὖν,
814 3016 952 3099 speciem
976 3013 1073 3080 habet
1095 3012 1192 3079 lectio
1215 3012 1430 3080 Ravennatis:

806 3127 871 3198 μῶν
890 3120 905 3183 ε’
913 3120 1062 3197 νεμνθθιις
1086 3118 1153 3194 θῆτ’
1178 3120 1207 3183 ἒν
1230 3121 1315 3200 αὐτῷ
1339 3121 1381 3185 τὰ
1405 3120 1540 3197 μεγάλα
1549 3142 1557 3199 ;

625 3249 701 3293 cum
739 3228 927 3311 praesertim
962 3225 1062 3290 simili
1097 3228 1272 3310 composito
1309 3232 1420 3291 utatur
1455 3226 1562 3291 Iustus
1596 3228 1648 3292 vir
1684 3225 1813 3293 Carioni

624 3331 833 3418 respondens:

806 3435 878 3515 ιῦιι,
903 3437 978 3502 ἀλλ’
1003 3436 1172 3517 ἐνερρίγωσ’
1198 3435 1250 3511 ἔτη
1274 3437 1345 3518 τρία
1369 3437 1422 3502 καὶ
1447 3436 1532 3502 δέκα.

623 3544 666 3607 ut
696 3549 804 3607 tamen
834 3540 991 3607 falluntur
1021 3544 1077 3627 qui
1107 3549 1286 3627 sequuntur
1316 3542 1545 3609 Ravennatem.
1570 3542 1653 3608 Nam
1680 3550 1745 3621 μῶν
1766 3540 1816 3609 οὖν

623 3648 699 3713 licet
722 3648 785 3712 dici
809 3669 871 3712 non
894 3650 1034 3732 potuerit
1058 3647 1212 3732 quamdiu
1235 3669 1360 3713 sensere
1383 3649 1528 3713 homines
1552 3649 1730 3734 particulae
1751 3654 1815 3724 μῶν

624 3758 732 3839 ipsum
755 3749 804 3817 οὖν
827 3755 930 3818 inesse
939 3738 951 3830 ,Α
972 3756 1087 3818 comici
1111 3759 1220 3820 tamen
1243 3760 1347 3819 aetate
1371 3776 1600 3839 nonnunquam
1623 3758 1670 3820 ita
1692 3754 1816 3819 locutos

624 3881 692 3925 esse
716 3866 748 3923 et
771 3857 828 3924 alii
851 3858 914 3924 loci
938 3865 1096 3924 testantur
1119 3866 1151 3925 et
1174 3860 1266 3925 Pacis
1290 3881 1421 3927 versus:

806 3969 870 4042 μῶν
893 3960 943 4030 οὖν
967 3963 1066 4042 ductor
1089 3964 1141 4031 καὶ
1165 3967 1276 4042 γνλίιιι
1299 3973 1535 4048 σερατιιιτιιιιῦ;
1551 3966 1586 4047 ¹).

625 4070 786 4135 Vitiosum
817 4071 921 4155 igitur
950 4092 1013 4135 non
1037 4071 1140 4135 estid
1165 4072 1249 4157 quod
1273 4071 1418 4158 plerique
1442 4073 1595 4157 praebent
1619 4072 1758 4148 codices;
1784 4072 1816 4136 id

626 4198 702 4243 vcro
732 4174 816 4260 quod
840 4176 935 4240 habet
958 4176 1126 4241 Ravennae
1150 4184 1235 4243 certo
1257 4177 1381 4244 laborat
1404 4181 1494 4243 vitio.
1519 4177 1598 4242 Vide
1621 4178 1715 4243 modo
1740 4176 1817 4262 quid

625 4286 709 4346 inter
739 4279 882 4347 Oarionis
911 4287 943 4346 et
973 4281 1055 4346 Iusti
1080 4285 1142 4347 viri
1165 4283 1263 4348 verba
1286 4286 1424 4349 intersit.
1449 4283 1511 4348 Hic
1537 4284 1763 4367 praepositioni
1787 4283 1817 4348 ἓν

537 4435 540 4440 >
626 4409 714 4451 more
745 4389 848 4471 prisco
871 4386 925 4451 sed
948 4408 1112 4471 uunquam
1135 4390 1349 4454 intermortuo
1374 4392 1442 4454 vim
1465 4388 1607 4453 adverbii
1631 4387 1740 4452 localis
1763 4390 1819 4453 tri-

624 4494 725 4558 buens
754 4492 934 4572 ἕνερρίγιισα
960 4492 1055 4571 dicit,
1080 4493 1165 4578 quod
1189 4497 1307 4559 rectius
1331 4495 1521 4559 scriberetur
1544 4493 1575 4558 ἓν
1599 4494 1748 4574 appears
1774 4530 1815 4543 -

623 4601 687 4662 nisi
705 4604 879 4682 praestaret
898 4619 960 4663 non
981 4604 1101 4663 temere
1121 4599 1197 4664 talia
1216 4620 1345 4664 novare.
1365 4599 1448 4664 Nam
1468 4622 1531 4664 non
1548 4620 1624 4666 vera
1640 4601 1818 4684 composite

623 4705 777 4789 loquendi
808 4704 866 4770 hoc
896 4726 999 4790 genus
1031 4707 1134 4789 parit,
1167 4704 1221 4769 sed
1246 4727 1302 4789 pro
1326 4726 1359 4769 re
1384 4713 1457 4770 nata
1481 4708 1586 4771 cuivis
1611 4706 1707 4771 verbo
1731 4725 1817 4789 prae·

629 4856 823 4865 ...-—-——-

659 4943 685 5002 l)
705 4941 760 4989 Pac.
778 4940 838 4999 527;
856 4940 887 4989 ci.
906 4940 988 4988 dcccli.
1007 4939 1113 5004 Choeplr.
1133 4938 1179 4989 177
1198 4939 1254 4987 laur.
1274 4940 1349 4988 Andr.
1371 4941 1410 4988 82.
