5125 6150
1005 829 1176 878 memnone
1199 830 1349 879 rmmcrs.
1702 813 1766 880 405

583 1001 633 1060 est
668 994 797 1059 Aetolos
831 995 865 1058 id
899 998 1105 1081 praecipuum
1138 995 1277 1061 officium
1308 1018 1404 1062 suum
1433 998 1598 1076 habuisse,
1631 1004 1669 1063 ut
1692 998 1768 1063 fines

584 1122 676 1179 suos,
708 1103 869 1186 imprimis
897 1123 999 1186 nuper
1020 1103 1175 1180 adiectos,
1199 1108 1308 1168 contra
1329 1104 1436 1168 hostes
1459 1111 1604 1170 externos
1628 1103 1769 1169 defende

583 1216 671 1284 rent;
704 1206 860 1293 praesidia
889 1207 1086 1273 autemillis
1109 1208 1275 1274 collocasse
1300 1209 1419 1295 duplici
1442 1210 1591 1287 consilio,
1614 1216 1652 1274 ut
1675 1231 1771 1296 supra

585 1313 708 1378 dictum
744 1320 809 1390 est,
845 1316 878 1377 in
911 1319 1058 1379 universo
1088 1322 1196 1380 autem
1214 1314 1401 1387 ¹liberaliter
1431 1337 1498 1381 sese
1528 1319 1664 1403 gessisse
1694 1336 1771 1402 erga

585 1421 734 1485 civitates
756 1440 856 1504 nuper
875 1422 1041 1485 subiectas.
1063 1420 1148 1500 Quae
1169 1442 1267 1507 aequo
1285 1423 1424 1508 profecto
1445 1425 1563 1487 iureis
1585 1425 1769 1488 societatem

586 1527 823 1612 accipiebantur
831 1548 838 1605 ;
871 1534 903 1591 et
930 1526 1023 1592 facile
1046 1527 1079 1591 id
1102 1527 1170 1592 fieri
1194 1531 1318 1613 potuit,
1341 1551 1415 1594 nam
1438 1531 1516 1614 ipsis
1539 1528 1662 1595 Aetolis
1685 1530 1770 1593 κατὰ

588 1635 697 1708 κώμας
727 1633 945 1698 habitantibus
976 1636 1140 1720 ingratum
1172 1656 1324 1701 essenon
1349 1638 1455 1720 potuit
1479 1638 1505 1700 si
1529 1639 1627 1700 etiam
1651 1637 1773 1701 externi

587 1739 791 1806 Panaetolico
813 1739 946 1805 concilio
968 1743 1157 1806 interessent
1184 1750 1205 1820 ).

635 1849 746 1932 Aequo
769 1848 856 1923 iure,
881 1852 919 1911 ut
940 1847 1033 1912 modo
1056 1847 1139 1925 dixi,
1159 1850 1192 1911 in
1214 1851 1395 1913 societatem
1415 1848 1666 1914 admittebantur
1685 1850 1771 1914 socii.

586 1954 672 2020 Nam
692 1975 755 2018 non
775 1952 881 2018 solum
902 1952 1104 2018 Panaetolico
1123 1956 1307 2032 intererant,
1328 1955 1381 2020 sed
1401 1958 1499 2020 etiam
1512 1961 1670 2021 senatores
1682 1955 1773 2019 abiis

586 2060 774 2126 creabantur
787 2057 829 2140 ¹);
868 2063 989 2124 cunctis
1024 2061 1117 2125 rebus
1148 2059 1188 2124 ad
1218 2081 1386 2125 commune
1415 2062 1648 2146 pertinentibus
1679 2063 1773 2125 inter·

587 2171 689 2231 erant.
722 2165 783 2230 Sed
806 2169 903 2231 etiam
935 2187 1067 2231 munera
1097 2165 1222 2251 publica
1253 2169 1294 2232 iis
1325 2169 1523 2253 suscipienda
1546 2174 1645 2233 erant.
1679 2165 1773 2233 Gom-

586 2275 679 2338 muni
716 2272 855 2338 Aetolico
891 2273 1145 2358 obtemperarent
1181 2274 1354 2359 oportebat.
1396 2276 1476 2338 Acta
1510 2272 1637 2358 publica
1672 2272 1771 2359 vulgo

587 2382 718 2445 nomine
742 2382 894 2464 praetoris
917 2378 1050 2444 Aetolici
1074 2378 1293 2459 edicebantur,·
1318 2381 1440 2445 tributa
1458 2380 1616 2457 ferebant,
1637 2399 1772 2465 quorum

588 2506 718 2552 summa
742 2484 803 2550 fixa
822 2492 890 2550 erat
910 2485 948 2550 ed
970 2506 1139 2550 numerum
1158 2493 1337 2550 senatorum
1358 2488 1413 2571 qui
1434 2506 1471 2550 cx
1484 2489 1524 2550 iis
1536 2487 1722 2551 creabantur
1736 2482 1770 2558 ³).

636 2590 824 2656 Verosimile
844 2595 892 2656 est
911 2591 1055 2677 singulas
1074 2594 1221 2656 civitates
1240 2600 1364 2657 certum
1377 2613 1546 2656 numerum
1560 2593 1682 2656 civium
1694 2589 1773 2654 indi·

589 2719 694 2773 caase,
714 2699 769 2781 qui
789 2699 822 2760 in
842 2695 924 2762 bello
943 2697 1101 2782 stipendia
1120 2697 1305 2777 facerent4).
1330 2697 1365 2762 In
1386 2695 1523 2784 singulis
1535 2696 1772 2762 Panaetolicum

588 2806 799 2890 magistratus
829 2803 1034 2880 instituebat,
1067 2806 1121 2889 qui
1151 2803 1184 2868 id
1215 2809 1361 2869 curarent
1394 2811 1432 2868 ut
1462 2806 1546 2869 cives
1573 2807 1773 2890 praescriptis

591 2909 802 2987 Panaetolioi,
827 2914 983 2994 quantum
1007 2910 1046 2974 ad
1069 2931 1237 2975 commune
1260 2911 1477 2996 pertinebant,
1502 2909 1727 2988 oboedirent5).

635 3016 671 3082 ln
703 3019 851 3082 universo
882 3024 990 3081 autem
1024 3017 1116 3081 urbes
1138 3016 1398 3104 gubernabantur
1421 3037 1532 3102 resque
1556 3020 1697 3082 internae
1721 3015 1771 3081 ads

590 3124 855 3189 ministrabantur
888 3124 1063 3189 secundum
1098 3123 1186 3210 leges
1221 3129 1253 3189 et
1286 3127 1435 3189 instituta
1469 3126 1587 3210 patria,
1624 3124 1773 3208 auspiciis

590 3231 721 3317 quidem
752 3233 904 3315 praetoris
936 3230 1087 3307 Aetolici,
1118 3231 1171 3294 sed
1202 3251 1220 3294 a
1250 3233 1316 3295 suis
1348 3232 1600 3317 magistratibus.
1625 3226 1773 3314 Exempli

589 3340 698 3424 gratia
717 3337 874 3421 Naupacti
893 3336 955 3401 luit
974 3335 1147 3422 collegium
1165 3335 1363 3401 Theororum
1383 3358 1456 3401 cum
1477 3337 1578 3401 scriba
1590 3342 1626 3416 ο),
1646 3336 1774 3401 Lamias

588 3448 726 3529 praetor,
747 3442 957 3528 hipparchus,
979 3450 1041 3507 tres
1061 3443 1226 3507 archontes
1239 3442 1276 3522 ⁷),
1298 3442 1430 3527 Delphis
1450 3441 1565 3507 archon
1586 3463 1661 3506 cnm
1673 3442 1774 3507 tribus

589 3550 790 3615 senatoribus
815 3547 1028 3628 (βουλευταῖς)
1040 3553 1077 3627 ⁸).

638 3655 803 3720 Praeterea
827 3658 859 3720 in
882 3657 993 3740 quevis
1017 3655 1094 3719 urbe
1119 3661 1186 3719 erat
1210 3656 1320 3720 concio
1333 3652 1369 3734 ⁹),
1400 3656 1456 3719 ubi
1479 3655 1665 3720 creabantur
1688 3675 1774 3719 sena·
1884 3666 1888 3675 ·

591 3770 677 3827 tores
690 3759 730 3841 10)
758 3769 789 3826 et
816 3764 1023 3848 magistratus
1047 3760 1273 3845 municipales,
1299 3762 1353 3825 ubi
1377 3759 1598 3847 disputabatur
1620 3760 1658 3826 de
1681 3761 1774 3824 rebus

589 3868 722 3933 'Phermi
735 3870 811 3933 etin
824 3868 966 3933 conciliis
979 3868 1235 3933 extraordinariis
1246 3866 1417 3931 tractandis
1426 3864 1475 3946 ¹¹).
1487 3866 1630 3954 Singulis
1643 3867 1775 3932 urbibus

589 3996 687 4040 suum
708 3980 774 4039 erat
793 3977 951 4038 aerarium
967 3974 1019 4053 ¹²);
1041 3976 1184 4060 impense
1196 3976 1227 4037 in
1241 3994 1399 4058 quemque
1412 3995 1531 4039 annum
1544 3976 1773 4050 statuebantur,

595 4128 789 4137 ———-m—-—

627 4221 654 4363 d}
671 4218 910 4352 111111111111ῃ41)1.112711
929 4298 970 4346 καὶ
986 4296 1091 4361 ’ἔχοντες
1108 4295 1308 4359 exossavimus
1326 4299 1465 4358 βουλευτὴν
1482 4297 1525 4346 ἵνα
1541 4299 1579 4359 (de
1595 4297 1751 4359 Forensibus).

626 4385 654 4446 8)
673 4380 733 4431 lbid.
748 4398 781 4430 rs.
792 4381 837 4431 202
853 4380 895 4429 aul
909 4377 1048 4443 ἐμφερόπω
1063 4381 1098 4428 τὰ
1114 4376 1138 4428 ἐν
1148 4381 1206 4438 τοὺς
1215 4380 1344 4438 Atrebate
1354 4380 1490 4442 γιγνόμενα
1499 4380 1566 4428 κατὰ
1575 4380 1618 4427 τὸν
1628 4378 1774 4439 decacorde.

590 4466 684 4516 helien.
704 4466 765 4530 apud
782 4464 849 4514 Suid.
865 4480 887 4513 v.
905 4461 1046 4519 ἀνήνασθαι.

624 4550 653 4612 4)
671 4547 706 4596 Cf.
725 4546 808 4612 Polyb.
828 4548 846 4593 V
866 4549 881 4595 3
899 4548 933 4608 §l
954 4547 982 4595 de
1000 4546 1076 4595 Elide.
1288 4548 1315 4610 5)
1334 4545 1422 4595 Duboia
1439 4563 1462 4612 p.
1480 4548 1537 4596 211.

626 4632 654 4692 ὃ)
671 4628 778 4679 Dittenb.
797 4629 854 4681 247.
866 4631 904 4678 10.
1281 4628 1309 4688 7)
1326 4628 1400 4677 Isebas
1418 4628 1493 4678 Inscr.
1510 4629 1591 4678 Thess.
1611 4629 1683 4688 1143,
1703 4627 1767 4679 1179
1872 4642 1876 4650 ’

627 4714 654 4776 8)
673 4712 779 4762 Dittcnb.
796 4712 853 4760 268.
1020 4712 1046 4771 9)
1065 4709 1169 4759 Dittcnb.
1189 4710 1245 4758 806,
1413 4708 1455 4773 10)
1475 4709 1703 4760 bittsnb.4ts.17.

627 4796 671 4859 ll)
694 4793 777 4858 Polyb.
799 4794 843 4843 1111
868 4793 899 4841 10
921 4794 987 4853 §152
1012 4790 1161 4849 διαδοθείσης
1184 4790 1211 4839 δὲ
1235 4793 1280 4847 τῆς
1303 4789 1387 4852 Φήμης
1482 4791 1560 4848 οὕτως
1578 4788 1724 4851 &cingentia
1748 4790 1778 4839 τὸ

592 4876 685 4932 πλῆθος
703 4876 765 4924 ὅστ’
782 4873 834 4924 ota’
853 4874 967 4924 ἀπαντᾶν
985 4872 1064 4932 ateste
1081 4872 1222 4937 ἐπεβάλετο
1240 4874 1300 4935 πρὸς
1317 4875 1346 4922 τὸ
1364 4871 1511 4935 &audabatas

627 4960 672 5025 ra)
690 4958 794 5008 bittenb,
814 4958 870 5008 aas.
1385 4966 1389 4972 ·

1611 5055 1642 5105 27
