5125 6150
727 1376 730 1383 ⁵
865 1404 1290 1496 ossuuvtulottus
1318 1407 1562 1497 burricus

1193 1601 1236 1647 AD

822 1751 1059 1843 DIONYSII
1089 1753 1610 1848 Httlotubtssuusls

969 1925 1249 1987 ANTIQUITATus
1267 1928 1463 1986 ROMANAS.

1151 2124 1274 2165 semesis

1082 2289 1114 2355 s.
1138 2293 1175 2355 A.
1200 2290 1351 2357 Nesso.
1416 2246 1420 2257 ’

853 2442 1088 2521 (Οοιιίὶιιιοοιιλιι
1118 2465 1134 2505 e
1161 2442 1226 2507 Vol.
1255 2444 1366 2508 XXIX
1383 2467 1458 2527 pop.
1490 2443 1578 2527 340).

1133 2731 1289 2774 -0-0-0-

674 2971 716 3037 lv
739 2972 782 3038 24
806 2995 835 3058 p.
861 2971 943 3038 698:
973 2973 1128 3050 ἒτίςαμαί
1150 2998 1236 3046 τινας
1259 2970 1360 3038 ἅπασι
1383 2981 1445 3046 τοῖς
1469 2972 1582 3046 δούλοις
1605 2999 1801 3058 συγκεχωρη-

628 3080 720 3151 κότας
744 3074 820 3144 εἶναι
845 3081 1005 3158 ἐλευθέροις
1028 3083 1111 3156 μετὰ
1135 3081 1193 3151 τὰς
1218 3082 1331 3145 ἑαυτῶν
1353 3079 1520 3160 τελευτάς,
1545 3080 1594 3145 ἵνα
1617 3083 1724 3162 κλητοὶ
1748 3107 1803 3147 ιια-

628 3194 739 3250 λῶνται
772 3187 909 3265 νεκροί.
941 3186 1103 3251 Ultimum
1134 3186 1325 3252 voosbulum
1356 3187 1603 3274 expungendum
1633 3194 1696 3264 sst;
1728 3188 1802 3253 Plu·

627 3293 757 3358 tarchus
788 3293 870 3358 dicet
898 3292 1011 3359 Morsl.
1043 3316 1073 3379 p.
1106 3292 1210 3359 292ss
1241 3296 1297 3378 qui
1327 3292 1494 3378 aliquando
1524 3293 1607 3379 apud
1630 3292 1801 3379 Spartanos

627 3399 737 3478 κλειτοί
767 3400 843 3463 dicti
874 3402 953 3478 sint;
985 3402 1092 3485 potuit
1120 3400 1179 3466 hoo
1208 3399 1382 3485 Dionysius
1411 3420 1449 3464 ex
1480 3398 1652 3465 Aristotele
1682 3408 1799 3486 petere.

628 3504 670 3569 ut
692 3508 816 3589 quoties
837 3508 870 3569 in
892 3507 1150 3591 inscriptionibus
1174 3504 1403 3592 sepulomlibus
1424 3503 1544 3592 legitur
1566 3506 1662 3587 χρντέ
1685 3508 1801 3587 χαῖρεί

673 3724 714 3789 IV
738 3725 780 3791 26
810 3747 840 3810 p.
867 3724 941 3791 705.
973 3725 1103 3791 Servius
1133 3725 1258 3791 'Pullius
1288 3725 1382 3791 feries
1404 3728 1438 3790 in
1462 3726 1618 3792 Aventino
1640 3727 1799 3805 instituit,

626 3834 739 3919 quibus
770 3832 797 3896 εἴ
826 3855 853 3898 τι
887 3833 1004 3911 γένοιτο
1033 3835 1245 3915 πρόσκρουσμα
1270 3835 1382 3906 αὐταῖς
1407 3835 1479 3911 πρὸς
1502 3833 1646 3908 ἀλλήλας
1670 3833 1800 3914 (Romus

626 3947 658 4004 et
692 3939 877 4004 Latinorum
913 3940 1069 4019 urbibus),
1104 3940 1146 4004 εἰι
1176 3946 1233 4004 τῶν
1263 3940 1344 4020 lepris
1375 3942 1463 4003 τοῦτο
1491 3937 1703 4016 διαλύσονται,
1728 3944 1800 4010 ταῖς

627 4042 742 4117 ἄλλαις
774 4045 898 4109 πόλεσιν
928 4047 1133 4125 ἐπιτρέψασαι
1164 4046 1206 4109 τοὶ
1237 4046 1426 4123 ε’γιιλιὶματα
1451 4044 1623 4120 διαγνῶναι.
1647 4043 1730 4123 Quid
1752 4049 1801 4108 est

626 4151 686 4216 hoo
709 4152 741 4215 lx
765 4155 823 4216 τῶν
846 4150 948 4230 tepor?
973 4152 1112 4219 Haerent
1134 4154 1340 4237 interpretes:
1364 4149 1544 4217 Sehsllerus
1568 4152 1601 4215 ix
1624 4155 1681 4214 τῶν
1701 4154 1801 4215 κοινῶν

626 4278 739 4322 verum
767 4279 834 4323 osse
864 4260 1051 4344 suspicatur,
1083 4258 1225 4324 Isoobius
1257 4258 1291 4322 1ο
1319 4264 1377 4322 τῶν
1407 4256 1476 4322 ἴσον
1506 4255 1559 4321 vel
1585 4254 1689 4322 similo
1713 4255 1800 4342 quid.

625 4363 732 4430 Multo
756 4367 873 4429 rectius
896 4351 1088 4451 corrigetur:
1113 4366 1220 4431 sard
1243 4367 1301 4429 τῶν
1320 4366 1411 4445 ἱερῶν,
1431 4384 1467 4428 so
1487 4384 1580 4427 sensu
1599 4385 1660 4449 quo
1679 4362 1801 4449 legitur

623 4472 657 4534 in
688 4469 903 4556 Demopheuti
931 4470 1002 4558 lege
1032 4471 1116 4557 spud
1144 4471 1338 4537 Andocidem
1361 4470 1399 4536 de
1423 4469 1557 4555 Mystsr.
1582 4468 1671 4554 §98:
1696 4472 1799 4534 ταῦτα

624 4575 655 4641 δὲ
675 4576 849 4653 δμοσοέντοιν
868 4579 1019 4652 Ἀθηναῖοι
1039 4579 1154 4649 πάντες
1174 4581 1241 4643 καθ’
1262 4579 1343 4656 tepeo
1361 4576 1483 4642 setrius
1503 4574 1553 4638 τὸν
1572 4574 1696 4652 νόμιμον
1708 4571 1800 4656 ὅρκοι.

624 4682 742 4749 Itidem
771 4685 869 4749 Arist.
893 4684 971 4749 Rau.
1000 4685 1071 4763 101,
1095 4685 1238 4772 Thucyd.
1263 4682 1367 4760 V47‚
1392 4681 1555 4747 Demosth.
1579 4703 1609 4767 p
1636 4677 1799 4748 136517.

624 4789 764 4869 Quiust
786 4791 871 4876 apud
894 4790 1118 4878 Dionysium
1109 4812 1216 4876 rpsum
1238 4790 1281 4855 IV
1307 4789 1403 4873 sep.
1429 4786 1503 4864 782,
1524 4786 1566 4852 VI
1587 4786 1680 4875 etp.
1702 4785 1800 4865 1234,

625 4894 667 4959 VI
689 4895 731 4959 95
751 4919 781 4982 p
805 4896 901 4974 1262,
921 4897 1006 4962 alibi.
1028 4895 1154 4962 Videt
1122 4901 1154 4961 et
1154 4898 1219 4962 iem
1234 4896 1459 4961 Lesuwemum
1471 4894 1510 4959 ed
1522 4895 1620 4961 Arist
1632 4894 1710 4980 qu.
1724 4892 1800 4959 660.

1633 5016 1664 5064 ιο
