5125 6150
688 750 730 818 26
1036 769 1077 816 na
1100 767 1308 817 nuanuuorrs
1331 767 1516 816 1111111111.

687 938 752 999 sint
782 934 913 1021 prolata.
945 934 1031 999 Inter
1061 955 1156 1019 quos,
1180 937 1236 1019 qui
1259 937 1449 1020 primarium
1471 932 1578 999 locum
1600 940 1741 1020 occupat,
1764 934 1805 999 Κ.
1831 933 1869 1000 0.

686 1040 825 1106 Mueller
847 1043 893 1106 sic
912 1043 1119 1105 ratiocinatur
1137 1037 1264 1118 (Gesch.
1285 1038 1413 1105 Hellen.
1433 1037 1577 1105 Sttmme
1595 1060 1628 1104 u.
1648 1038 1695 1105 St.
1715 1040 1730 1106 I
1749 1061 1781 1127 p.
1796 1039 1868 1122 98):

688 1149 932 1233 ,antiquissimo
964 1153 1105 1233 tempore
1136 1145 1259 1211 colonia
1289 1145 1477 1232 Minyarum
1507 1144 1703 1213 Orchomeno
1731 1147 1872 1233 profecta

683 1256 717 1319 in
741 1252 910 1341 Triphylia
932 1252 1075 1318 consedit
1097 1253 1205 1337 ibique
1229 1258 1352 1337 septem
1374 1252 1470 1316 urbes
1494 1255 1660 1337 occupavit
1683 1250 1771 1319 Eleis
1794 1255 1871 1319 rioi-

685 1381 741 1425 nas
773 1381 829 1425 nec
860 1358 999 1423 dubitari
1023 1364 1126 1444 potest
1150 1361 1227 1442 quin
1251 1358 1291 1423 ab
1314 1359 1400 1423 hisce
1423 1355 1545 1422 colonis
1567 1359 1699 1423 historia
1723 1358 1761 1424 de
1784 1360 1871 1425 furto

684 1486 702 1531 a
726 1465 907 1550 Trophonio
931 1471 962 1529 et
986 1464 1148 1551 Agamede
1172 1468 1205 1528 in
1230 1464 1377 1548 Hyrieum
1400 1466 1569 1528 commisso
1594 1463 1745 1529 translata
1767 1467 1810 1529 sit
1837 1468 1870 1529 in

686 1572 789 1635 Elidis
811 1593 904 1650 recem
928 1571 1064 1651 Aryium.
1097 1570 1183 1650 Quae
1206 1569 1328 1635 colonia
1351 1590 1425 1634 cum
1449 1572 1483 1633 in
1505 1568 1673 1656 Triphylia
1696 1570 1872 1636 consederit

684 1700 748 1743 uno
781 1676 921 1742 alterove
950 1676 1074 1742 saeculo
1099 1684 1169 1762 post
1192 1679 1468 1763 immigrationem
1491 1676 1641 1753 doricam,
1665 1676 1870 1762 fabulaque

684 1804 746 1869 que
781 1791 851 1846 tunc
885 1783 1023 1865 temporis
1057 1782 1210 1863 translata
1245 1783 1343 1848 frierit
1373 1802 1498 1847 necesse
1530 1790 1595 1860 est3
1621 1782 1703 1848 unde
1726 1786 1871 1869 sequitur

684 1890 763 1954 hanc
785 1891 999 1954 narrationem
1022 1887 1152 1955 Graecis
1176 1894 1285 1953 notam
1307 1889 1406 1952 fuisse
1429 1894 1598 1972 antequam
1622 1887 1739 1953 melius
1761 1891 1803 1954 iis
1825 1892 1871 1953 in·

685 1997 827 2060 notuerit
850 1997 1053 2081 Aegyptus.''

731 2102 843 2188 Pergit
876 2123 908 2166 v.
928 2100 958 2166 d.
994 2124 1025 2186 p.
1052 2099 1134 2165 lOl:
1173 2107 1374 2177 „statuamus
1408 2103 1511 2187 igitur
1545 2099 1686 2186 lepidam
1719 2080 1871 2166 fabellam

685 2214 762 2273 tunc
796 2205 927 2272 demum
957 2209 990 2269 in
1024 2207 1212 2293 Aegyptum
1243 2227 1311 2271 esse
1342 2212 1575 2283 transvectam,
1607 2227 1680 2270 cum
1703 2209 1792 2293 regio
1814 2205 1873 2272 illa

686 2314 745 2379 sub
780 2313 909 2399 regibus
944 2310 1071 2376 Saiticis
1105 2315 1227 2398 graems
1260 2312 1403 2376 moribus
1436 2313 1649 2389 imbueretur;
1688 2332 1763 2376 cum
1793 2333 1871 2377 vero

686 2418 783 2485 semel
814 2421 848 2482 in
880 2416 1007 2482 annales
1038 2420 1143 2503 regios
1174 2421 1363 2505 irrepsisset,
1394 2439 1461 2483 esse
1484 2417 1709 2504 pervulgatam
1732 2438 1751 2482 a
1773 2438 1872 2482 sacer

686 2526 813 2592 dotibus
843 2524 1132 2609 interpretibusque
1156 2529 1211 2608 qui
1235 2546 1341 2590 coram
1364 2527 1539 2611 peregrinis
1562 2525 1704 2611 Aegypti
1729 2522 1871 2610 gloriam

686 2630 910 2717 quoquomodo
937 2650 1055 2716 augere
1079 2631 1262 2715 cuperent.'’
1287 2629 1408 2696 Deinde
1431 2653 1463 2715 p.
1486 2629 1566 2695 103:
1594 2630 1872 2708 „Psammetichus

688 2737 777 2801 lones
796 2734 1018 2821 stipendiarios
1036 2738 1069 2799 in
1089 2738 1238 2800 intimam
1258 2744 1381 2821 partem
1401 2739 1529 2822 imperii
1548 2736 1658 2814 duxit,
1680 2739 1735 2821 qui
1755 2757 1871 2821 pueros

687 2843 855 2929 aegyptios
876 2841 1023 2928 linguam
1045 2862 1192 2928 graecam
1216 2842 1380 2920 docerent;
1408 2865 1447 2908 ex
1470 2845 1520 2907 his
1543 2845 1650 2930 pueris
1668 2863 1770 2929 genus
1787 2841 1873 2907 illud

685 2951 899 3032 interpretum
934 2954 981 3012 est
1016 2953 1122 3012 ortum
1154 2969 1172 3012 a
1202 2948 1318 3034 quibus
1347 2951 1508 3034 peregrini
1539 2949 1670 3034 mythos
1701 2950 1872 3034 aegyptios

687 3060 883 3140 acceperunt.
908 3053 1060 3120 Ducentis
1085 3056 1174 3120 annis
1199 3060 1272 3141 post
1295 3053 1477 3122 Herodotus
1499 3057 1588 3121 venit
1612 3057 1644 3120 in
1665 3057 1870 3142 Aegyptum

688 3161 765 3247 quid
789 3162 910 3225 mirum
933 3163 961 3225 si
983 3160 1114 3226 fabellae
1133 3182 1281 3248 graecae,
1301 3183 1379 3247 quas
1398 3161 1520 3227 milites
1539 3161 1589 3227 illi
1608 3161 1780 3248 discipulos
1798 3183 1874 3227 suos

687 3266 885 3345 docuissent,
906 3272 981 3332 tunc
993 3269 1122 3351 penitus
1132 3269 1166 3331 in
1179 3268 1414 3355 Aegyptiorum
1428 3273 1550 3333 mentes
1562 3273 1763 3353 penetrarant
1774 3274 1871 3353 atque

687 3392 705 3437 a
718 3372 931 3437 sacerdotibus
942 3372 1023 3437 bonu
1035 3371 1195 3438 Herodoto
1207 3395 1264 3458 pro
1275 3376 1373 3438 meris
1385 3376 1591 3460 Aegyptiacis
1604 3378 1678 3437 sunt
1689 3371 1872 3438 renditae.''

733 3476 885 3542 Muelleri
918 3481 1041 3563 opinio,
1077 3499 1173 3563 quam
1208 3479 1264 3543 alii
1296 3501 1327 3543 1.
1352 3479 1381 3544 d.
1399 3477 1422 3559 ¹)
1453 3501 1510 3564 pro
1541 3482 1661 3544 maiore
1684 3484 1773 3564 perte
1797 3484 1873 3544 sunt

688 3581 846 3668 amplexi,
877 3604 950 3647 cum
982 3584 1021 3648 ob
1052 3587 1160 3669 ipsum
1191 3591 1354 3650 auctorem
1387 3592 1458 3650 tum
1481 3586 1519 3650 ob
1542 3592 1748 3671 argumenta,
1772 3584 1873 3671 digna

689 3696 737 3754 est
755 3709 835 3774 quae
855 3692 1033 3755 accuratius
1052 3689 1275 3775 perpendatur.
1296 3690 1484 3776 Minyarum
1503 3690 1658 3756 coloniam
1673 3690 1872 3758 Orchomeno

688 3794 861 3880 profectam
879 3797 913 3859 in
932 3793 1099 3882 Triphylia
1118 3795 1294 3862 consedisse
1315 3796 1405 3862 docet
1424 3795 1478 3861 rel
1495 3817 1612 3862 nomen
1632 3797 1724 3862 fluvii
1743 3797 1872 3884 Minyei

688 3907 731 3980 (A
746 3897 836 3980 722),
860 3899 943 3985 quod
966 3900 1077 3966 Strabo
1098 3901 1195 3979 (VIII,
1217 3900 1295 3982 347)
1323 3903 1528 3987 probabiliter
1552 3903 1724 3968 admodum
1743 3902 1872 3968 deducit

687 4027 707 4072 a
735 4006 876 4091 Minyis,
907 4009 963 4091 qui
994 4027 1032 4071 ex
1063 4006 1259 4073 Orchomeno
1288 4008 1433 4095 Minyeio
1456 4029 1531 4073 oum
1553 4006 1703 4075 Chloride
1726 4009 1870 4074 Nestoris

687 4120 790 4178 matre
823 4115 856 4177 in
891 4111 1145 4197 Peloponnesum
1177 4116 1416 4200 immigrarunt.
1451 4114 1595 4179 Nestoris
1626 4136 1701 4180 vero
1731 4118 1870 4199 patriam

687 4218 784 4284 fuisse
819 4218 940 4304 Pylum
976 4218 1158 4302 Triphylice,
1192 4240 1286 4284 nemo
1318 4221 1448 4307 negabit
1479 4223 1591 4306 quiin
1614 4218 1764 4285 Muelleri
1786 4220 1871 4287 libro

689 4329 732 4407 (p.
766 4324 843 4404 364)
873 4325 1121 4411 disputationem
1154 4324 1192 4389 de
1222 4325 1306 4391 bello
1338 4348 1412 4391 cum
1442 4326 1537 4412 Epeis
1559 4348 1576 4390 e
1597 4325 1679 4391 libro
1704 4326 1871 4394 undecimo

670 4426 797 4510 ,iliadis
827 4438 900 4496 noto
932 4432 1113 4519 perlegerit.
1146 4431 1240 4511 Quis,
1271 4438 1309 4497 ut
1341 4455 1441 4497 unum
1472 4439 1701 4519 argumentum
1723 4432 1870 4511 afferam,

690 4534 796 4598 credat
825 4555 937 4618 pecus,
969 4538 1052 4623 quod
1074 4540 1108 4601 in
1132 4536 1223 4603 Illide
1246 4545 1415 4625 coegerant
1437 4538 1541 4626 Pylii,
1565 4562 1626 4602 ccc
1649 4545 1740 4604 nocte
1762 4542 1795 4604 in
1820 4561 1872 4604 ur·

690 4640 762 4704 bem
785 4639 1012 4708 Messeniacam
1037 4646 1092 4730 agi
1114 4646 1256 4730 potuisse
1279 4646 1330 4724 (of.
1354 4656 1383 4711 A
1397 4643 1461 4710 683
1474 4642 1555 4731 sq.)i

725 4808 751 4869 l)
775 4806 803 4855 V.
821 4808 960 4857 Gutsohmid
985 4808 1073 4858 Philol.
1097 4809 1117 4857 x
1141 4826 1164 4875 p.
1184 4810 1245 4868 6⁶43
1265 4811 1387 4860 Dimmler
1405 4813 1467 4859 Ana.
1485 4811 1506 4859 d.
1525 4810 1606 4860 Instit.
1625 4812 1689 4862 1881
1705 4828 1728 4876 p.
1747 4812 1866 4877 180sqq.;

688 4889 831 4939 Studnicaka
848 4891 942 4953 Kyrene
962 4906 985 4957 p.
1003 4891 1031 4949 b,
1050 4892 1167 4941 Sroronos
1184 4891 1239 4940 uu.
1256 4893 1328 4944 Arch.
1347 4894 1412 4944 188⁸
1429 4892 1485 4944 XIV
1504 4909 1525 4960 p.
1544 4892 1592 4943 ast
1601 4908 1652 4959 sqq.
