5125 6150
1098 783 1278 832 1101111101.
1715 765 1778 831 115

632 948 723 1025 Iam,
755 951 783 1012 11
808 948 885 1034 quid
909 947 1020 1025 video,
1045 947 1260 1013 demonstravi
1283 949 1472 1036 particulam
1496 951 1573 1013 enim
1597 949 1781 1015 florentibus

589 1055 709 1119 litteris
734 1054 857 1119 Latinis
879 1060 1032 1141 perpetuo
1054 1054 1203 1120 habuisse
1226 1055 1491 1141 significationem
1512 1055 1684 1134 causalem,
1704 1078 1783 1120 nun·

590 1183 689 1247 quam
726 1160 935 1226 affirmantem
969 1167 1001 1225 et
1031 1166 1276 1226 asseverantem.
1312 1161 1401 1241 Quod
1431 1184 1505 1227 cum
1539 1168 1677 1239 constet,
1714 1166 1781 1228 iam

588 1269 758 1331 videamus
784 1288 847 1331 101
867 1267 972 1330 etenim
991 1267 1064 1352 quid
1088 1267 1254 1353 significet.
1280 1269 1375 1353 Apud
1394 1267 1547 1333 Plautum
1568 1292 1629 1334 non
1649 1269 1780 1355 legitur,

589 1374 758 1438 Terentius
782 1376 907 1459 primus
931 1394 1002 1438 eam
1025 1376 1212 1459 usurpavit,
1235 1373 1288 1440 sed
1308 1396 1378 1440 1110
1397 1381 1430 1440 11
1448 1377 1576 1460 ubique,
1596 1379 1659 1439 nisi
1678 1375 1778 1455 fallor,

588 1479 823 1566 significatione
844 1479 981 1545 causali:
1002 1480 1123 1544 Andria
1143 1480 1219 1558 442,
1239 1479 1435 1559 1111111074,
1457 1481 1604 1547 Heauton
1617 1485 1688 1546 tim.
1702 1481 1777 1547 548.

630 1587 670 1651 In
689 1589 794 1671 primo
814 1606 906 1670 opere
925 1584 1029 1650 soluta
1050 1588 1191 1650 oratione
1210 1589 1327 1671 scripto
1351 1586 1434 1672 quod
1454 1588 1584 1672 quidem
1604 1594 1723 1665 exstet,
1743 1591 1779 1652 in

589 1691 721 1758 Catonis
740 1691 808 1757 dico
827 1691 909 1756 libro
930 1692 967 1758 de
987 1711 1022 1756 re
1041 1694 1173 1769 rustica,
1194 1694 1397 1778 nequeenim,
1417 1716 1519 1779 neque
1534 1696 1639 1758 etenim
1652 1697 1777 1772 inveni,

587 1820 786 1885 quamquam
809 1797 966 1884 particula
989 1821 1058 1861 nam
1080 1801 1115 1862 in
1138 1798 1250 1864 eodem
1274 1798 1439 1864 duodecies
1461 1799 1592 1886 legitur.

631 1906 746 1990 Neque
777 1903 861 1989 apud
891 1903 1056 1970 Lucilium
1086 1905 1192 1968 etenim
1219 1908 1388 1990 reperitur.
1419 1907 1502 1971 Nam
1533 1906 1601 1971 1000
1632 1906 1681 1971 illi
1703 1907 1778 1972 libri

587 2015 745 2077 tricesimi
767 2018 827 2091 (vs.
850 2009 914 2076 937
939 2011 1070 2076 Lachm.
1090 2012 1128 2076 fr.
1150 2009 1213 2077 745
1234 2011 1360 2093 Baehr.)
1380 2034 1442 2077 non
1463 2013 1594 2079 debebat
1614 2014 1777 2091 Muretus,

587 2140 685 2203 quem
717 2117 847 2182 Lacbm.
879 2116 1778 2199 1111.Μ11111111(1111111011Νο1111512,28)11-
1906 2174 1910 2181 .

584 2233 742 2309 quantur,
779 2226 958 2289 coniectura
989 2224 1096 2287 etenim
1119 2224 1243 2288 inferre.
1275 2223 1372 2289 Recte
1396 2224 1505 2289 Madv.
1531 2232 1561 2289 11
1586 2225 1698 2290 Baehr.
1721 2224 1778 2289 seit

585 2333 658 2394 dene
682 2330 760 2393 enim
782 2329 907 2416 legunt.

631 2436 704 2501 Hoc
737 2439 849 2522 igitur,
886 2439 914 2500 si
947 2435 1023 2522 quid
1059 2435 1162 2512 video,
1194 2445 1317 2502 constat
1348 2437 1538 2522 particulam
1569 2437 1675 2501 etenim
1698 2444 1774 2504 tunc

583 2543 719 2608 demum
751 2550 854 2607 ortam
885 2540 937 2606 vel
969 2547 1054 2607 certe
1085 2563 1146 2606 usu
1177 2548 1337 2626 receptam
1368 2564 1451 2620 esse,
1477 2565 1550 2608 cnm
1574 2544 1775 2609 asseverandi

584 2653 638 2713 vis
657 2646 847 2734 particulae,
868 2668 948 2731 quae
969 2654 1017 2712 est
1036 2650 1122 2725 enim,
1142 2647 1334 2713 obsolescere
1347 2652 1519 2734 coepitaut
1531 2653 1595 2714 iam
1609 2650 1774 2715 obsolevit.

584 2756 692 2836 Quam
723 2757 763 2819 ob
794 2775 921 2819 causam
952 2756 1078 2840 probari
1106 2777 1169 2821 non
1192 2776 1283 2840 posse
1306 2759 1455 2822 existimo
1478 2757 1512 2821 id
1535 2758 1617 2843 quod
1641 2757 1774 2824 Kiihner

585 2871 618 2928 et
650 2860 849 2926 Schoemann
880 2861 918 2925 ad
949 2882 1044 2925 usum
1076 2861 1251 2948 particulae
1283 2865 1398 2940 etenim,
1429 2865 1467 2928 de
1492 2886 1554 2949 quo
1577 2886 1672 2949 supra
1696 2864 1772 2941 dixi,

583 2967 814 3054 explicandum
845 2967 1033 3033 attulerunt.
1066 2968 1187 3034 Putant
1218 2975 1328 3034 autem
1359 2971 1435 3033 enim
1465 2975 1498 3035 in
1529 2971 1586 3035 hac
1617 2970 1774 3056 particula

582 3079 765 3163 composita
788 3076 903 3139 habere
928 3078 994 3139 vim
1017 3073 1203 3140 affirmandi.

631 3183 658 3248 E
691 3184 847 3246 contrario
878 3181 960 3244 mihi
990 3181 1121 3266 quidem
1151 3182 1279 3247 videtur
1303 3185 1509 3249 statuendum
1532 3206 1599 3249 esse
1622 3188 1654 3249 in
1679 3188 1774 3271 parti-

583 3288 657 3355 cula
692 3290 867 3372 composita
902 3287 1007 3349 etenim
1042 3309 1104 3351 non
1134 3308 1223 3372 posse
1253 3290 1330 3352 enim
1361 3290 1629 3376 significationem
1659 3292 1773 3356 habere

584 3416 682 3480 qnam
714 3414 771 3479 per
802 3414 834 3456 se
858 3414 917 3456 non
943 3392 1074 3457 habeat:
1100 3394 1177 3456 enim
1200 3415 1263 3458 non
1287 3396 1383 3459 habet
1405 3396 1668 3482 significationem
1693 3418 1774 3462 asse·

583 3509 751 3567 verentem
773 3505 846 3584 post
870 3497 1011 3563 Terentii
1034 3506 1182 3576 aetatem,
1202 3503 1310 3585 itaque
1331 3522 1432 3586 neque
1453 3502 1569 3579 etenim,
1590 3506 1674 3587 quod
1694 3512 1770 3569 tunc

585 3604 716 3671 demum
737 3607 850 3681 oritur,
874 3610 980 3690 potest
1002 3604 1180 3691 significare
1204 3613 1232 3668 et
1253 3628 1330 3683 oeno,
1350 3614 1379 3669 et
1391 3609 1543 3692 prinsecto.
1569 3608 1658 3688 Quod
1679 3614 1705 3675 si
1725 3614 1771 3675 ita

585 3718 651 3788 est,
682 3713 782 3774 miror
813 3730 922 3775 omnes
951 3709 1024 3775 illos
1054 3713 1140 3775 11101
1165 3710 1272 3775 doctos
1297 3714 1352 3795 qui
1376 3712 1414 3777 de
1437 3714 1543 3776 etenim
1565 3717 1769 3799 scripserunt,

584 3839 647 3882 non
679 3817 882 3900 inquisivisse
912 3818 945 3879 in
971 3815 1162 3902 particulam
1186 3816 1261 3879 enim
1285 3824 1407 3883 essetne
1430 3818 1541 3884 eodem
1565 3819 1657 3885 modo
1682 3841 1773 3884 usur-

584 3931 676 4009 pata,
705 3925 752 3986 ita
776 3920 896 3985 scilicet
919 3928 956 3985 ut
979 3943 1042 3987 non
1064 3922 1227 3986 referenda
1251 3929 1333 3988 esset
1357 3924 1396 3989 ad
1419 3928 1603 4010 proximum
1627 3928 1772 4012 superius

584 4034 827 4113 argumentum.

628 4134 714 4199 Nam
737 4131 976 4198 Soboemannus
998 4132 1053 4198 ille
1077 4133 1206 4217 quidem
1230 4132 1277 4198 l.l.
1303 4136 1447 4219 scripsit:
1471 4137 1533 4213 „So
1553 4137 1687 4202 braucht
1707 4134 1771 4216 (lic.

583 4241 692 4305 etenim
724 4239 789 4303 und
814 4239 890 4301 enim
914 4237 1033 4324 haufig.
1059 4237 1131 4324 Vgl.
1155 4238 1292 4326 Madvig
1314 4262 1353 4304 zu
1377 4241 1414 4306 de
1438 4242 1528 4306 Finn.
1555 4244 1570 4305 l
1597 4246 1624 4308 1.
1640 4243 1693 4317 3”‚
1719 4241 1773 4305 sed

583 4367 686 4431 neque
709 4348 778 4430 ipse
801 4342 909 4409 ullum
932 4344 1043 4409 attulit
1067 4344 1261 4430 exemplum,
1286 4367 1348 4431 quo
1371 4348 1451 4411 hanc
1475 4351 1657 4432 opinionem
1678 4348 1774 4412 stabi·

581 4454 669 4527 liret,
704 4470 806 4534 neque
838 4449 1026 4536 Madvigius
1058 4450 1233 4535 quidquam
1263 4450 1302 4516 de
1333 4454 1410 4515 enim
1440 4453 1571 4517 addidit.
1605 4452 1707 4533 Quam
1731 4456 1771 4519 ob

580 4578 712 4625 causam
745 4576 804 4642 ego
834 4577 950 4642 paucos
981 4556 1108 4621 afferam
1131 4556 1227 4633 locos,
1253 4558 1369 4641 quibus
1394 4568 1543 4643 appareat
1567 4560 1660 4635 enim,
1687 4560 1771 4644 quod

581 4668 622 4732 ed
655 4664 737 4729 banc
763 4683 851 4739 rem,
883 4665 938 4727 111
969 4663 1092 4728 differre
1122 4664 1160 4728 ab
1189 4663 1306 4727 etenim.
1330 4661 1599 4730 Considerandum
1626 4687 1699 4731 vero
1723 4673 1771 4731 est

580 4772 659 4835 enim
690 4772 847 4834 minorem
872 4772 940 4834 vim
965 4769 1079 4834 habere
1104 4790 1199 4855 quam
1225 4771 1331 4833 etenim
1356 4770 1490 4855 ideoque
1514 4772 1593 4837 banc
1616 4774 1682 4837 vim
1707 4793 1772 4836 non
1806 4839 1808 4843 .

585 4890 654 4942 tam
677 4876 773 4961 longe
798 4883 914 4962 patere.
940 4873 1051 4944 Cicero
1074 4875 1112 4940 de
1136 4884 1200 4940 nat.
1221 4877 1250 4942 d.
1272 4876 1303 4939 Il
1326 4879 1342 4960 §
1364 4877 1404 4940 31
1428 4887 1460 4941 11
1481 4877 1542 4941 32:
1569 4878 1775 4954 „Absurdum
